2500 3925
305 261 313 276 ‚
346 202 433 259 ιιΒ.
465 201 514 258 v1.
547 202 646 260 σου.
680 207 854 296 ιιι-ιιι.
1044 205 1105 270 117

95 362 151 428 καί
170 357 344 449 Ἀγαρίστη
368 359 469 449 ἄλλη,
500 359 565 431 άπὸ
590 369 648 449 τῆς
667 365 890 442 Κλεισθένεος
913 361 1103 454 Ἀγαρίστης

95 465 217 546 έχουσα
240 457 278 528 τό
301 458 448 547 οῦυομα,
479 458 502 547 ἣ
529 459 758 546 συνοικήσασά
781 486 816 528 τε
843 465 1030 554 ,Ξανθίππφ
1057 469 1102 553 τῷ

91 558 289 647 Ἀρίφρονος
302 562 358 629 καὶ
372 565 493 647 ἔγκυος
506 563 609 630 ἐοῦσα
620 558 687 630 εἶδε
700 557 781 642 ὄψιν
796 564 833 629 έν
843 569 888 653 τῷ
903 561 1011 656 ῦπνφ,
1027 564 1103 632 ἐδό-

93 683 150 725 κεε
166 658 202 725 δὲ
216 660 336 726 λέοντα
348 673 474 728 τεκεῖν·
496 663 552 729 καὶ
569 657 640 748 μετ’
659 657 772 746 ὀλίγας
784 658 908 749 ἡμέρας
921 670 1022 732 τίκτει
1033 671 1102 732 Πε-

95 762 211 846 ρικλέα
226 764 423 850 Ξανθίππῳ.
1119 773 1123 780 “

181 864 313 924 ΜΕΤΑ
327 856 364 924 δὲ
373 853 411 925 τό
427 859 465 926 ἐν
475 864 670 945 Μαραθῶνι
684 865 798 946 τρῶμα
812 859 998 947 γενόμενον
1010 870 1103 930 Μιλ-
1121 880 1168 932 132

93 959 221 1041 τιαδης,
232 956 465 1043 καὶπρότερον
476 951 681 1042 εὐδοκιμέων
694 953 784 1044 παρὰ
797 954 1015 1050 Ἀθηναίοισι,
1027 959 1101 1027 τότε

94 1060 223 1143 μᾶλλον
234 1049 364 1140 αὔξετο.
387 1053 523 1141 αἰτήσας
537 1056 573 1122 δὲ
590 1057 668 1133 νέας
686 1055 913 1141 ἑβδομήκοντα
928 1057 984 1122 καὶ
998 1076 1100 1143 στρο·

92 1153 168 1240 τιήυ
181 1179 217 1221 τε
231 1157 287 1221 καλ
301 1153 451 1240 χρήματα
462 1150 679 1240 Ἀθηναίους,
695 1151 736 1221 οῦ
752 1151 883 1241 φράσας
894 1172 971 1241 σφι,
988 1151 1039 1222 ἐπ’
1057 1152 1100 1241 ἣν

92 1252 383 1338 ἐπιστρατεύσεται
393 1251 516 1340 χώρην,
528 1249 611 1322 άλλά
622 1251 690 1340 φάς
701 1251 824 1334 αῦτοῦς
835 1263 1099 1341 καταπλουτιεῖν,

93 1349 137 1439 ἦν
151 1355 185 1418 ολ
204 1351 361 1426 ἕπωνται·
387 1353 438 1419 ἐπὶ
458 1348 523 1439 γὰρ
539 1351 654 1439 χάρην
674 1353 833 1440 τοιαύτην
850 1353 892 1441 δή
906 1380 981 1422 τινα
996 1352 1099 1440 ἄξειν,

93 1447 178 1518 ὅθεν
193 1445 322 1535 χρυσόν
337 1444 499 1528 εὐπετέως
511 1447 670 1536 ἄφθονον
683 1459 842 1520 οἴσονται·
867 1456 975 1539 λέγων
985 1459 1100 1520 τοιαῦ-

95 1575 132 1618 τα
149 1556 237 1616 αίτεε
256 1545 316 1626 τὰς
332 1550 419 1626 νέας.
462 1546 635 1637 Ἀθηναῖοι
656 1550 692 1618 δέ
712 1549 860 1619 τοῦτοισι
880 1552 1101 1637 ἐπαερθέντες

93 1650 294 1734 παρέδοσαν.
336 1644 550 1734 Παραλαβὼν
570 1649 607 1716 δὲ
629 1645 646 1715 ὁ
662 1647 851 1734 Μιλτιάδης
866 1643 927 1734 την
942 1643 1100 1733 στρατιὴν
1118 1660 1167 1715 1³3

92 1751 198 1815 έπλωε
209 1747 263 1812 ἐπὶ
272 1744 402 1833 Πάρον,
415 1746 589 1834 πρόφασιν
599 1751 696 1832 ἔχων,
709 1742 753 1824 ὡς
767 1750 801 1812 οί
809 1744 932 1831 Πάριοι
946 1742 1099 1832 ὑπῆρξαν

90 1850 248 1937 πρότεροι
269 1848 526 1935 στρατευόμενοι
546 1847 676 1936 τριήρει
697 1849 730 1926 ές
743 1853 947 1933 Μαραθῶνα
965 1845 1032 1932 ἅμα
1052 1853 1099 1938 τῷ

91 1950 213 2037 Πέρση.
236 1953 334 2016 τοῦτο
346 1946 409 2034 μὲν
423 1944 464 2034 δὴ
475 1947 651 2036 πρόσχημα
667 1945 772 2033 λόγου
785 1937 839 2031 ἦν,
854 1941 937 2034 άτάρ
953 1972 1029 2014 τινα
1044 1945 1098 2013 καί

91 2053 229 2132 ἔγκοτον
244 2044 308 2132 εἶχε
322 2060 408 2114 τοῖσι
421 2052 578 2133 Παρίοισι
598 2044 654 2114 διά
669 2045 873 2132 Λυσαγόρην
887 2042 947 2112 τὸν
965 2049 1094 2128 Τισίεω,

90 2146 188 2214 ἐόντα
204 2148 301 2231 γένος
310 2143 459 2233 Πάριον,
476 2146 678 2234 διαβαλόντα
693 2170 752 2231 μιν
766 2141 851 2232 πρὸς
858 2141 1019 2232 Ὑδάρνεα
1034 2139 1095 2209 τόν

89 2249 234 2333 Πέρσην.
262 2242 465 2332 ἀπικόμενος
485 2245 522 2313 δὲ
542 2248 576 2324 ές
594 2243 657 2332 τὴν
678 2250 784 2313 έπλωε
807 2239 825 2313 ὁ
848 2243 1037 2327 Μιλτιάδης
1058 2246 1099 2327 τῇ

90 2352 226 2434 στρατιῇ
237 2345 584 2433 έπολιόρκεεΠαρίους
594 2338 954 2429 κατειλημένουςέυτὸς
964 2347 1097 2425 τείχεος,

90 2445 146 2511 καὶ
166 2446 343 2529 ἐσπέμπων
361 2443 493 2531 κήρυκα
512 2453 601 2512 αίτεε
622 2439 741 2510 ἑκατόν
760 2441 923 2524 τάλαντα,
947 2436 1030 2523 φάς,
1054 2431 1098 2521 ἢν

90 2545 136 2632 μή
147 2549 182 2612 οἱ
190 2548 284 2629 δῦσι,
295 2541 358 2611 οῦκ
368 2541 616 2629 άπαναστήσειν
626 2539 689 2629 τὴν
701 2536 869 2627 στρατιὴν,
881 2539 961 2623 πρὶν
971 2532 993 2621 ἢ
1004 2538 1097 2622 έξέλη

90 2644 202 2730 σφέας.
225 2646 260 2709 οί
272 2641 309 2709 δὲ
319 2642 455 2729 Πάριοι,
470 2640 557 2720 ὅκως
570 2643 633 2727 μέν
647 2667 679 2708 τι
694 2637 839 2708 δάσουσι
851 2635 1022 2723 Μιλτιάδη
1034 2631 1097 2719 άρ-

84 2750 227 2832 γυρίου,
245 2739 325 2810 οῦδὲ
339 2746 543 2827 διενοεῦντο,
561 2746 596 2808 οἱ
608 2739 656 2826 δὲ,
671 2737 758 2817 ὅπως
773 2733 1018 2823 διαφυλάξουσι
1033 2732 1097 2820 τὴν

89 2844 205 2929 πόλιν,
221 2849 320 2911 τοῦτο
334 2843 569 2931 έμηγανέοντο,
587 2839 672 2908 ἄλλα
692 2865 728 2907 τε
745 2836 1019 2925 ἐπιφραζόμενοι,
1041 2837 1098 2903 καλ

89 2949 127 3031 τῇ
146 2942 288 3028 μάλιστα
303 2947 380 3010 ἔσκε
399 2940 554 3010 ἑκάστοτε
575 2943 735 3027 ἐπίμαχον
755 2946 816 3006 τοῦ
836 2944 975 3024 τείχεος,
996 2944 1095 3004 τοῦτο

89 3038 156 3125 ἅμα
170 3044 266 3107 νυκτὶ
282 3043 443 3131 ἐξηείρετο
459 3040 636 3127 διπλήσιον
649 3046 711 3107 τοῦ
727 3036 875 3126 άρχαίου.
911 3035 961 3116 Ἐς
976 3038 1038 3123 μὲν
1052 3032 1093 3121 δὴ
1115 3045 1163 3100 134

89 3144 227 3206 τοσοῦτο
242 3139 422 3226 τοῦλόγου
443 3145 478 3209 οί
493 3140 617 3220 πάντες
630 3136 787 3226 Ἕλληνες
806 3140 958 3225 λέγουσι,
978 3134 1016 3205 τό
1038 3140 1094 3204 έν-

87 3240 259 3323 θεῦτενδέ
270 3236 365 3307 αὐτοὶ
374 3239 498 3327 Πάριοι
508 3242 669 3326 γενέσθαι
681 3230 746 3305 ῦδε
757 3239 907 3322 λέγουσι·
924 3234 1094 3323 Μιλτιάδη
1140 3272 1144 3280 -

87 3337 265 3427 άπορέοντι
279 3342 393 3409 έλθεῑν
404 3342 437 3420 ές
448 3343 571 3429 λόγους
582 3340 791 3429 αἰχμάλωτον
801 3352 955 3425 γυναῖκα,
971 3341 1094 3407 έοῦσαν

88 3440 148 3525 μέν
162 3445 296 3526 Παρίην
310 3442 423 3528 γένος,
442 3438 573 3527 οῦνομα
588 3444 628 3509 δι’
639 3446 674 3509 οί
686 3438 770 3509 εἶναι
788 3444 933 3525 Τιμοῦν,
956 3436 1039 3506 εἶναι
1058 3439 1095 3507 δέ
