2500 3925
160 211 223 280 112
531 213 784 273 IIERODOTI

90 391 138 448 121
241 378 345 463 Θύμα
370 373 412 442 δι’
432 400 508 462 μοι,
531 377 587 442 καί
604 369 667 442 ούκ
682 375 858 462 ἐνδέκομαι
874 372 935 444 τόν
955 373 1069 462 λόγον,
1090 368 1169 442 Ἀλ-

156 481 361 567 ιιμαιωνίδας
377 476 421 545 ἀν
440 501 517 546 κοτε
542 472 698 556 ἀναδέξαι
716 479 865 566 Πέρσησι
891 477 928 545 ἐκ
949 473 1169 562 συνθήματος

157 575 297 666 ἀσπίδα,
311 579 539 665 βουλομένους
551 572 619 645 υπδ
637 577 842 665 βαρβάροισί
853 601 890 644 τε
904 573 990 644 εἶναι
1005 571 1170 661 Ἀθηναί

156 705 217 758 ους
230 680 287 748 καί
300 675 368 747 ύπδ
377 676 501 768 Ἱππίῃ.
518 679 641 756 οἵτινες
655 683 785 763 μᾶλλον
798 672 820 763 ή
835 672 959 763 ὁμοίως
973 683 1103 764 Καλλίῃ
1116 683 1183 765 ⁸93,

157 782 369 864 Φαινίππου,
378 775 573 846 Ἱππονίκου
587 778 624 845 δέ
635 779 751 864 πατρί,
768 782 947 864 φαίνονται
957 775 1169 863 μισοτύραν-

155 901 211 946 νοι
228 874 347 955 ἐόντες.
368 883 515 962 Καλλίης
528 902 565 944 τε
580 872 646 964 γάρ
660 880 787 962 μοῦνος
801 871 991 962 Ἀθηναίων
1004 872 1169 945 ἁπάντων

155 974 288 1060 ἐτόλμα,
304 973 392 1053 ὅκως
401 980 639 1062 Πεισίστρατος
649 974 783 1044 ἐκπέσοι
794 974 831 1041 ἐκ
846 979 915 1042 τῶν
924 970 1107 1062 Ἀθηνέων,
1123 969 1168 1042 κά

155 1071 306 1160 χρήματα
325 1069 432 1141 αύτοῦ
451 1070 687 1161 κηρυσσόμενα
710 1065 777 1138 ἀπό
800 1076 862 1139 τού
882 1075 1046 1160 δημοσίου
1063 1067 1169 1140 ἀνέε-

155 1181 250 1258 σθαι,
264 1174 321 1242 κοιλ
334 1169 375 1240 τά
385 1170 471 1242 ἀλλα
480 1170 521 1241 τά
533 1178 670 1259 ἔχθιστα
682 1173 715 1250 ἐς
725 1167 832 1238 αύτδν
845 1169 957 1260 πάντα
968 1173 1166 1259 ἐμηχανᾶτο.

91 1283 140 1338 Ιθυ
155 1276 320 1355 [Καλλίεω
333 1271 371 1340 δὲ
387 1270 512 1340 τούτου
525 1268 621 1352 ἀξιον
634 1275 805 1356 πολλαχοῦ
818 1269 955 1358 μνήμην
972 1273 1040 1340 ἐστί
1053 1270 1169 1340 πάντα

156 1365 233 1436 τινά
253 1374 350 1455 ἔχειν.
378 1376 478 1438 τούτο
495 1368 558 1456 μέυ
578 1366 644 1457 γάρ
661 1365 701 1437 τά
723 1372 987 1458 προλελεγμένα,
1011 1367 1056 1450 όις
1077 1366 1169 1458 ἀνὴρ

156 1463 259 1555 ἀκρος
272 1471 463 1559 ἐλευθερῶν
478 1468 542 1557 τήν
556 1475 717 1558 πατρίδα,
732 1476 831 1538 τοῦτο
846 1471 884 1540 δὲ
897 1467 939 1540 τά
956 1470 1170 1562 ίνὈλυμπίη

156 1570 303 1655 ἐποίησε.
326 1571 417 1660 ίππφ
431 1569 588 1657 νικήσας,
611 1573 787 1660 τεθρίππῳ
802 1571 839 1636 δέ
853 1569 1009 1658 δεύτερος
1022 1569 1170 1657 γενόμε-

156 1692 225 1756 νος,
247 1669 366 1736 Πύθια
376 1671 413 1738 δὲ
424 1669 591 1758 πρότερον
601 1665 815 1755 ἀνελόμενος,
828 1665 1030 1756 ἐφανερώθη
1042 1665 1169 1748 ἐςτούς

153 1766 315 1857 Ἕλληνας
329 1767 456 1850 πάντας
466 1774 638 1859 μεγίστησι
649 1766 827 1858 δαπάνησι.
844 1773 943 1836 τοῦτο
956 1771 994 1837 δε
1007 1766 1092 1838 κατὰ
1105 1766 1168 1848 τάς

155 1868 284 1936 ἑωυτοῦ
305 1871 497 1956 θυγατέρος
510 1869 632 1947 ἐούσας
651 1880 740 1953 τρεῖς
760 1862 831 1946 οίός
851 1891 901 1944 τις
916 1863 1003 1955 ἀνὴρ
1021 1869 1167 1954 ἐγένετο.

155 1964 269 2054 ἐπειδή
284 1962 351 2053 γάρ
366 1968 521 2053 ἐγένοντο
540 1966 655 2054 γάμου
672 1962 808 2054 άραίαι,
832 1970 939 2035 ἔδωκέ
954 1986 1016 2053 σφι
1030 1964 1168 2055 δωρεὴν

155 2065 510 2153 μεγαλοπρεπεστάτην
523 2068 672 2155 ἐκείνῃσί
678 2091 714 2133 τε
731 2066 921 2151 ἐχαρίσατο·
943 2069 980 2135 ἐκ
993 2063 1059 2155 γάρ
1074 2066 1164 2135 πάν-

153 2188 222 2231 των
235 2168 305 2229 τόν
314 2159 504 2249 Ἀθηναίων
517 2161 580 2231 τόν
596 2163 718 2251 ἑκάστη
734 2165 847 2233 ἐθέλοι
861 2163 970 2250 ἄνδρα
985 2166 1092 2255 ἑωυτῇ
1107 2166 1165 2233 ἐπα

25 2336 29 2343 .
89 2276 138 2332 1²³
152 2263 324 2345 λέξασθαι,
342 2265 447 2331 ἐδωκε
459 2261 568 2354 τούτφ
581 2269 629 2353 τῷ
643 2259 766 2350 ἀνδρί]
788 2264 854 2331 Καὶ
865 2267 899 2332 οί
908 2260 1167 2349 Ἀλκμαιωνίδαι

153 2357 276 2445 ὁμοίως
289 2355 313 2447 ἢ
327 2359 429 2431 ούδέυ
439 2364 540 2430 ἕσσον
551 2361 675 2431 τούτου
688 2353 777 2450 ἦσαν
792 2360 1042 2449 μισοτύραννοι.
1087 2363 1168 2427 823--

152 2486 198 2546 μα
213 2452 263 2528 όν
277 2487 352 2547 μοι,
369 2464 425 2531 καλ
440 2459 482 2530 ού
496 2468 675 2550 προσίεμαι
691 2460 754 2549 τήν
769 2458 948 2550 διαβολήν,
968 2460 1111 2541 τούτους
1125 2488 1165 2548 γε

151 2558 309 2639 ἀναδέξαι
325 2557 465 2649 ἀσπίδα,
481 2566 603 2643 οίτινες
620 2563 768 2650 ἔφευγόν
782 2590 818 2633 τε
832 2559 894 2633 τὸν
910 2561 1020 2632 πάντα
1035 2562 1165 2651 χρόνον

150 2656 231 2737 τούς
244 2658 450 2748 τυράννους,
472 2663 509 2730 ἐκ
525 2669 675 2750 μηχαυής
689 2689 724 2731 τε
739 2670 796 2750 τής
813 2662 953 2731 τούτων·
964 2664 1115 2743 ἐξέλιπον
1132 2667 1166 2732 οί

150 2762 421 2843 Πεισιστρατίδαι
440 2757 502 2847 τήν
524 2766 718 2849 τυραννίδα.
753 2764 808 2829 καί
832 2757 920 2827 οὕτω
937 2756 997 2839 τός
1015 2756 1163 2846 Ἀθήνας
1241 2816 1242 2821 ,

151 2848 246 2925 ούτοι
259 2850 349 2947 ήσαν
363 2863 397 2928 oc
410 2862 700 2948 ἐλευθερώσαντες
714 2868 826 2951 πολλῷ
841 2866 969 2947 μᾶλλον
982 2858 1068 2947 ήπερ
1082 2859 1163 2945 Ἀρ·
1240 2876 1241 2918 λ

151 2956 269 3043 μόδιός
283 2985 320 3027 τε
333 2961 390 3028 καί
399 2957 666 3049 Ἀριστογείτων,
689 2958 734 3041 ὡς
747 2957 811 3048 ἐγόι
827 2966 940 3047 κρίνω.
970 2964 1004 3028 σί
1016 2963 1080 3045 μὲν
1095 2958 1162 3046 γάρ
1233 2978 1240 3015 ³

151 3055 958 3146 ἐξηγρίωσαντούςύπολοίπουςίίεισιστρατιδευεν
978 3056 1162 3147 Ἵππαρχον
1238 3082 1239 3111 ι

152 3150 424 3246 ἀποκτείναντες,
444 3153 527 3227 ούδέ
542 3184 574 3227 τι
596 3165 725 3246 μᾶλλον
747 3164 897 3227 ἔπαυσαν
919 3153 998 3235 τούς
1021 3154 1163 3235 λοιπούς

150 3251 437 3342 τυραννεύοντας,
454 3248 710 3344 Ἀλκμαιωνίδαι
726 3256 762 3326 δέ
778 3260 950 3345 ἐμφανέως
963 3253 1159 3344 ήλευθέρω-
1235 3324 1236 3339 ,

151 3367 232 3435 σαν,
254 3355 285 3417 εί
297 3349 339 3438 δή
355 3343 453 3421 ούτοί
464 3381 504 3440 γε
523 3353 675 3444 ἀληθέως
695 3350 781 3445 ἦσαν
796 3360 830 3427 οί
844 3353 906 3443 τήν
920 3361 1060 3443 Πυθίην
1073 3351 1160 3423 ἀνα-

151 3453 323 3528 πείσαντες
330 3461 572 3541 προσημαίνειν
578 3461 872 3546 Λακεδαιμονίοισι
883 3456 1090 3540 ἐλευθεροῦν
1101 3452 1161 3533 τάς
