2500 3925
179 204 243 267 204
557 206 809 264 HERODOTI
846 291 851 303 „

180 369 236 434 καὶ
249 366 354 453 μηδὲν
367 367 487 453 πλέον,
505 367 625 433 ἕνδεκα
636 364 801 451 μυριάδας
810 368 981 450 μεδίμνων
991 368 1177 453 τελεομένας

181 461 232 533 ὐπ’
248 463 355 554 ἡμέρη
369 464 508 552 έκάστη,
525 464 582 531 καλ
590 458 679 549 πρὸς
687 468 899 549 τριηκοσίους
908 488 944 530 τε
957 460 1081 544 ἄλλους
1093 470 1179 552 μεδί-

180 588 288 651 μνους
301 563 359 631 καὶ
370 562 625 650 τεσσεράκοντα.
656 562 788 644 γυναιξὶ
802 558 839 627 δὲ
854 562 909 627 καὶ
927 556 1117 649 εὐνούχοισι
1131 566 1181 631 καὶ

180 660 390 749 ὑποζυγίοισι
402 663 460 730 καὶ
472 663 551 729 κυσί
566 655 609 726 οὐ
622 664 802 744 λογίζομαι.
829 654 979 745 Ἀνδρῶν
993 657 1025 727 δ’
1042 662 1182 730 έονσέων

180 761 352 832 τοσοότων
366 760 560 850 μυριάδων,
585 758 726 835 κάλλεός
746 782 782 824 τε
802 759 931 825 εἵνεκεν
946 760 1003 826 καλ
1021 758 1184 846 μεγάθεος

182 858 293 939 οὐδεὶς
302 858 416 929 αὐτῶν
425 856 674 941 ἀξιονικότερος
683 848 728 943 ἦν
738 852 844 923 αὐτοῦ
850 860 978 945 Ξέρξεω
989 863 1077 945 ἔχειν
1088 864 1182 927 τοῦτο

181 986 219 1029 το
237 986 368 1050 κρατος.

117 1078 166 1135 188
260 1057 298 1127 ‘0
313 1061 350 1126 δέ
370 1057 411 1145 δὴ
426 1055 587 1136 ναυτικὸς
606 1054 746 1143 στρατὸς
772 1055 882 1122 ἐπείτε
907 1051 1069 1141 ὁρμηθείς
1084 1060 1187 1123 ἔπλωε

182 1162 237 1228 καὶ
255 1162 390 1243 κατέσχε
405 1163 465 1242 τῆς
478 1162 680 1242 Μαγνησίης
695 1153 804 1240 χόρης
821 1154 854 1231 ές
874 1149 935 1221 τόν
955 1152 1112 1241 αάγιαλόυ
1132 1153 1188 1223 τόν

182 1254 304 1346 μεταξύ
314 1261 535 1343 Κασθαναίης
544 1280 581 1324 τε
591 1255 708 1332 πόλιος
719 1253 817 1321 έόντα
828 1253 883 1319 καὶ
893 1251 1068 1338 Σηπιάδος
1078 1250 1190 1340 ἀκτῆς,

181 1362 219 1427 αί
235 1359 298 1445 μέν
314 1353 356 1442 δὴ
370 1362 500 1440 πρῶτον
513 1360 686 1423 τοῖν-νεῶν
707 1350 839 1439 άρμεου
860 1348 944 1435 πρός
959 1358 1018 1440 γῇ,
1042 1349 1144 1421 ἄλλοι
1160 1350 1189 1418 δ’

182 1454 234 1526 ἐπ’
252 1459 397 1542 έκείνησι
412 1452 465 1523 ἐπ’
478 1451 672 1541 άγιιυρέων·
695 1450 753 1521 άτε
763 1448 829 1538 γάρ
839 1457 900 1518 τοῦ
911 1456 1066 1536 αίγιαλοῦ
1077 1450 1193 1529 έόντος

181 1554 223 1624 οὐ
233 1556 383 1644 μεγάλου
393 1555 601 1644 πρόκροσσαι
614 1551 783 1641 ὁρμέοντο
792 1554 825 1631 ές
834 1550 962 1620 πόντον
971 1552 1027 1619 καλ
1038 1552 1095 1619 ἐπὶ
1106 1548 1191 1619 ὐκτδ

181 1658 267 1732 νέας.
290 1653 419 1742 ταύτην
431 1655 496 1743 μέν
509 1655 571 1744 τὴν
584 1652 758 1743 εὐφρόνην
774 1651 878 1739 οὕτω,
895 1650 964 1738 ἅμα
975 1652 1012 1719 δὲ
1024 1648 1148 1745 ὄρθρῳ
1165 1656 1195 1731 ἐξ

182 1760 318 1842 αίδρίης
330 1780 366 1822 τε
386 1758 620 1841 κάλ’νηνεμίης
639 1758 697 1839 τῆς
713 1752 887 1837 θαλάσσης
902 1748 1039 1836 ζεσάσης
1054 1752 1198 1819 ἐπέπεσέ

182 1872 244 1939 σφι
256 1853 381 1940 χειμών
394 1879 432 1922 τε
449 1857 551 1941 μέγας
564 1855 620 1920 καὶ
635 1849 758 1931 πολλός
773 1849 895 1937 άνεμος
910 1847 1122 1937 άπηλιιάτης,
1137 1848 1198 1918 τόν

183 1949 224 2038 δὴ
234 1948 494 2041 Ἑλλησποντίην
508 1954 667 2022 καλέουσι
683 1952 804 2036 οἱπερὶ
814 1956 917 2018 ταῦτα
928 1945 968 2016 τά
979 1954 1088 2037 χωρία
1101 1954 1201 2036 οἰκη-

183 2055 287 2138 μένοι.
311 2049 386 2119 ὅσοι
399 2055 463 2138 μέν
475 2079 542 2121 νυν
556 2049 670 2120 αὐτῶν
684 2049 872 2136 αὐξόμενον
886 2054 1016 2136 ἔμαθον
1035 2045 1102 2117 τὸν
1118 2047 1204 2117 ἅνε-

183 2174 265 2238 μον,
281 2153 336 2218 καλ
349 2163 434 2218 τοίσι
449 2150 538 2219 οὕτω
553 2150 618 2238 εἶχε
632 2149 758 2240 ὅρμου,
780 2155 815 2220 οἱ
827 2147 859 2218 δ’
876 2153 1033 2236 ἔφθησαν
1045 2147 1115 2218 τόν
1133 2177 1208 2238 χει-

141 2248 148 2255 ’
182 2253 280 2333 μοῦνα
295 2244 548 2330 ἀνασπάσαντες
557 2248 616 2330 τάς
628 2255 722 2336 νέας,
737 2251 793 2319 καλ
806 2246 905 2319 αὐτοί
915 2276 951 2318 τε
961 2257 1136 2339 περιῆσαν
1150 2255 1210 2320 καλ

183 2349 220 2415 αί
234 2349 308 2427 νέες
320 2346 450 2418 αὐτῶν·
473 2348 555 2429 ὅσας
569 2349 606 2418 δέ
620 2357 689 2418 τῶν
703 2355 792 2418 νεῶν
808 2355 986 2436 μεταρσίας
1000 2354 1125 2438 ἔλαβε,
1146 2347 1212 2428 τὰς

183 2446 246 2533 μὲν
261 2448 394 2534 ἐξέφερε
415 2445 500 2532 πρὸς
516 2445 649 2527 Ἰπνούς
669 2450 892 2535 καλεομένους
910 2444 990 2526 τούς
1009 2447 1048 2514 έν
1066 2454 1212 2539 Πηλίῳ,

182 2541 242 2623 τὰς
256 2546 293 2613 δέ
309 2547 343 2624 ές
357 2543 418 2613 τόν
438 2547 602 2633 αἰγιαλόν.
636 2549 673 2614 αί
687 2546 723 2614 δέ
737 2547 813 2633 περὶ
833 2541 941 2631 αὐτὴν
956 2541 1020 2631 την
1033 2546 1215 2631 Σηπιάδα

183 2647 417 2732 περιέπιπτον,
431 2651 470 2714 αλ
478 2649 514 2715 δὲ
530 2649 564 2726 ές
574 2652 766 2733 Μελίβοιαν
778 2645 891 2730 πόλιν,
908 2647 945 2712 αί
953 2641 990 2710 δέ
1005 2644 1038 2722 ές
1049 2649 1217 2713 Κασθα-

183 2747 283 2827 ναίην
300 2744 549 2832 ἐξεβράσσοντο.
570 2739 616 2833 ἦν
633 2747 669 2815 δέ
682 2752 745 2814 τοῦ
761 2751 923 2832 χειμῶνος
934 2749 1044 2830 χρῆμα
1061 2741 1217 2832 άφόρη-
1236 2729 1237 2802 Ῑ

116 2854 168 2910 189
184 2864 253 2908 τον.
275 2843 414 2928 Λέγεται
426 2844 463 2910 δέ
472 2843 588 2932 λόγος,
605 2843 834 2931 ὡςἈθηναῑοι
845 2841 905 2912 τόν
915 2845 1046 2930 Βορέην
1064 2845 1107 2911 έιι
1122 2854 1220 2912 θεο-

183 2946 331 3027 προπίου
344 2944 602 3032 ἐπεκαλέσαντο,
618 2945 780 3024 ἐλθόντος
793 2963 855 3031 σφι
870 2941 976 3013 άλλου
989 2953 1221 3034 χρηστηρίου

183 3036 245 3106 τόν
257 3035 605 3129 γαμβρὸνέπίκουρον
615 3043 830 3113 καλέσασθαι.
851 3042 978 3130 Βορέης
986 3042 1027 3111 δέ
1038 3042 1141 3112 κατὰ
1155 3043 1221 3113 τὸν

178 3135 348 3224 Ἑλλήνων
361 3135 465 3223 λόγον
478 3145 543 3227 ἔχει
564 3155 709 3228 γυναῖκα
727 3139 895 3228 Ἀττικήν,
913 3137 1128 3231 Ὠρείθυιαν
1155 3142 1223 3230 τὴν

179 3231 360 3319 Ἐρεχθέος.
380 3235 463 3305 κατὰ
481 3237 522 3325 δὴ
537 3238 574 3308 τό
587 3245 688 3326 κῆδος
703 3247 802 3311 τοῦτο
817 3245 851 3308 οί
859 3237 1053 3327 Ἀθηναῖοι,
1071 3237 1129 3322 ὡς
1145 3243 1214 3328 φά·

184 3355 234 3408 τις
249 3328 414 3419 ὥρμηται,
436 3339 710 3425 συμβαλλόμενοί
728 3358 790 3426 σφι
810 3335 871 3407 τόν
885 3341 1017 3427 Βορέην
1039 3339 1228 3430 γαμβρόν

185 3425 286 3515 εἶναι,
302 3434 540 3519 ναυλοχέοντες
555 3443 614 3523 τῆς
625 3435 773 3523 Εὐβοίης
787 3440 825 3506 έν
838 3443 982 3508 Χαλκίδι
999 3437 1045 3520 ὥς
1065 3446 1229 3523 ἔμαθον
