<?xml version="1.0" encoding="UTF-8"?>
<!DOCTYPE html PUBLIC "-//W3C//DTD XHTML 1.0 Transitional//EN"
    "http://www.w3.org/TR/xhtml1/DTD/xhtml1-transitional.dtd">
<html xmlns="http://www.w3.org/1999/xhtml" xml:lang="en" lang="en">
 <head>
  <title>
</title>
<meta http-equiv="Content-Type" content="text/html;charset=utf-8" />
  <meta name='ocr-system' content='tesseract 3.04.00' />
  <meta name='ocr-capabilities' content='ocr_page ocr_carea ocr_par ocr_line ocrx_word'/>
</head>
<body>
  <div class='ocr_page' id='page_1' title='image "./herodotihistori00dietgoog_0248.png"; bbox 0 0 2500 3925; ppageno 0'>
   <div class='ocr_carea' id='block_1_1' title="bbox 163 224 790 291">
    <p class='ocr_par' dir='ltr' id='par_1_1' title="bbox 163 224 790 291">
     <span class='ocr_line' id='line_1_1' title="bbox 163 224 790 291; baseline 0.005 -5"><span class='ocrx_word' id='word_1_1' title='bbox 163 224 225 289; x_wconf 79' lang='lat'><strong><em>246</em></strong></span> <span class='ocrx_word' id='word_1_2' title='bbox 537 230 790 291; x_wconf 83' lang='lat' dir='ltr'>HERODOTI</span> 
     </span>
    </p>
   </div>
   <div class='ocr_carea' id='block_1_2' title="bbox 160 384 1164 773">
    <p class='ocr_par' dir='ltr' id='par_1_2' title="bbox 160 384 1164 773">
     <span class='ocr_line' id='line_1_2' title="bbox 162 384 1162 479; baseline 0.003 -24"><span class='ocrx_word' id='word_1_3' title='bbox 162 411 238 474; x_wconf 90' lang='grc' dir='ltr'><strong><em>σης,</em></strong></span> <span class='ocrx_word' id='word_1_4' title='bbox 252 384 273 455; x_wconf 84' lang='grc' dir='ltr'><strong><em>ό</em></strong></span> <span class='ocrx_word' id='word_1_5' title='bbox 286 414 318 456; x_wconf 90' lang='grc' dir='ltr'><strong><em>τι</em></strong></span> <span class='ocrx_word' id='word_1_6' title='bbox 332 395 371 476; x_wconf 81' lang='grc' dir='ltr'><strong><em>νή</em></strong></span> <span class='ocrx_word' id='word_1_7' title='bbox 386 387 465 455; x_wconf 87' lang='grc' dir='ltr'><strong><em>πόλι</em></strong></span> <span class='ocrx_word' id='word_1_8' title='bbox 479 386 609 472; x_wconf 80' lang='grc' dir='ltr'><strong><em>οὕνομα</em></strong></span> <span class='ocrx_word' id='word_1_9' title='bbox 624 396 685 474; x_wconf 86' lang='grc' dir='ltr'><strong><em>είη.</em></strong></span> <span class='ocrx_word' id='word_1_10' title='bbox 705 394 740 457; x_wconf 85' lang='grc' dir='ltr'><strong><em>οί</em></strong></span> <span class='ocrx_word' id='word_1_11' title='bbox 751 388 787 458; x_wconf 72' lang='grc' dir='ltr'><strong><em>δέ</em></strong></span> <span class='ocrx_word' id='word_1_12' title='bbox 802 387 898 459; x_wconf 77' lang='grc' dir='ltr'><strong><em>εἶπαν</em></strong></span> <span class='ocrx_word' id='word_1_13' title='bbox 911 392 962 463; x_wconf 82' lang='grc' dir='ltr'><strong><em>ότι</em></strong></span> <span class='ocrx_word' id='word_1_14' title='bbox 972 388 1162 479; x_wconf 73' lang='grc' dir='ltr'><strong><em>Ἀγβάτανα.</em></strong></span> 
     </span>
     <span class='ocr_line' id='line_1_3' title="bbox 160 485 1164 577; baseline 0.002 -24"><span class='ocrx_word' id='word_1_15' title='bbox 160 493 207 577; x_wconf 77' lang='grc' dir='ltr'><strong><em>τῷ</em></strong></span> <span class='ocrx_word' id='word_1_16' title='bbox 222 486 258 555; x_wconf 66' lang='grc' dir='ltr'><strong><em>δὲ</em></strong></span> <span class='ocrx_word' id='word_1_17' title='bbox 272 493 320 556; x_wconf 77' lang='grc' dir='ltr'><strong><em>ἔτι</em></strong></span> <span class='ocrx_word' id='word_1_18' title='bbox 334 486 500 574; x_wconf 88' lang='grc' dir='ltr'><strong><em>πρότερον</em></strong></span> <span class='ocrx_word' id='word_1_19' title='bbox 515 489 689 575; x_wconf 76' lang='grc' dir='ltr'><strong><em>ἐκέχρηστο</em></strong></span> <span class='ocrx_word' id='word_1_20' title='bbox 704 490 739 557; x_wconf 90' lang='grc' dir='ltr'><strong><em>έκ</em></strong></span> <span class='ocrx_word' id='word_1_21' title='bbox 750 497 900 570; x_wconf 78' lang='grc' dir='ltr'><em>Βουτοῦς</em></span> <span class='ocrx_word' id='word_1_22' title='bbox 913 488 1033 569; x_wconf 89' lang='grc' dir='ltr'><strong><em>πόλιος</em></strong></span> <span class='ocrx_word' id='word_1_23' title='bbox 1047 490 1086 557; x_wconf 82' lang='grc' dir='ltr'><strong><em>έν</em></strong></span> <span class='ocrx_word' id='word_1_24' title='bbox 1097 485 1164 574; x_wconf 88' lang='grc' dir='ltr'><strong><em>Ἀγ-</em></strong></span> 
     </span>
     <span class='ocr_line' id='line_1_4' title="bbox 160 582 1164 675; baseline 0.001 -23"><span class='ocrx_word' id='word_1_25' title='bbox 160 585 335 671; x_wconf 91' lang='grc' dir='ltr'><strong><em>βατάνοισι</em></strong></span> <span class='ocrx_word' id='word_1_26' title='bbox 349 585 560 673; x_wconf 78' lang='grc' dir='ltr'><strong><em>τελευτήσειν</em></strong></span> <span class='ocrx_word' id='word_1_27' title='bbox 573 582 635 654; x_wconf 84' lang='grc' dir='ltr'><strong><em>τόν</em></strong></span> <span class='ocrx_word' id='word_1_28' title='bbox 654 592 739 673; x_wconf 89' lang='grc' dir='ltr'><strong><em>βίον.</em></strong></span> <span class='ocrx_word' id='word_1_29' title='bbox 771 582 788 655; x_wconf 90' lang='grc' dir='ltr'>ὁ</span> <span class='ocrx_word' id='word_1_30' title='bbox 804 588 866 672; x_wconf 75' lang='grc' dir='ltr'><strong><em>μέν</em></strong></span> <span class='ocrx_word' id='word_1_31' title='bbox 881 583 922 675; x_wconf 89' lang='grc' dir='ltr'><strong><em>δή</em></strong></span> <span class='ocrx_word' id='word_1_32' title='bbox 937 590 975 655; x_wconf 85' lang='grc' dir='ltr'><strong><em>έν</em></strong></span> <span class='ocrx_word' id='word_1_33' title='bbox 988 601 1077 655; x_wconf 77' lang='grc' dir='ltr'><strong><em>τοῖσι</em></strong></span> <span class='ocrx_word' id='word_1_34' title='bbox 1092 594 1164 673; x_wconf 63' lang='lat' dir='ltr'><strong><em>Mn·</em></strong></span> 
     </span>
     <span class='ocr_line' id='line_1_5' title="bbox 161 681 1164 773; baseline 0.001 -25"><span class='ocrx_word' id='word_1_35' title='bbox 161 685 283 751; x_wconf 82' lang='grc' dir='ltr'><strong><em>δικοίσι</em></strong></span> <span class='ocrx_word' id='word_1_36' title='bbox 307 681 539 772; x_wconf 78' lang='grc' dir='ltr'><strong><em>Ἀγβατάνοισι</em></strong></span> <span class='ocrx_word' id='word_1_37' title='bbox 570 682 684 751; x_wconf 77' lang='grc' dir='ltr'><strong><em>ἐδόκεε</em></strong></span> <span class='ocrx_word' id='word_1_38' title='bbox 710 683 920 772; x_wconf 80' lang='grc' dir='ltr'><strong><em>τελευτήσειν</em></strong></span> <span class='ocrx_word' id='word_1_39' title='bbox 947 681 1106 773; x_wconf 81' lang='grc' dir='ltr'><strong><em>γηραιός,</em></strong></span> <span class='ocrx_word' id='word_1_40' title='bbox 1133 687 1164 750; x_wconf 85' lang='grc' dir='ltr'><strong><em>ἐν</em></strong></span> 
     </span>
    </p>
   </div>
   <div class='ocr_carea' id='block_1_3' title="bbox 107 782 1226 3545">
    <p class='ocr_par' dir='ltr' id='par_1_3' title="bbox 154 782 1226 1367">
     <span class='ocr_line' id='line_1_6' title="bbox 159 782 1164 877; baseline -0.003 -23"><span class='ocrx_word' id='word_1_41' title='bbox 159 794 247 857; x_wconf 81' lang='grc' dir='ltr'><strong><em>τοῖσί</em></strong></span> <span class='ocrx_word' id='word_1_42' title='bbox 259 793 293 857; x_wconf 87' lang='grc' dir='ltr'><strong><em>οί</em></strong></span> <span class='ocrx_word' id='word_1_43' title='bbox 305 782 349 877; x_wconf 92' lang='grc' dir='ltr'><strong><em>ήν</em></strong></span> <span class='ocrx_word' id='word_1_44' title='bbox 364 787 474 857; x_wconf 89' lang='grc' dir='ltr'><strong><em>πάντα</em></strong></span> <span class='ocrx_word' id='word_1_45' title='bbox 489 783 530 854; x_wconf 88' lang='grc' dir='ltr'><strong><em>τά</em></strong></span> <span class='ocrx_word' id='word_1_46' title='bbox 544 787 739 875; x_wconf 90' lang='grc' dir='ltr'><strong><em>πρήγματα,</em></strong></span> <span class='ocrx_word' id='word_1_47' title='bbox 761 784 798 856; x_wconf 85' lang='grc' dir='ltr'><strong><em>τὸ</em></strong></span> <span class='ocrx_word' id='word_1_48' title='bbox 815 790 852 855; x_wconf 76' lang='grc' dir='ltr'><strong><em>δέ</em></strong></span> <span class='ocrx_word' id='word_1_49' title='bbox 864 786 1071 875; x_wconf 86' lang='grc' dir='ltr'><strong><em>χρηστήριον</em></strong></span> <span class='ocrx_word' id='word_1_50' title='bbox 1084 799 1164 853; x_wconf 77' lang='grc' dir='ltr'><strong><em>τοῖσι</em></strong></span> 
     </span>
     <span class='ocr_line' id='line_1_7' title="bbox 160 881 1165 974; baseline -0.004 -21"><span class='ocrx_word' id='word_1_51' title='bbox 160 889 197 954; x_wconf 88' lang='grc' dir='ltr'><strong><em>έν</em></strong></span> <span class='ocrx_word' id='word_1_52' title='bbox 210 894 323 974; x_wconf 87' lang='grc' dir='ltr'><strong><em>Συρίη</em></strong></span> <span class='ocrx_word' id='word_1_53' title='bbox 336 883 569 973; x_wconf 70' lang='grc' dir='ltr'><strong><em>Ἀγβατάνοισι</em></strong></span> <span class='ocrx_word' id='word_1_54' title='bbox 585 891 678 970; x_wconf 77' lang='grc' dir='ltr'><strong><em>ἔλεγε</em></strong></span> <span class='ocrx_word' id='word_1_55' title='bbox 693 882 767 969; x_wconf 87' lang='grc' dir='ltr'><strong><em>ἀρα.</em></strong></span> <span class='ocrx_word' id='word_1_56' title='bbox 797 887 853 952; x_wconf 83' lang='grc' dir='ltr'><strong><em>καὶ</em></strong></span> <span class='ocrx_word' id='word_1_57' title='bbox 868 881 909 971; x_wconf 86' lang='grc' dir='ltr'><strong><em>δή</em></strong></span> <span class='ocrx_word' id='word_1_58' title='bbox 927 882 971 963; x_wconf 78' lang='grc' dir='ltr'><strong><em>ὡς</em></strong></span> <span class='ocrx_word' id='word_1_59' title='bbox 985 884 1064 952; x_wconf 86' lang='grc' dir='ltr'><strong><em>τότε</em></strong></span> <span class='ocrx_word' id='word_1_60' title='bbox 1079 887 1165 951; x_wconf 88' lang='grc' dir='ltr'><strong><em>έπει-</em></strong></span> 
     </span>
     <span class='ocr_line' id='line_1_8' title="bbox 159 980 1165 1071; baseline -0.004 -18"><span class='ocrx_word' id='word_1_61' title='bbox 159 985 302 1071; x_wconf 81' lang='grc' dir='ltr'><strong><em>ρόμενος</em></strong></span> <span class='ocrx_word' id='word_1_62' title='bbox 315 984 459 1053; x_wconf 84' lang='grc' dir='ltr'><strong><em>έπύθετο</em></strong></span> <span class='ocrx_word' id='word_1_63' title='bbox 481 990 538 1071; x_wconf 84' lang='grc' dir='ltr'><strong><em>τῆς</em></strong></span> <span class='ocrx_word' id='word_1_64' title='bbox 555 984 672 1063; x_wconf 91' lang='grc' dir='ltr'><strong><em>πόλιος</em></strong></span> <span class='ocrx_word' id='word_1_65' title='bbox 692 980 729 1052; x_wconf 85' lang='grc' dir='ltr'><strong><em>τό</em></strong></span> <span class='ocrx_word' id='word_1_66' title='bbox 745 980 893 1070; x_wconf 87' lang='grc' dir='ltr'><strong><em>ούνομα,</em></strong></span> <span class='ocrx_word' id='word_1_67' title='bbox 919 980 987 1051; x_wconf 80' lang='grc' dir='ltr'><strong><em>ὑπὸ</em></strong></span> <span class='ocrx_word' id='word_1_68' title='bbox 1005 990 1065 1070; x_wconf 82' lang='grc' dir='ltr'><strong><em>τῆς</em></strong></span> <span class='ocrx_word' id='word_1_69' title='bbox 1082 1004 1165 1068; x_wconf 89' lang='grc' dir='ltr'><strong><em>συμ-</em></strong></span> 
     </span>
     <span class='ocr_line' id='line_1_9' title="bbox 159 1081 1226 1215; baseline -0.002 -64"><span class='ocrx_word' id='word_1_70' title='bbox 159 1090 266 1171; x_wconf 87' lang='grc' dir='ltr'><strong><em>φορῆς</em></strong></span> <span class='ocrx_word' id='word_1_71' title='bbox 279 1090 337 1170; x_wconf 82' lang='grc' dir='ltr'><strong><em>τῆς</em></strong></span> <span class='ocrx_word' id='word_1_72' title='bbox 350 1110 386 1152; x_wconf 91' lang='grc' dir='ltr'><strong><em>τε</em></strong></span> <span class='ocrx_word' id='word_1_73' title='bbox 401 1085 437 1152; x_wconf 79' lang='grc' dir='ltr'><strong><em>ἐκ</em></strong></span> <span class='ocrx_word' id='word_1_74' title='bbox 451 1089 513 1151; x_wconf 85' lang='grc' dir='ltr'><strong><em>τοῦ</em></strong></span> <span class='ocrx_word' id='word_1_75' title='bbox 526 1082 638 1169; x_wconf 86' lang='grc' dir='ltr'><strong><em>μάγου</em></strong></span> <span class='ocrx_word' id='word_1_76' title='bbox 653 1084 920 1169; x_wconf 77' lang='grc' dir='ltr'><strong><em>ἐκπεπληγμένος</em></strong></span> <span class='ocrx_word' id='word_1_77' title='bbox 933 1083 988 1150; x_wconf 79' lang='grc' dir='ltr'><strong><em>καὶ</em></strong></span> <span class='ocrx_word' id='word_1_78' title='bbox 1002 1090 1066 1151; x_wconf 87' lang='grc' dir='ltr'><strong><em>τοῦ</em></strong></span> <span class='ocrx_word' id='word_1_79' title='bbox 1081 1081 1164 1166; x_wconf 85' lang='grc' dir='ltr'><strong><em>τριό-</em></strong></span> <span class='ocrx_word' id='word_1_80' title='bbox 1224 1092 1226 1215; x_wconf 71' lang='grc' dir='ltr'><strong><em>ή</em></strong></span> 
     </span>
     <span class='ocr_line' id='line_1_10' title="bbox 158 1176 1226 1273; baseline 0 -26"><span class='ocrx_word' id='word_1_81' title='bbox 158 1207 260 1266; x_wconf 82' lang='grc' dir='ltr'><strong><em>ματος</em></strong></span> <span class='ocrx_word' id='word_1_82' title='bbox 277 1181 511 1268; x_wconf 78' lang='grc' dir='ltr'><strong><em>ἐσωφρόνησε,</em></strong></span> <span class='ocrx_word' id='word_1_83' title='bbox 533 1176 712 1267; x_wconf 78' lang='grc' dir='ltr'><strong><em>συλλαβδν</em></strong></span> <span class='ocrx_word' id='word_1_84' title='bbox 727 1181 764 1248; x_wconf 77' lang='grc' dir='ltr'><strong><em>δέ</em></strong></span> <span class='ocrx_word' id='word_1_85' title='bbox 785 1178 822 1247; x_wconf 84' lang='grc' dir='ltr'><strong><em>τό</em></strong></span> <span class='ocrx_word' id='word_1_86' title='bbox 843 1178 1059 1268; x_wconf 75' lang='grc' dir='ltr'><strong><em>θεοπρόπιον</em></strong></span> <span class='ocrx_word' id='word_1_87' title='bbox 1081 1178 1163 1247; x_wconf 79' lang='grc' dir='ltr'><strong><em>εἶπε·</em></strong></span> <span class='ocrx_word' id='word_1_88' title='bbox 1225 1232 1226 1273; x_wconf 65' lang='grc'><strong><em>,</em></strong></span> 
     </span>
     <span class='ocr_line' id='line_1_11' title="bbox 154 1276 1164 1367; baseline -0.002 -20"><span class='ocrx_word' id='word_1_89' title='bbox 154 1278 319 1348; x_wconf 82' lang='grc' dir='ltr'><strong><em>Ἑνθαῦτα</em></strong></span> <span class='ocrx_word' id='word_1_90' title='bbox 331 1278 519 1366; x_wconf 80' lang='grc' dir='ltr'><strong><em>Καμβύσην</em></strong></span> <span class='ocrx_word' id='word_1_91' title='bbox 529 1276 590 1346; x_wconf 86' lang='grc' dir='ltr'><strong><em>τὸν</em></strong></span> <span class='ocrx_word' id='word_1_92' title='bbox 600 1279 721 1365; x_wconf 89' lang='grc' dir='ltr'><strong><em>Κύρου</em></strong></span> <span class='ocrx_word' id='word_1_93' title='bbox 735 1280 802 1346; x_wconf 82' lang='grc' dir='ltr'><strong><em>ἐστὶ</em></strong></span> <span class='ocrx_word' id='word_1_94' title='bbox 813 1281 1038 1367; x_wconf 85' lang='grc' dir='ltr'><strong><em>πεπρωμένον</em></strong></span> <span class='ocrx_word' id='word_1_95' title='bbox 1052 1288 1164 1348; x_wconf 90' lang='grc' dir='ltr'><strong><em>τελευ-</em></strong></span> 
     </span>
    </p>

    <p class='ocr_par' dir='ltr' id='par_1_4' title="bbox 107 1375 1226 3545">
     <span class='ocr_line' id='line_1_12' title="bbox 107 1375 1226 1469; baseline -0.007 -18"><span class='ocrx_word' id='word_1_96' title='bbox 107 1396 142 1451; x_wconf 83' lang='lat'><strong><em>65</em></strong></span> <span class='ocrx_word' id='word_1_97' title='bbox 158 1386 229 1447; x_wconf 85' lang='grc' dir='ltr'><strong><em>τάν.</em></strong></span> <span class='ocrx_word' id='word_1_98' title='bbox 278 1379 360 1448; x_wconf 88' lang='grc' dir='ltr'><strong><em>Τότε</em></strong></span> <span class='ocrx_word' id='word_1_99' title='bbox 375 1380 437 1465; x_wconf 76' lang='grc' dir='ltr'><strong><em>μέν</em></strong></span> <span class='ocrx_word' id='word_1_100' title='bbox 451 1384 612 1464; x_wconf 77' lang='grc' dir='ltr'><strong><em>τοσαῦτα,</em></strong></span> <span class='ocrx_word' id='word_1_101' title='bbox 634 1375 774 1466; x_wconf 75' lang='grc' dir='ltr'><strong><em>ἡμέρῃσι</em></strong></span> <span class='ocrx_word' id='word_1_102' title='bbox 790 1380 826 1446; x_wconf 73' lang='grc' dir='ltr'><strong><em>δέ</em></strong></span> <span class='ocrx_word' id='word_1_103' title='bbox 842 1375 986 1467; x_wconf 77' lang='grc' dir='ltr'><strong><em>ὕστερον</em></strong></span> <span class='ocrx_word' id='word_1_104' title='bbox 1001 1376 1048 1458; x_wconf 81' lang='grc' dir='ltr'><strong><em>ἀς</em></strong></span> <span class='ocrx_word' id='word_1_105' title='bbox 1062 1388 1165 1447; x_wconf 76' lang='grc' dir='ltr'><strong><em>εἴκοσι</em></strong></span> <span class='ocrx_word' id='word_1_106' title='bbox 1225 1460 1226 1469; x_wconf 16' lang='lat'>¹</span> 
     </span>
     <span class='ocr_line' id='line_1_13' title="bbox 157 1472 1226 1568; baseline 0.004 -24"><span class='ocrx_word' id='word_1_107' title='bbox 157 1477 455 1565; x_wconf 76' lang='grc' dir='ltr'><strong><em>μεταπεμψάμενος</em></strong></span> <span class='ocrx_word' id='word_1_108' title='bbox 474 1480 634 1564; x_wconf 83' lang='grc' dir='ltr'><strong><em>Περσέων</em></strong></span> <span class='ocrx_word' id='word_1_109' title='bbox 653 1483 722 1543; x_wconf 81' lang='grc' dir='ltr'><strong><em>τῶν</em></strong></span> <span class='ocrx_word' id='word_1_110' title='bbox 746 1478 944 1564; x_wconf 85' lang='grc' dir='ltr'><strong><em>παρεόντων</em></strong></span> <span class='ocrx_word' id='word_1_111' title='bbox 969 1475 1051 1557; x_wconf 86' lang='grc' dir='ltr'><strong><em>τούς</em></strong></span> <span class='ocrx_word' id='word_1_112' title='bbox 1071 1486 1164 1568; x_wconf 90' lang='grc' dir='ltr'><strong><em>λογι-</em></strong></span> <span class='ocrx_word' id='word_1_113' title='bbox 1225 1472 1226 1547; x_wconf 60' lang='lat' dir='ltr'>J</span> 
     </span>
     <span class='ocr_line' id='line_1_14' title="bbox 155 1567 1226 1665; baseline -0.001 -21"><span class='ocrx_word' id='word_1_114' title='bbox 155 1575 328 1661; x_wconf 87' lang='grc' dir='ltr'><strong><em>μωτάτους</em></strong></span> <span class='ocrx_word' id='word_1_115' title='bbox 350 1578 444 1662; x_wconf 81' lang='grc' dir='ltr'><strong><em>ἔλεγέ</em></strong></span> <span class='ocrx_word' id='word_1_116' title='bbox 466 1596 528 1661; x_wconf 85' lang='grc' dir='ltr'><strong><em>σφι</em></strong></span> <span class='ocrx_word' id='word_1_117' title='bbox 552 1574 648 1644; x_wconf 88' lang='grc' dir='ltr'><strong><em>τάδε·</em></strong></span> <span class='ocrx_word' id='word_1_118' title='bbox 683 1569 722 1643; x_wconf 75' lang='grc' dir='ltr'><em>Ὠ</em></span> <span class='ocrx_word' id='word_1_119' title='bbox 742 1580 888 1664; x_wconf 83' lang='grc' dir='ltr'><strong><em>Πέρσαι,</em></strong></span> <span class='ocrx_word' id='word_1_120' title='bbox 917 1567 1166 1665; x_wconf 78' lang='grc' dir='ltr'><strong><em>καταλελάβηκέ</em></strong></span> <span class='ocrx_word' id='word_1_121' title='bbox 1225 1658 1226 1661; x_wconf 9' lang='lat'>¹</span> 
     </span>
     <span class='ocr_line' id='line_1_15' title="bbox 155 1672 1226 1769; baseline 0.001 -28"><span class='ocrx_word' id='word_1_122' title='bbox 155 1700 213 1761; x_wconf 89' lang='grc' dir='ltr'><strong><em>με,</em></strong></span> <span class='ocrx_word' id='word_1_123' title='bbox 235 1672 272 1743; x_wconf 84' lang='grc' dir='ltr'><strong><em>τὸ</em></strong></span> <span class='ocrx_word' id='word_1_124' title='bbox 294 1675 432 1743; x_wconf 90' lang='grc' dir='ltr'><strong><em>πάντων</em></strong></span> <span class='ocrx_word' id='word_1_125' title='bbox 452 1674 595 1761; x_wconf 88' lang='grc' dir='ltr'><strong><em>μάλιστα</em></strong></span> <span class='ocrx_word' id='word_1_126' title='bbox 621 1680 788 1761; x_wconf 75' lang='grc' dir='ltr'><strong><em>ἔκρυπτον</em></strong></span> <span class='ocrx_word' id='word_1_127' title='bbox 812 1675 1037 1762; x_wconf 84' lang='grc' dir='ltr'><strong><em>πρηγμάτων,</em></strong></span> <span class='ocrx_word' id='word_1_128' title='bbox 1065 1682 1165 1744; x_wconf 86' lang='grc' dir='ltr'><strong><em>τοῦτο</em></strong></span> <span class='ocrx_word' id='word_1_129' title='bbox 1225 1674 1226 1769; x_wconf 67' lang='grc' dir='ltr'><strong><em>ή</em></strong></span> 
     </span>
     <span class='ocr_line' id='line_1_16' title="bbox 155 1767 1166 1865; baseline -0.002 -26"><span class='ocrx_word' id='word_1_130' title='bbox 155 1772 189 1850; x_wconf 80' lang='grc' dir='ltr'><strong><em>ές</em></strong></span> <span class='ocrx_word' id='word_1_131' title='bbox 202 1768 305 1859; x_wconf 81' lang='grc' dir='ltr'><strong><em>ὑμέας</em></strong></span> <span class='ocrx_word' id='word_1_132' title='bbox 320 1775 471 1860; x_wconf 88' lang='grc' dir='ltr'><strong><em>έκφήναι.</em></strong></span> <span class='ocrx_word' id='word_1_133' title='bbox 495 1767 560 1858; x_wconf 78' lang='grc' dir='ltr'><strong><em>έγά</em></strong></span> <span class='ocrx_word' id='word_1_134' title='bbox 574 1768 640 1857; x_wconf 88' lang='grc' dir='ltr'><strong><em>γάρ</em></strong></span> <span class='ocrx_word' id='word_1_135' title='bbox 662 1769 728 1839; x_wconf 77' lang='grc' dir='ltr'><strong><em>έων</em></strong></span> <span class='ocrx_word' id='word_1_136' title='bbox 743 1774 780 1839; x_wconf 85' lang='grc' dir='ltr'><strong><em>έν</em></strong></span> <span class='ocrx_word' id='word_1_137' title='bbox 793 1773 955 1865; x_wconf 76' lang='grc' dir='ltr'><strong><em>Αἰγύπτῳ</em></strong></span> <span class='ocrx_word' id='word_1_138' title='bbox 972 1771 1065 1841; x_wconf 85' lang='grc' dir='ltr'><strong><em>εἶδον</em></strong></span> <span class='ocrx_word' id='word_1_139' title='bbox 1086 1772 1166 1855; x_wconf 80' lang='grc' dir='ltr'><strong><em>ὄψιν</em></strong></span> 
     </span>
     <span class='ocr_line' id='line_1_17' title="bbox 155 1871 1165 1968; baseline -0.001 -26"><span class='ocrx_word' id='word_1_140' title='bbox 155 1876 193 1942; x_wconf 86' lang='grc' dir='ltr'><strong><em>έν</em></strong></span> <span class='ocrx_word' id='word_1_141' title='bbox 208 1881 252 1968; x_wconf 75' lang='grc' dir='ltr'><strong><em>τῷ</em></strong></span> <span class='ocrx_word' id='word_1_142' title='bbox 267 1872 381 1966; x_wconf 78' lang='grc' dir='ltr'><strong><em>ὕπνῳ,</em></strong></span> <span class='ocrx_word' id='word_1_143' title='bbox 402 1871 465 1961; x_wconf 85' lang='grc' dir='ltr'><strong><em>τήν</em></strong></span> <span class='ocrx_word' id='word_1_144' title='bbox 478 1872 612 1960; x_wconf 89' lang='grc' dir='ltr'><strong><em>μηδαμά</em></strong></span> <span class='ocrx_word' id='word_1_145' title='bbox 630 1873 762 1959; x_wconf 78' lang='grc' dir='ltr'><strong><em>ὤφελον</em></strong></span> <span class='ocrx_word' id='word_1_146' title='bbox 777 1878 878 1942; x_wconf 78' lang='grc' dir='ltr'><strong><em>ι’δεῑν·</em></strong></span> <span class='ocrx_word' id='word_1_147' title='bbox 901 1876 1040 1943; x_wconf 79' lang='grc' dir='ltr'><strong><em>ἐδόκεον</em></strong></span> <span class='ocrx_word' id='word_1_148' title='bbox 1055 1878 1099 1943; x_wconf 88' lang='grc' dir='ltr'><strong><em>δέ</em></strong></span> <span class='ocrx_word' id='word_1_149' title='bbox 1111 1901 1165 1961; x_wconf 92' lang='grc' dir='ltr'><strong><em>μοι</em></strong></span> 
     </span>
     <span class='ocr_line' id='line_1_18' title="bbox 155 1970 1225 2063; baseline 0.006 -23"><span class='ocrx_word' id='word_1_150' title='bbox 155 1971 299 2063; x_wconf 85' lang='grc' dir='ltr'><strong><em>ἀγγελον</em></strong></span> <span class='ocrx_word' id='word_1_151' title='bbox 323 1974 467 2044; x_wconf 80' lang='grc' dir='ltr'><strong><em>ἐλθόντα</em></strong></span> <span class='ocrx_word' id='word_1_152' title='bbox 484 1975 516 2053; x_wconf 83' lang='grc' dir='ltr'><strong><em>ἐξ</em></strong></span> <span class='ocrx_word' id='word_1_153' title='bbox 534 1983 631 2042; x_wconf 77' lang='grc' dir='ltr'><strong><em>οἶκον</em></strong></span> <span class='ocrx_word' id='word_1_154' title='bbox 652 1972 842 2061; x_wconf 87' lang='grc' dir='ltr'><strong><em>ἀγγέλλειν,</em></strong></span> <span class='ocrx_word' id='word_1_155' title='bbox 867 1970 911 2054; x_wconf 79' lang='grc' dir='ltr'><strong><em>ὡς</em></strong></span> <span class='ocrx_word' id='word_1_156' title='bbox 927 1978 1076 2062; x_wconf 91' lang='grc' dir='ltr'><strong><em>Σμέρδις</em></strong></span> <span class='ocrx_word' id='word_1_157' title='bbox 1099 1975 1165 2057; x_wconf 85' lang='grc' dir='ltr'><strong><em>ίζό-</em></strong></span> <span class='ocrx_word' id='word_1_158' title='bbox 1224 1983 1225 2020; x_wconf 48' lang='grc' dir='ltr'><strong>ἓ</strong></span> 
     </span>
     <span class='ocr_line' id='line_1_19' title="bbox 154 2070 1164 2164; baseline 0.002 -26"><span class='ocrx_word' id='word_1_159' title='bbox 154 2098 255 2156; x_wconf 86' lang='grc' dir='ltr'><strong><em>μενος</em></strong></span> <span class='ocrx_word' id='word_1_160' title='bbox 272 2075 304 2151; x_wconf 91' lang='grc' dir='ltr'><strong><em>ές</em></strong></span> <span class='ocrx_word' id='word_1_161' title='bbox 325 2071 384 2141; x_wconf 85' lang='grc' dir='ltr'><strong><em>τὸν</em></strong></span> <span class='ocrx_word' id='word_1_162' title='bbox 400 2070 575 2161; x_wconf 78' lang='grc' dir='ltr'><strong><em>βασιλήιον</em></strong></span> <span class='ocrx_word' id='word_1_163' title='bbox 594 2072 727 2160; x_wconf 83' lang='grc' dir='ltr'><strong><em>θρόνον</em></strong></span> <span class='ocrx_word' id='word_1_164' title='bbox 744 2072 885 2154; x_wconf 75' lang='grc' dir='ltr'><strong><em>ψαύσειε</em></strong></span> <span class='ocrx_word' id='word_1_165' title='bbox 902 2079 942 2162; x_wconf 81' lang='grc' dir='ltr'><strong><em>τῇ</em></strong></span> <span class='ocrx_word' id='word_1_166' title='bbox 956 2080 1090 2164; x_wconf 82' lang='grc' dir='ltr'><strong><em>κεφαλή</em></strong></span> <span class='ocrx_word' id='word_1_167' title='bbox 1104 2081 1164 2142; x_wconf 83' lang='grc' dir='ltr'><strong><em>τοῦ</em></strong></span> 
     </span>
     <span class='ocr_line' id='line_1_20' title="bbox 155 2167 1166 2260; baseline 0.002 -24"><span class='ocrx_word' id='word_1_168' title='bbox 155 2167 313 2258; x_wconf 83' lang='grc' dir='ltr'><strong><em>ούρανοῦ.</em></strong></span> <span class='ocrx_word' id='word_1_169' title='bbox 337 2175 447 2249; x_wconf 78' lang='grc' dir='ltr'><strong><em>δείσας</em></strong></span> <span class='ocrx_word' id='word_1_170' title='bbox 462 2170 512 2248; x_wconf 69' lang='grc' dir='ltr'><strong><em>δέ</em></strong></span> <span class='ocrx_word' id='word_1_171' title='bbox 528 2169 580 2260; x_wconf 29' lang='grc' dir='ltr'><strong><em>,μή</em></strong></span> <span class='ocrx_word' id='word_1_172' title='bbox 596 2168 787 2257; x_wconf 81' lang='grc' dir='ltr'><strong><em>ἀπαιρεθέω</em></strong></span> <span class='ocrx_word' id='word_1_173' title='bbox 802 2168 865 2258; x_wconf 86' lang='grc' dir='ltr'><strong><em>τήν</em></strong></span> <span class='ocrx_word' id='word_1_174' title='bbox 879 2167 986 2258; x_wconf 89' lang='grc' dir='ltr'><strong><em>ἀρχήν</em></strong></span> <span class='ocrx_word' id='word_1_175' title='bbox 1001 2169 1089 2259; x_wconf 87' lang='grc' dir='ltr'><strong><em>πρδς</em></strong></span> <span class='ocrx_word' id='word_1_176' title='bbox 1105 2177 1166 2240; x_wconf 85' lang='grc' dir='ltr'><strong><em>τοῦ</em></strong></span> 
     </span>
     <span class='ocr_line' id='line_1_21' title="bbox 154 2263 1164 2360; baseline 0.007 -28"><span class='ocrx_word' id='word_1_177' title='bbox 154 2263 338 2354; x_wconf 85' lang='grc' dir='ltr'><strong><em>ἀδελφεοῦ,</em></strong></span> <span class='ocrx_word' id='word_1_178' title='bbox 362 2271 499 2355; x_wconf 85' lang='grc' dir='ltr'><strong><em>ἐποίησα</em></strong></span> <span class='ocrx_word' id='word_1_179' title='bbox 524 2270 687 2355; x_wconf 81' lang='grc' dir='ltr'><strong><em>ταχύτερα</em></strong></span> <span class='ocrx_word' id='word_1_180' title='bbox 706 2265 728 2357; x_wconf 81' lang='grc' dir='ltr'><em>ἢ</em></span> <span class='ocrx_word' id='word_1_181' title='bbox 749 2271 943 2357; x_wconf 75' lang='grc' dir='ltr'><strong><em>σοφώτερα·</em></strong></span> <span class='ocrx_word' id='word_1_182' title='bbox 976 2273 1014 2339; x_wconf 89' lang='grc' dir='ltr'><strong><em>έν</em></strong></span> <span class='ocrx_word' id='word_1_183' title='bbox 1034 2278 1076 2360; x_wconf 81' lang='grc' dir='ltr'><strong><em>τῇ</em></strong></span> <span class='ocrx_word' id='word_1_184' title='bbox 1099 2271 1164 2360; x_wconf 87' lang='grc' dir='ltr'><strong><em>γάρ</em></strong></span> 
     </span>
     <span class='ocr_line' id='line_1_22' title="bbox 153 2361 1224 2456; baseline 0.01 -28"><span class='ocrx_word' id='word_1_185' title='bbox 153 2361 353 2452; x_wconf 76' lang='grc' dir='ltr'><strong><em>ἀνθρωπηίῃ</em></strong></span> <span class='ocrx_word' id='word_1_186' title='bbox 368 2365 451 2450; x_wconf 91' lang='grc' dir='ltr'><strong><em>φύσι</em></strong></span> <span class='ocrx_word' id='word_1_187' title='bbox 464 2363 526 2435; x_wconf 92' lang='grc' dir='ltr'><strong><em>ούκ</em></strong></span> <span class='ocrx_word' id='word_1_188' title='bbox 542 2370 621 2454; x_wconf 77' lang='grc' dir='ltr'><strong><em>ένήν</em></strong></span> <span class='ocrx_word' id='word_1_189' title='bbox 637 2366 702 2453; x_wconf 82' lang='grc' dir='ltr'><strong><em>ἀρα</em></strong></span> <span class='ocrx_word' id='word_1_190' title='bbox 717 2367 754 2436; x_wconf 84' lang='grc' dir='ltr'><strong><em>τό</em></strong></span> <span class='ocrx_word' id='word_1_191' title='bbox 770 2373 894 2456; x_wconf 90' lang='grc' dir='ltr'><strong><em>μέλλον</em></strong></span> <span class='ocrx_word' id='word_1_192' title='bbox 904 2377 1063 2456; x_wconf 86' lang='grc' dir='ltr'><strong><em>γίνεσθαι</em></strong></span> <span class='ocrx_word' id='word_1_193' title='bbox 1076 2369 1166 2440; x_wconf 87' lang='grc' dir='ltr'><strong><em>ἀπο·</em></strong></span> <span class='ocrx_word' id='word_1_194' title='bbox 1223 2383 1224 2400; x_wconf 69' lang='grc'>’</span> 
     </span>
     <span class='ocr_line' id='line_1_23' title="bbox 152 2457 1165 2557; baseline 0.015 -33"><span class='ocrx_word' id='word_1_195' title='bbox 152 2457 308 2543; x_wconf 86' lang='grc' dir='ltr'><strong><em>τράπειν,</em></strong></span> <span class='ocrx_word' id='word_1_196' title='bbox 337 2459 401 2546; x_wconf 80' lang='grc' dir='ltr'><strong><em>έγω</em></strong></span> <span class='ocrx_word' id='word_1_197' title='bbox 425 2461 500 2532; x_wconf 77' lang='grc' dir='ltr'><strong><em>δὲδ</em></strong></span> <span class='ocrx_word' id='word_1_198' title='bbox 525 2466 664 2550; x_wconf 90' lang='grc' dir='ltr'><strong><em>μάταιος</em></strong></span> <span class='ocrx_word' id='word_1_199' title='bbox 683 2469 886 2554; x_wconf 86' lang='grc' dir='ltr'><strong><em>Πρηξάσπεα</em></strong></span> <span class='ocrx_word' id='word_1_200' title='bbox 912 2466 1104 2557; x_wconf 90' lang='grc' dir='ltr'><strong><em>ἀποπέμπω</em></strong></span> <span class='ocrx_word' id='word_1_201' title='bbox 1133 2473 1165 2550; x_wconf 87' lang='grc' dir='ltr'><strong><em>ές</em></strong></span> 
     </span>
     <span class='ocr_line' id='line_1_24' title="bbox 151 2557 1165 2654; baseline 0.014 -32"><span class='ocrx_word' id='word_1_202' title='bbox 151 2564 269 2624; x_wconf 84' lang='grc' dir='ltr'><strong><em>Σοῦσα</em></strong></span> <span class='ocrx_word' id='word_1_203' title='bbox 285 2557 528 2630; x_wconf 85' lang='grc' dir='ltr'><strong><em>ἀποκτενέοντα</em></strong></span> <span class='ocrx_word' id='word_1_204' title='bbox 541 2568 700 2650; x_wconf 85' lang='grc' dir='ltr'><strong><em>Σμέρδιν.</em></strong></span> <span class='ocrx_word' id='word_1_205' title='bbox 724 2568 984 2654; x_wconf 80' lang='grc' dir='ltr'><strong><em>ἐξεργασθέντος</em></strong></span> <span class='ocrx_word' id='word_1_206' title='bbox 999 2570 1038 2636; x_wconf 76' lang='grc' dir='ltr'><strong><em>δὲ</em></strong></span> <span class='ocrx_word' id='word_1_207' title='bbox 1052 2575 1165 2638; x_wconf 84' lang='grc' dir='ltr'><strong><em>κακοῦ</em></strong></span> 
     </span>
     <span class='ocr_line' id='line_1_25' title="bbox 150 2654 1165 2759; baseline 0.015 -39"><span class='ocrx_word' id='word_1_208' title='bbox 150 2655 313 2724; x_wconf 86' lang='grc' dir='ltr'><strong><em>τοσούτου</em></strong></span> <span class='ocrx_word' id='word_1_209' title='bbox 334 2654 440 2738; x_wconf 79' lang='grc' dir='ltr'><strong><em>ἀδεῶς</em></strong></span> <span class='ocrx_word' id='word_1_210' title='bbox 461 2658 663 2748; x_wconf 87' lang='grc' dir='ltr'><strong><em>διαιτεύμην,</em></strong></span> <span class='ocrx_word' id='word_1_211' title='bbox 683 2660 814 2749; x_wconf 89' lang='grc' dir='ltr'><strong><em>ούδαμά</em></strong></span> <span class='ocrx_word' id='word_1_212' title='bbox 833 2666 1090 2754; x_wconf 78' lang='grc' dir='ltr'><strong><em>ἐπιλεξάμενος,</em></strong></span> <span class='ocrx_word' id='word_1_213' title='bbox 1117 2663 1165 2759; x_wconf 89' lang='grc' dir='ltr'><strong><em>μή</em></strong></span> 
     </span>
     <span class='ocr_line' id='line_1_26' title="bbox 150 2754 1165 2857; baseline 0.021 -41"><span class='ocrx_word' id='word_1_214' title='bbox 150 2754 229 2818; x_wconf 90' lang='grc' dir='ltr'><strong><em>κοτέ</em></strong></span> <span class='ocrx_word' id='word_1_215' title='bbox 238 2759 285 2829; x_wconf 90' lang='grc' dir='ltr'><strong><em>τίς</em></strong></span> <span class='ocrx_word' id='word_1_216' title='bbox 300 2779 356 2839; x_wconf 92' lang='grc' dir='ltr'><strong><em>μοι</em></strong></span> <span class='ocrx_word' id='word_1_217' title='bbox 367 2759 533 2844; x_wconf 89' lang='grc' dir='ltr'><strong><em>Σμέρδιος</em></strong></span> <span class='ocrx_word' id='word_1_218' title='bbox 546 2756 824 2846; x_wconf 81' lang='grc' dir='ltr'><strong><em>ὑπαραιρημένου</em></strong></span> <span class='ocrx_word' id='word_1_219' title='bbox 838 2759 939 2843; x_wconf 85' lang='grc' dir='ltr'><strong><em>ἀλλος</em></strong></span> <span class='ocrx_word' id='word_1_220' title='bbox 953 2767 1165 2857; x_wconf 82' lang='grc' dir='ltr'><strong><em>ἐπανασταίη</em></strong></span> 
     </span>
     <span class='ocr_line' id='line_1_27' title="bbox 149 2845 1164 2954; baseline 0.022 -41"><span class='ocrx_word' id='word_1_221' title='bbox 149 2845 352 2935; x_wconf 75' lang='grc' dir='ltr'><strong><em>ἀνθρώπων.</em></strong></span> <span class='ocrx_word' id='word_1_222' title='bbox 382 2853 507 2932; x_wconf 80' lang='grc' dir='ltr'><strong><em>παντὸς</em></strong></span> <span class='ocrx_word' id='word_1_223' title='bbox 522 2854 558 2923; x_wconf 73' lang='grc' dir='ltr'><strong><em>δέ</em></strong></span> <span class='ocrx_word' id='word_1_224' title='bbox 572 2862 634 2922; x_wconf 85' lang='grc' dir='ltr'><strong><em>τού</em></strong></span> <span class='ocrx_word' id='word_1_225' title='bbox 648 2861 827 2943; x_wconf 84' lang='grc' dir='ltr'><strong><em>μέλλοντος</em></strong></span> <span class='ocrx_word' id='word_1_226' title='bbox 842 2866 982 2930; x_wconf 83' lang='grc' dir='ltr'><strong><em>ἔσεσθαι</em></strong></span> <span class='ocrx_word' id='word_1_227' title='bbox 997 2861 1164 2954; x_wconf 77' lang='grc' dir='ltr'><strong><em>ἀμαρτων</em></strong></span> 
     </span>
     <span class='ocr_line' id='line_1_28' title="bbox 148 2942 1164 3050; baseline 0.019 -37"><span class='ocrx_word' id='word_1_228' title='bbox 148 2942 410 3034; x_wconf 84' lang='grc' dir='ltr'><strong><em>ἀδελφεοκτόνος</em></strong></span> <span class='ocrx_word' id='word_1_229' title='bbox 424 2977 459 3019; x_wconf 90' lang='grc' dir='ltr'><strong><em>τε</em></strong></span> <span class='ocrx_word' id='word_1_230' title='bbox 475 2948 575 3019; x_wconf 75' lang='grc' dir='ltr'><strong><em>οὐδέν</em></strong></span> <span class='ocrx_word' id='word_1_231' title='bbox 590 2957 668 3021; x_wconf 91' lang='grc' dir='ltr'><strong><em>δέον</em></strong></span> <span class='ocrx_word' id='word_1_232' title='bbox 681 2958 804 3044; x_wconf 91' lang='grc' dir='ltr'><strong><em>γέγονα</em></strong></span> <span class='ocrx_word' id='word_1_233' title='bbox 839 2961 894 3027; x_wconf 78' lang='grc' dir='ltr'><strong><em>καί</em></strong></span> <span class='ocrx_word' id='word_1_234' title='bbox 907 2965 966 3047; x_wconf 85' lang='grc' dir='ltr'><strong><em>τής</em></strong></span> <span class='ocrx_word' id='word_1_235' title='bbox 981 2968 1164 3050; x_wconf 90' lang='grc' dir='ltr'><strong><em>βασιληίης</em></strong></span> 
     </span>
     <span class='ocr_line' id='line_1_29' title="bbox 146 3040 1222 3148; baseline 0.018 -37"><span class='ocrx_word' id='word_1_236' title='bbox 146 3040 248 3114; x_wconf 75' lang='grc' dir='ltr'><strong><em>οὐδὲν</em></strong></span> <span class='ocrx_word' id='word_1_237' title='bbox 269 3050 368 3117; x_wconf 77' lang='grc' dir='ltr'><strong><em>ἕσσον</em></strong></span> <span class='ocrx_word' id='word_1_238' title='bbox 389 3053 572 3136; x_wconf 80' lang='grc' dir='ltr'><strong><em>ἐστέρημαι.</em></strong></span> <span class='ocrx_word' id='word_1_239' title='bbox 617 3055 763 3140; x_wconf 90' lang='grc' dir='ltr'><strong><em>Σμέρδις</em></strong></span> <span class='ocrx_word' id='word_1_240' title='bbox 781 3053 847 3140; x_wconf 91' lang='grc' dir='ltr'><strong><em>γάρ</em></strong></span> <span class='ocrx_word' id='word_1_241' title='bbox 870 3055 911 3144; x_wconf 89' lang='grc' dir='ltr'><strong><em>δή</em></strong></span> <span class='ocrx_word' id='word_1_242' title='bbox 932 3050 978 3146; x_wconf 86' lang='grc' dir='ltr'><strong><em>ήν</em></strong></span> <span class='ocrx_word' id='word_1_243' title='bbox 1002 3056 1021 3128; x_wconf 86' lang='grc' dir='ltr'>ὁ</span> <span class='ocrx_word' id='word_1_244' title='bbox 1041 3061 1164 3148; x_wconf 86' lang='grc' dir='ltr'><strong><em>μάγος,</em></strong></span> <span class='ocrx_word' id='word_1_245' title='bbox 1221 3059 1222 3076; x_wconf 63' lang='grc'>’</span> 
     </span>
     <span class='ocr_line' id='line_1_30' title="bbox 146 3141 1163 3257; baseline 0.019 -45"><span class='ocrx_word' id='word_1_246' title='bbox 146 3141 207 3257; x_wconf 66' lang='grc' dir='ltr'><strong><em>τήν</em></strong></span> <span class='ocrx_word' id='word_1_247' title='bbox 220 3169 278 3229; x_wconf 87' lang='grc' dir='ltr'><strong><em>μοι</em></strong></span> <span class='ocrx_word' id='word_1_248' title='bbox 292 3143 311 3214; x_wconf 86' lang='grc' dir='ltr'><strong><em>ὁ</em></strong></span> <span class='ocrx_word' id='word_1_249' title='bbox 326 3151 454 3234; x_wconf 85' lang='grc' dir='ltr'><strong><em>δαίμων</em></strong></span> <span class='ocrx_word' id='word_1_250' title='bbox 470 3153 656 3235; x_wconf 87' lang='grc' dir='ltr'><strong><em>προέφαινε</em></strong></span> <span class='ocrx_word' id='word_1_251' title='bbox 672 3155 710 3221; x_wconf 82' lang='grc' dir='ltr'><strong><em>έν</em></strong></span> <span class='ocrx_word' id='word_1_252' title='bbox 722 3160 762 3242; x_wconf 84' lang='grc' dir='ltr'><strong><em>τή</em></strong></span> <span class='ocrx_word' id='word_1_253' title='bbox 776 3152 835 3235; x_wconf 80' lang='grc' dir='ltr'><strong><em>ὄψι</em></strong></span> <span class='ocrx_word' id='word_1_254' title='bbox 849 3159 1163 3248; x_wconf 80' lang='grc' dir='ltr'><strong><em>ἐπαναστήσεσθαι.</em></strong></span> 
     </span>
     <span class='ocr_line' id='line_1_31' title="bbox 145 3240 1165 3348; baseline 0.021 -39"><span class='ocrx_word' id='word_1_255' title='bbox 145 3262 183 3302; x_wconf 80' lang='grc' dir='ltr'><strong><em>το</em></strong></span> <span class='ocrx_word' id='word_1_256' title='bbox 196 3241 258 3323; x_wconf 70' lang='grc' dir='ltr'><strong><em>μέν</em></strong></span> <span class='ocrx_word' id='word_1_257' title='bbox 273 3240 313 3328; x_wconf 89' lang='grc' dir='ltr'><strong><em>δή</em></strong></span> <span class='ocrx_word' id='word_1_258' title='bbox 330 3249 429 3331; x_wconf 80' lang='grc' dir='ltr'><strong><em>ἔργον</em></strong></span> <span class='ocrx_word' id='word_1_259' title='bbox 445 3249 638 3334; x_wconf 81' lang='grc' dir='ltr'><strong><em>ἐξέργασταί</em></strong></span> <span class='ocrx_word' id='word_1_260' title='bbox 644 3276 717 3338; x_wconf 90' lang='grc' dir='ltr'><strong><em>μοι,</em></strong></span> <span class='ocrx_word' id='word_1_261' title='bbox 730 3254 785 3321; x_wconf 79' lang='grc' dir='ltr'><strong><em>καὶ</em></strong></span> <span class='ocrx_word' id='word_1_262' title='bbox 795 3258 948 3342; x_wconf 85' lang='grc' dir='ltr'><strong><em>Σμέρδιν</em></strong></span> <span class='ocrx_word' id='word_1_263' title='bbox 961 3257 1026 3326; x_wconf 85' lang='grc' dir='ltr'><strong><em>τόν</em></strong></span> <span class='ocrx_word' id='word_1_264' title='bbox 1038 3261 1165 3348; x_wconf 88' lang='grc' dir='ltr'><strong><em>Κύρου</em></strong></span> 
     </span>
     <span class='ocr_line' id='line_1_32' title="bbox 145 3335 1221 3452; baseline 0.028 -50"><span class='ocrx_word' id='word_1_265' title='bbox 145 3335 261 3418; x_wconf 86' lang='grc' dir='ltr'><strong><em>μηκέτι</em></strong></span> <span class='ocrx_word' id='word_1_266' title='bbox 283 3337 363 3425; x_wconf 84' lang='grc' dir='ltr'><strong><em>ὑμῖν</em></strong></span> <span class='ocrx_word' id='word_1_267' title='bbox 388 3345 485 3412; x_wconf 87' lang='grc' dir='ltr'><strong><em>έύντα</em></strong></span> <span class='ocrx_word' id='word_1_268' title='bbox 508 3354 697 3432; x_wconf 70' lang='grc' dir='ltr'><strong><em>λογιζεσθε·</em></strong></span> <span class='ocrx_word' id='word_1_269' title='bbox 727 3357 763 3419; x_wconf 87' lang='grc' dir='ltr'><strong><em>οί</em></strong></span> <span class='ocrx_word' id='word_1_270' title='bbox 781 3353 817 3420; x_wconf 69' lang='grc' dir='ltr'><strong><em>δέ</em></strong></span> <span class='ocrx_word' id='word_1_271' title='bbox 842 3352 926 3443; x_wconf 79' lang='grc' dir='ltr'><strong><em>ύμῖν</em></strong></span> <span class='ocrx_word' id='word_1_272' title='bbox 946 3360 1055 3448; x_wconf 89' lang='grc' dir='ltr'><strong><em>μάγοι</em></strong></span> <span class='ocrx_word' id='word_1_273' title='bbox 1075 3389 1166 3452; x_wconf 54' lang='grc' dir='ltr'><strong><em>κραν</em></strong></span> <span class='ocrx_word' id='word_1_274' title='bbox 1220 3433 1221 3436; x_wconf 68' lang='grc'><strong><em>,</em></strong></span> 
     </span>
     <span class='ocr_line' id='line_1_33' title="bbox 145 3431 1166 3545; baseline 0.035 -49"><span class='ocrx_word' id='word_1_275' title='bbox 145 3431 258 3500; x_wconf 87' lang='grc' dir='ltr'><strong><em>τέουσι</em></strong></span> <span class='ocrx_word' id='word_1_276' title='bbox 280 3443 348 3505; x_wconf 79' lang='grc' dir='ltr'><strong><em>τῶν</em></strong></span> <span class='ocrx_word' id='word_1_277' title='bbox 372 3449 570 3528; x_wconf 85' lang='grc' dir='ltr'><strong><em>βασιληίων,</em></strong></span> <span class='ocrx_word' id='word_1_278' title='bbox 602 3446 663 3513; x_wconf 89' lang='grc' dir='ltr'><strong><em>τόν</em></strong></span> <span class='ocrx_word' id='word_1_279' title='bbox 686 3475 722 3516; x_wconf 88' lang='grc' dir='ltr'><strong><em>τε</em></strong></span> <span class='ocrx_word' id='word_1_280' title='bbox 745 3455 861 3520; x_wconf 78' lang='grc' dir='ltr'><strong><em>ἔλιπον</em></strong></span> <span class='ocrx_word' id='word_1_281' title='bbox 883 3459 1070 3545; x_wconf 80' lang='grc' dir='ltr'><strong><em>ἐπίτροπον</em></strong></span> <span class='ocrx_word' id='word_1_282' title='bbox 1090 3471 1166 3532; x_wconf 73' lang='grc' dir='ltr'><strong><em>τῶν</em></strong></span> 
     </span>
    </p>
   </div>
   <div class='ocr_carea' id='block_1_4' title="bbox 0 0 1254 3925">
    <p class='ocr_par' dir='ltr' id='par_1_5' title="bbox 0 0 1254 3925">
     <span class='ocr_line' id='line_1_34' title="bbox 0 0 1254 3925; baseline 0 5"><span class='ocrx_word' id='word_1_283' title='bbox 0 0 1254 3925; x_wconf 95' lang='lat' dir='ltr'><strong><em> </em></strong></span> 
     </span>
    </p>
   </div>
  </div>
 </body>
</html>
