2500 3925
31 247 32 252 '
162 243 225 307 294
541 251 791 309 HERODOTI

164 410 201 479 δὲ
211 412 246 488 ές
258 407 321 496 τὴν
331 413 516 478 Πλαταιίδα
526 415 602 496 γῆν,
619 407 711 493 παρὰ
722 407 783 478 τόν
794 407 947 478 Ἀσωπόν
957 410 1117 499 ποταμόν
1127 439 1180 479 τε-

164 510 340 596 ταγμένον.
364 505 406 576 ού
417 507 580 595 μέντοιτί
593 534 633 595 γε
645 521 752 596 τεῖχος
766 515 906 577 τοσοῦτο
921 513 1083 598 ἐποιέετο)
1102 509 1180 580 ἄλλ’

166 603 211 684 ὦς
222 607 274 674 ἐπὶ
285 607 365 674 δέκα
375 611 532 686 σταδίους
541 607 686 694 μα’λιστά
696 632 739 696 ιιη
748 611 902 694 μέτωπον
910 611 1062 679 ἕκαστον.
1082 612 1180 697 ἐχόν-

164 731 234 774 των
251 709 287 772 δὲ
307 703 367 772 τόν
387 704 495 774 πόνον
516 713 639 774 τοῦτον
659 711 728 774 τῶν
747 707 931 794 βαρβάρων
950 705 1179 795 Ἀτταγῖνοςὸ

165 805 352 894 Φρύνωνος
374 801 462 891 ἀνὴρ
486 811 631 892 Θηβαῖος
657 805 999 892 παρασκευασάμενος
1020 805 1181 893 μεγάλως

165 902 279 972 έκόλεε
299 905 351 971 ἐπὶ
372 907 476 984 ξείνια
492 900 597 970 αύτόν
615 927 652 970 τε
670 903 873 990 Μαρδόνιον
887 907 943 973 καί
963 904 1180 991 πεντήκοντα

164 1005 323 1085 Περσέων
339 999 419 1080 τοὺς
433 1001 692 1088 λογιμωτάτους,
707 1003 888 1088 κληθέντες
898 1005 935 1070 δέ
949 995 1045 1070 οὗτοι
1059 1005 1179 1069 εἵπου-

120 1117 151 1172 16
168 1123 214 1166 το.
244 1092 289 1186 ἦν
303 1100 341 1167 δὲ
360 1097 398 1166 τδ
417 1098 556 1169 δειπνόν
574 1101 779 1188 ποιεύμενον
798 1103 835 1168 ἐν
850 1101 989 1189 Θήβησι.
1024 1101 1123 1169 Τόδε
1146 1104 1180 1168 δὲ

163 1195 228 1284 ἤδη
242 1221 282 1264 τα
271 1195 481 1266 ἐπίλοιπα”
458 1223 586 1288 ηκουυυ
597 1199 828 1287 Θερσάνδρου,
843 1197 1017 1287 ἀνδρὸς
982 1227 1046 1287 μεν
1059 1198 1176 1285 Ὀρχο-

164 1304 300 1384 μενίου,
314 1305 456 1385 λογίμου
469 1298 506 1366 δὲ
523 1295 606 1377 ἐς
569 1323 610 1366 τα
625 1304 752 1387 πρῶτα
752 1302 790 1368 ἐν
802 1297 995 1392 Ὀρχομενῷ.
1021 1306 1091 1386 ἐφη
1107 1294 1176 1366 δε
1162 1324 1178 1364 ο

165 1399 378 1487 Θέρσανδρος
392 1407 559 1488 κληθῆναι
579 1401 635 1468 καὶ
653 1397 757 1479 αὐτὸς
769 1397 837 1468 ὑπό
856 1399 1051 1486 Ἀτταγίνου
1066 1395 1175 1467 ἐπὶ
1143 1424 1177 1464 το
1227 1420 1228 1481 3

165 1504 303 1568 δείπνου
316 1505 416 1567 τοῦτο
424 1508 622 1588 ,κληθῆναι
639 1500 676 1569 δὲ
696 1504 753 1569 καί
769 1506 929 1589 Θηβαίων
941 1499 1071 1586 ἄνδρας
1091 1523 1178 1566 πευ

165 1623 308 1684 τηκοντα
318 1605 378 1668 καί
384 1619 499 1685 σφεων
510 1597 551 1668 ού
561 1603 977 1687 χωριςέκατέροαςιιλῖναι,
988 1597 1177 1683 όλλόΠέρ-

165 1717 230 1783 σην
241 1721 276 1764 τε
287 1697 342 1764 καὶ
353 1704 503 1785 Θηβαίου
517 1702 554 1766 έν
568 1704 666 1787 κλίνη
681 1699 811 1788 ἑκάστη.
835 1696 880 1778 ὥς
893 1701 931 1768 δὲ
947 1696 1013 1766 ἀπὸ
1029 1701 1175 1766 δείπνου

163 1789 268 1883 ἦσαν,
286 1794 513 1865 διαπινόντων
526 1793 587 1865 τδν
603 1801 740 1884 Πέρσην
753 1793 814 1865 τόν
832 1794 1014 1883 ὁμόκλινον
1026 1793 1175 1864 Ἑλλάδα

163 1900 319 1981 γλῶσσαν
334 1897 425 1962 ίέντα
439 1904 590 1985 εἴρεσθαι
604 1893 710 1965 αὐτόν
723 1893 893 1975 ὁποδαπός
909 1898 995 1983 ἐστι,
1017 1891 1128 1973 αὐτὸς
1143 1895 1175 1959 δὲ

163 1994 413 2080 ὑποκρίνασθαι
429 1994 474 2077 ὡς
488 2007 538 2085 είη
551 1995 770 2087 Ὀρχομένιος.
798 1995 859 2065 τόν
875 1998 911 2065 δέ
926 2002 1049 2064 sintv-
1085 1990 1174 2061 Ἐπεὶ

163 2100 229 2161 νῦν
246 2091 469 2181 ὁμοτράπεζός
482 2098 522 2163 τέ
532 2120 589 2182 μοι
603 2097 659 2163 καὶ
674 2092 884 2182 ὁμόσπονδος
900 2096 1024 2181 ἐγένεο,
1038 2089 1174 2179 μνημό-

162 2188 251 2257 συνά
266 2216 317 2258 τοι
332 2189 468 2279 γνώμης
481 2200 538 2279 τῆς
554 2195 634 2280 ἐμῆς
647 2196 888 2261 καταλιπέσθαι
905 2194 1029 2277 ἐθέλω,
1046 2192 1109 2256 ἵνα
1122 2192 1176 2257 καὶ

162 2285 326 2378 προειδδς
340 2288 442 2369 αὐτὸς
452 2295 527 2377 περὶ
545 2298 697 2361 σεωυτοῦ
705 2289 933 2380 βουλεύεσθαι
944 2296 1018 2377 ἐχης
1028 2286 1071 2355 τοὶ
1083 2309 1177 2374 συμ-

162 2390 318 2475 φέροντα.
334 2384 416 2477 ὁρᾷς
427 2388 568 2467 τούτους
577 2386 658 2468 τούς
668 2390 892 2475 δαινυμένους
899 2388 1031 2475 Πέρσας
1044 2386 1103 2453 καὶ
1114 2382 1177 2452 τόν

161 2484 306 2573 στρατόν
326 2484 387 2554 τόν
401 2489 557 2572 ἐλίπομεν
573 2489 625 2554 ἐπὶ
643 2492 691 2577 τῷ
708 2492 845 2576 ποταμῷ
861 2483 1177 2571 στρατοπεδευόμε-

161 2608 241 2666 νονς
254 2585 385 2653 τούτων
395 2583 532 2654 πόντων
541 2582 762 2672 ὅψεαιόλίγου
772 2582 864 2663 τινός
873 2582 1000 2671 χρόνον
1008 2579 1175 2649 διελθόν·

160 2704 217 2758 τος
230 2677 365 2766 ὀλίγους
384 2680 479 2761 τινός
495 2680 574 2761 τούς
591 2685 879 2805 περιγενομένους
920 2678 1032 2748 Ταῦτά
1048 2704 1086 2746 τε
1102 2678 1224 2774 ἅμα
1223 2711 1224 2740 ι

159 2774 362 2865 τὸνΠέρσην
373 2784 483 2866 λέγειν
494 2782 550 2847 καὶ
560 2782 708 2866 μετιέναι
718 2780 825 2849 πολλὰ
837 2787 906 2849 τῶν
918 2777 1088 2866 δακρύων.
1109 2777 1174 2846 αύ-

159 2872 216 2955 τός
233 2875 270 2943 δὲ
289 2874 449 2963 θωμάσας
473 2873 534 2944 τόν
557 2876 662 2964 λόγον
676 2885 782 2947 εἰπεῖν
798 2875 882 2963 πρὸς
895 2874 1016 2945 αὐτόν·
1042 2872 1174 2943 Ούκῶν

161 2978 345 3067 Μαρδονίςο
356 3000 391 3043 τε
401 3004 506 3045 ταντα
514 3002 622 3063 χρεων
634 2982 701 3047 ἐστι
711 2982 823 3065 λεγειν
833 2980 889 3046 καὶ
899 2991 985 3045 τοῖσι
995 3001 1057 3062 μετ
1060 2974 1175 3045 ’έκεῖ-

159 3102 221 3143 νον
235 3079 273 3143 ἐν
286 3086 365 3165 αίνη
379 3080 471 3145 ἐοῦσι
485 3082 653 3167 Περσέων.
691 3078 759 3147 Τόν
772 3084 810 3147 δὲ
823 3076 906 3166 μετὰ
922 3083 1026 3145 ταῦτα
1042 3082 1173 3146 εἰπεῖν·

156 3179 269 3257 Ξείνε,
291 3173 356 3243 ὅτι
384 3180 440 3243 δεί
459 3181 619 3261 γενέσθαι
635 3181 672 3245 ἐκ
692 3202 754 3245 τον
738 3183 869 3261 θεοῦ,
892 3173 1068 3263 ἀμήχανον
1080 3173 1170 3242 ἀπο-

157 3277 275 3358 τρέψαι
289 3270 480 3367 ἄνθρύπω·
510 3272 590 3343 οὐδὲ
610 3274 675 3363 γὰρ
697 3274 797 3345 πιστὰ
814 3280 950 3363 λέγουσι
967 3275 1077 3342 ἐθέλει
1093 3282 1168 3342 πεί-

157 3376 284 3433 θεσθαι
304 3366 423 3448 οὐδείς.
455 3378 559 3440 ταῦτα
579 3375 615 3441 δὲ
632 3380 793 3461 Περσέων
812 3376 967 3461 συχνοί’
948 3374 1171 3459 επιστύμενοι

157 3460 308 3545 ἑπόμεθα
327 3460 494 3563 ἀναγκαίη
513 3473 731 3558 ἐνδεδεμένοι.
765 3475 900 3561 ἐχθίστη
915 3475 953 3541 δέ
974 3470 1081 3558 ὀδύνη
1098 3474 1221 3540 ἐστὶ
