2500 3925
318 278 405 340 ιιο.
437 280 482 337 [τι
516 278 614 338 οΑΡ.
647 280 805 341 ω-ιοτ
1002 272 1065 343 m

86 440 214 505 Παδαῖοι.
229 442 398 524 νομαίοισι
410 437 447 505 δέ
458 440 616 507 τοιοισίδε
628 442 780 523 λέγονται
788 444 950 527 χρᾶσθαι·
973 430 1066 519 δςάν

85 533 158 622 κόμη
168 541 235 603 τόν
245 530 373 621 άστόν,
385 532 430 622 ἦν
443 560 479 604 τε
492 534 579 622 άνὴρ
590 534 636 623 ἦν
644 561 681 605 τε
693 534 794 625 γυνὴ,
806 534 867 605 τόν
879 536 942 623 μέν
955 533 1064 625 ἄνδρα

84 632 184 720 άνδρες
196 638 231 702 οί
242 633 386 720 μάλιστά
397 638 433 702 οί
441 630 630 720 ὁμιλέοντες
641 641 826 721 κτείνουσι,
841 634 986 723 φάμενοι
1001 633 1065 703 αό-

84 730 132 799 τόν
144 734 328 820 τηκόμενον
341 739 383 820 τῇ
396 730 510 823 νοάσρο
523 728 564 799 τά
580 734 662 817 κρέα
679 740 773 820 σφίσι
787 737 1064 823 διαφθείρεσθαι·

81 829 96 897 ὁ
109 830 139 897 δέ
151 828 300 916 άπαρνός
311 833 379 901 ἐστι
384 827 431 917 μὴ
437 830 501 918 μέν
507 832 677 901 νουσέειν·
689 834 725 900 os
732 832 770 900 δέ
781 830 822 901 οὐ
834 832 1066 921 συγγινωσκό-

81 954 160 1012 μενοι
173 927 430 1019 ἀποκτείναντες
446 930 716 1015 κατευωχέονται.
744 926 789 1017 ἢν
803 930 840 999 δέ
859 929 946 1021 γυνὴ
964 929 1065 1021 κάμη,

81 1028 220 1110 ὡσαύτως
235 1034 273 1098 αλ
290 1029 521 1118 έπιχρεόμεναι
535 1028 680 1115 μάλιστα
692 1046 850 1116 γυναίκες
861 1028 966 1101 ταύτά
980 1045 1066 1101 τοῖσι

79 1124 205 1213 ἀνδράσι
219 1133 363 1196 ποιεῦσι.
391 1123 452 1195 τόν
466 1122 532 1213 γάρ
547 1122 588 1212 δὴ
605 1128 639 1205 ές
657 1133 763 1215 μῆρας
776 1126 983 1217 ἀπικόμενον
997 1127 1067 1197 θό-

79 1246 179 1305 στντες
197 1227 469 1310 κατευωχέονται.
505 1225 539 1303 ές
559 1225 597 1292 δέ
616 1225 742 1296 τούτου
761 1227 865 1313 λόγον
885 1225 927 1296 οὐ
949 1231 1070 1296 πολλοί

77 1354 152 1405 τινες
164 1324 280 1395 αὐτῶν
286 1320 513 1391 άπικνέουται·
528 1318 595 1410 πρό
609 1320 676 1412 γάρ
688 1317 812 1393 τοάτου
824 1322 884 1393 τόν
898 1326 931 1404 ές
939 1333 1067 1395 νοῦσον

77 1431 224 1491 πίπτοντα
239 1422 350 1491 πάντα
367 1425 546 1490 κτείνουσι.
584 1418 729 1508 Ἑτέραν
747 1425 786 1491 δέ
798 1427 866 1493 έστι
877 1422 991 1494 Ἰνδῶν
1012 1422 1070 1493 όδε
1086 1442 1135 1497 1oe

77 1520 162 1602 ἄλλος
175 1523 318 1612 τρόπος·
339 1520 417 1590 οὔτε
437 1525 608 1590 κτείνουσι
629 1518 731 1589 οὐδὲν
750 1527 916 1611 ἔμψυχον,
938 1524 1016 1594 οὔτε
1030 1534 1068 1592 ’τι

76 1628 256 1707 σπείρουσι,
278 1617 356 1687 οὔτε
375 1624 481 1698 οίιιίας
494 1623 668 1705 νομίζουσι
678 1624 870 1707 κεκτῆσθαι,
880 1624 1068 1711 ποιηφαγέ-

76 1737 140 1785 ουσι
154 1720 209 1804 δὲ,
230 1720 290 1787 καλ
306 1713 438 1785 αιἰτοίσί
455 1719 525 1785 έστι
546 1714 631 1785 ὅσον
651 1720 788 1805 κέγχρος
807 1718 846 1786 τὸ
867 1723 1016 1808 μέγαθος
1031 1721 1068 1787 έν

75 1816 200 1903 κάλυκι,
230 1814 422 1903 αὐτόματον
447 1819 484 1884 έκ
507 1822 565 1903 τῆς
585 1822 647 1903 γῆς
668 1817 867 1905 γινόμενον,
888 1817 926 1888 τό
949 1820 1068 1887 συλλέ-

75 1938 176 2000 γοντες
189 1911 277 2005 αὐτῇ
292 1911 413 1984 κάλυκι
425 1917 548 1997 ἕψουσί
554 1941 591 1984 τε
604 1917 661 1986 καί
678 1918 851 1990 σιτέονται.
875 1914 912 1997 δς
928 1914 959 1985 δ’
977 1913 1022 1985 άυ
1036 1917 1069 1996 ές

75 2021 188 2081 νοῦσον
198 2011 315 2084 αὐτόν
327 2017 428 2102 πίση,
441 2011 554 2082 ἐλθόν
565 2015 599 2092 ές
609 2012 672 2102 τὴν
685 2018 810 2104 ἐρῆμον
820 2018 944 2084 κέεται·
960 2041 1069 2104 φρον-

74 2118 140 2193 τίζει
152 2112 189 2181 δὲ
201 2110 398 2191 οόδεῖςοῦτ’
412 2109 649 2192 άποθανόντος
660 2111 943 2201 οὕτεκάμνοντος.
967 2118 1069 2195 Μίξις
1087 2135 1134 2190 1⁰1

75 2215 104 2279 δὲ
120 2212 252 2280 τούτων
270 2218 339 2279 τῶν
356 2209 472 2280 Ἰνδῶν
492 2220 561 2282 τόν
581 2215 737 2294 κατέλεξα
757 2214 896 2282 πάντων
918 2216 1069 2304 ἐμφανής

75 2313 132 2380 ἐστι
154 2312 306 2403 κατάπερ
334 2319 402 2380 τῶν
422 2312 620 2401 προβάτων,
643 2315 699 2382 καί
718 2310 755 2380 τό
776 2320 891 2401 χρῶμα
906 2317 1068 2402 φορέουσι

75 2406 181 2494 ὁμοῖον
195 2409 321 2489 πάντες
335 2413 390 2480 καί
401 2409 636 2498 παραπλήσιον
646 2415 797 2493 Αίθίοψι.
819 2409 840 2499 ἡ
854 2409 939 2498 μονὴ
954 2411 991 2482 δέ
1005 2409 1068 2480 αὐ-

74 2516 147 2594 τόν,
167 2506 233 2596 τὴν
255 2506 408 2577 άπίενται
427 2512 460 2589 ές
481 2507 540 2588 τάς
554 2523 734 2598 γυναῖκας,
755 2507 797 2580 οὐ
834 2511 984 2602 κατάπερ
999 2516 1068 2580 τῶν

75 2608 175 2678 ἄλλων
191 2607 389 2698 άνθριόπων
403 2611 471 2678 έστί
485 2607 587 2697 λευκὴ
596 2660 605 2694 ,
630 2607 714 2680 άλλά
730 2613 886 2699 μέλαινα,
918 2611 1067 2700 κατάπερ

75 2705 105 2773 ιδ
123 2714 254 2794 χρῶμα·
274 2709 435 2794 τοιαύτην
455 2707 492 2777 δὲ
517 2709 638 2776 ποδί
590 2716 623 2776 Α
623 2707 794 2788 ίθίοπες’
775 2717 927 2779 απίενται
945 2709 1067 2798 θορήν.

76 2799 158 2873 οὗτοι
178 2805 244 2892 μέν
261 2832 332 2872 των
343 2803 457 2874 Ἰνδῶν
479 2809 644 2894 ἑκαστέρω
659 2832 728 2874 των
743 2812 902 2895 Περσέων
922 2812 1068 2878 οἰκέουσι

75 2902 219 2990 καὶπρὸς
239 2905 344 2974 νότου
360 2892 505 3009 άνέμου,
528 2906 583 2973 καί
596 2913 746 2993 Δαρείου
766 2909 918 2993 βασιλέος
938 2902 1068 2990 οὐδαμά

77 2998 274 3091 ὑπήκουσαν.
310 3001 426 3074 ’Ἀλλοι
441 3007 478 3073 δὲ
500 3011 568 3072 τόν
579 3002 696 3076 Ἰνδων
712 3005 925 3096 Κασπατόρρο
939 3031 976 3074 τε
992 3005 1071 3072 πόλι
1087 3020 1137 3075 10²

75 3104 122 3170 καί
135 3129 175 3192 τη
159 3110 363 3192 Πακτυϊκῇ
379 3105 471 3192 χάρη
494 3109 524 3172 εί
511 3105 557 3172 tol
571 3104 783 3225 πρόσουροι,
796 3102 880 3190 πρὸς
896 3101 1022 3185 άρκτου
1034 3125 1070 3167 τε

77 3205 123 3270 καὶ
149 3203 257 3291 βορέω
284 3200 413 3301 άνέμου
429 3206 664 3289 κατοικημένοι
678 3209 747 3271 τῶν
761 3200 872 3270 άλλων
889 3199 1020 3285 Ἰνδῶν,
1038 3204 1074 3266 οἳ

77 3310 258 3387 Βακτρίοισι
270 3308 507 3389 παραπλησιην
518 3308 631 3388 έχουσι
642 3305 789 3369 δίαιταν
804 3323 897 3366 ουτοι
908 3299 963 3366 καὶ
973 3323 1071 3385 μαχι

79 3404 215 3487 μάτατοί
226 3409 290 3474 είσι
299 3401 433 3489 Ἰνδων,
454 3406 559 3472 καλοί
573 3399 674 3471 έπι
640 3428 701 3470 του
714 3394 842 3487 χρυσόν
858 3399 1074 3486 στελλόμενοί

79 3492 191 3570 είσι’
147 3527 255 3570 ουτοι·
278 3500 363 3572 κατά
378 3527 442 3589 μαρ
458 3508 558 3571 τοῦτο
572 3503 640 3568 έστί
651 3502 769 3583 ἐρημίη
781 3492 882 3562 διά
846 3521 908 3580 την
922 3496 1069 3581 ψάμμον.
