2500 3925
191 242 254 306 2⁹0
570 244 820 305 HERODOTI

192 402 318 493 δυνατὴ
339 406 442 474 ίούσα
463 406 551 473 ε’λείν
572 400 654 484 τούς
673 410 920 492 Βαβυλωνίους.
955 414 1062 476 καίτοι
1083 405 1185 477 πάντα

190 512 378 593 σοφίσματα
402 508 458 573 καὶ
481 505 590 582 πάσας
618 500 767 589 μηχανάς
790 502 984 589 ἐπεποιήκεε
1010 506 1044 582 ἐς
1069 498 1184 581 αύτούς

189 617 351 691 Δαρεῖος·
373 602 447 674 ἄλλ’
470 602 545 672 οὐδ’
564 601 608 682 οἳς
625 603 767 671 ἐδύνατο
782 606 869 671 ἑλεῖν
890 624 995 689 σφεας
1010 602 1143 671 ἄλλοισί
1154 626 1184 671 τε

190 713 372 793 σοφίσμασι
396 705 655 791 πειρησάμενος,
683 705 740 770 καί
766 700 806 788 δὴ
834 706 888 770 καί
913 710 959 793 τῷ
984 710 1100 787 Κῦρος
1127 698 1185 770 εἷλέ

190 827 311 891 σφεας,
333 808 389 873 καλ
404 804 513 895 τούτῳ
530 802 702 889 ἐπειρήθη.
732 797 816 869 ἀλλὰ
830 797 897 887 γάρ
918 804 1036 880 δεινῶς
1048 793 1138 888 ἦσαν
1153 802 1183 867 ἐν

190 908 359 990 φυλακῇσι
373 905 409 969 οί
419 899 649 988 Βαβυλώνιοι,
674 895 756 966 ούδέ
774 917 879 984 σφεας
895 892 965 977 οἷύς
981 923 1018 967 τε
1029 889 1077 985 ἦν
1094 900 1181 966 ἑλεῖν.

124 1018 173 1073 153
184 1001 351 1071 Ἐυθαύτα
366 1006 502 1092 εἰκοστῷ
518 1003 597 1089 μηνὶ
608 998 761 1089 Ζωπύρῳ
776 1006 822 1087 τῳ
834 998 1040 1086 Μεγαβύζου
1054 995 1181 1081 τούτου,

189 1097 227 1178 ὃς
240 1105 308 1166 τών
323 1095 404 1166 ἑπτὰ
424 1096 560 1186 άνδρών
580 1101 711 1184 ἐγένετο
728 1103 796 1165 τών
818 1093 879 1164 τὸν
899 1096 1009 1183 μάγον
1029 1096 1181 1165 κατελόν-

187 1224 266 1281 των,
277 1200 400 1267 τούτου
412 1204 474 1266 τού
482 1196 689 1285 Μεγαβύζου
710 1199 803 1265 παιδί
817 1197 971 1286 Ζωπύρῳ
988 1198 1121 1283 ἐγένετο
1137 1196 1178 1262 τί

189 1321 250 1379 ρας
263 1293 358 1363 τόδε·
385 1302 453 1362 τών
468 1299 502 1365 ot
514 1295 705 1382 σιτοφόρων
719 1292 873 1383 ἡμιόνων
886 1300 945 1380 μία
962 1300 1062 1362 ίτεκε.
1092 1290 1137 1372 ὡς
1152 1295 1184 1359 δι’

189 1399 224 1468 οί
237 1397 418 1481 ἐξηγγέλθη
439 1398 494 1464 καλ
516 1393 583 1464 ὑπὸ
605 1394 759 1479 ἀπιστίης
782 1391 884 1473 αύτδς
906 1391 1107 1481 ὁΖώπνρος
1127 1393 1183 1463 ελδι

187 1493 225 1564 τὸ
246 1497 387 1580 βρέφος,
409 1489 551 1572 άπείπας
573 1506 659 1561 τοῖσι
680 1491 832 1559 δούλοισι
852 1494 970 1577 μηδενὶ
992 1493 1134 1578 φράζειν
1151 1492 1182 1559 τὸ

188 1591 328 1684 γεγονὸς
349 1593 557 1681 ἐβουλεύετο.
591 1599 650 1661 καί
668 1596 702 1661 οί
719 1588 803 1678 πρὸς
826 1589 867 1659 τὰ
888 1598 948 1660 τοῦ
968 1599 1184 1680 Βαβυλωνίου

188 1695 335 1783 βήματα,
358 1687 395 1770 ὃς
408 1689 482 1758 κατ’
505 1688 608 1779 ἀρχάς
629 1694 749 1776 ἔφησε,
772 1689 874 1757 ἐπεάν
900 1713 962 1773 περ
982 1685 1120 1777 ἡμίονοι
1138 1694 1180 1757 τέ·

188 1812 288 1877 κωσι,
310 1791 386 1861 τότε
400 1786 437 1857 τὸ
453 1804 558 1877 τεῖχος
574 1785 784 1873 ἁλώσεσθαι,
808 1784 893 1874 πρὸς
905 1788 1032 1874 ταύτην
1046 1784 1110 1873 την
1125 1785 1184 1873 φίγ

187 1917 255 1979 μην
269 1888 422 1981 Ζωπύρῳ
443 1887 556 1957 ἐδόκεε
576 1885 661 1956 εἶναι
681 1883 848 1973 ἁλώσιμος
870 1882 891 1974 ἡ
911 1885 1096 1975 Βαβυλών·
1127 1883 1184 1952 σύν

186 1987 252 2078 γάρ
265 1997 337 2079 θεῷ
352 1988 483 2058 ἐκεῖνόν
502 2013 538 2056 τε
559 1993 664 2056 εἰπεῖν
685 1989 741 2055 καλ
757 1988 874 2076 ’ἑωυτῷ
891 2001 1000 2054 τεκεῖν
1016 1984 1079 2074 τὴν
1092 1983 1183 2074 ἡμίο-

124 2097 175 2154 154
187 2114 259 2156 νον.
298 2086 358 2166 Ὡς
372 2089 411 2155 δέ
422 2091 456 2156 οί
469 2087 581 2156 ἐδόκεε
597 2086 767 2173 μόρσιμον
783 2084 867 2153 εἶναι
881 2082 945 2173 ἤδη
960 2093 1000 2175 τῇ
1009 2093 1183 2174 Βαβυλῶνι

186 2183 402 2271 ἁλίσκεσθαι,
417 2183 618 2269 προσελθὸν
632 2189 764 2276 Δαρείῳ
779 2182 1057 2272 ἀπεπυνθάνετο,
1075 2192 1108 2255 εί
1116 2185 1183 2269 περὶ

187 2287 315 2349 πολλοῦ
336 2281 442 2366 κάρτα
456 2285 601 2352 ποιέεται
617 2281 681 2370 τὴν
693 2290 882 2372 Βαβυλῶνα
904 2285 999 2352 ἑλεῖν.
1033 2284 1182 2369 πυθόμε-

186 2404 246 2458 νος
259 2377 312 2464 δὲ,
334 2376 378 2459 ὡς
392 2388 520 2449 πολλοῦ
535 2389 675 2473 τιμῷτο,
696 2381 777 2451 άλλο
792 2384 1008 2471 ἐβουλεύετο,
1024 2382 1113 2463 ὅκως
1127 2379 1182 2450 αύ-

186 2480 242 2559 τύς
255 2505 290 2548 τε
306 2485 396 2548 ἔσται
417 2478 435 2549 ὁ
458 2479 543 2551 ἑλών
559 2480 666 2569 αὐτὴν
682 2486 737 2550 καλ
752 2485 879 2552 ἑωυτοῦ
901 2479 937 2550 τὰ
961 2489 1062 2571 ἔργον
1079 2490 1181 2552 ἔσται·

186 2578 291 2665 κάρτα
300 2576 367 2666 γάρ
383 2584 420 2648 ἐν
431 2594 516 2648 τοῖσι
526 2586 674 2669 Πέρσησι
690 2585 727 2650 αί
738 2578 957 2668 ἀγαθοεργίαι
972 2583 1005 2660 ἐς
1018 2579 1056 2648 τὸ
1072 2580 1182 2668 πρόσω
1217 2581 1218 2595 ’

185 2677 352 2764 μεγάθεος
368 2679 550 2768 τιμίονται·
576 2679 667 2771 άλλῳ
682 2683 744 2767 μίν
764 2707 831 2749 νυν
848 2678 911 2750 οὐκ
926 2679 1085 2768 ἐφράζετο
1102 2685 1182 2767 ἔργῳ
1216 2731 1217 2768 ,

186 2772 329 2854 δυνατὸς
350 2773 438 2846 εἶναί
459 2805 519 2864 μιν
544 2776 740 2866 ὑποχειρίην
763 2786 915 2868 ποιῆσαι,
946 2785 977 2848 εί
1000 2776 1030 2846 δ’
1060 2773 1182 2846 ἑωυτὸν
1214 2769 1217 2812 '¹

184 2873 421 2963 λωβησάμενος
436 2873 675 2962 αὐτομολήσειε
689 2878 722 2956 ἐς
739 2876 870 2957 αύτούς.
893 2881 1043 2946 ἐνθαῦτα
1059 2880 1097 2944 ἐν
1110 2880 1181 2944 ἐλα-

185 2980 260 3065 φρῷ
280 2973 505 3060 ποιησάμενος
525 2973 652 3042 ἑωυτὸν
678 2985 824 3065 λωβᾶται
845 2975 960 3064 λώβην
984 2973 1180 3064 ἀνήκεστον·

184 3069 365 3158 ἀποταμών
380 3070 445 3158 γάρ
461 3075 589 3141 ἑωυτοῦ
603 3073 666 3160 τὴν
680 3080 757 3165 ῥῖνα
772 3073 879 3145 καὶτὰ
898 3068 966 3143 ώτα
983 3071 1112 3162 καλιὴν
1126 3073 1180 3140 κό-

183 3195 250 3254 μην
266 3176 375 3248 κακώς
396 3178 586 3258 περικείρας
607 3176 662 3243 καί
679 3175 889 3263 μαστιγώσας
905 3167 991 3262 ἦλθε
1006 3170 1098 3258 παρά
1111 3182 1180 3242 Δα-

125 3287 173 3338 155
182 3277 283 3346 θεῖον·
333 3276 478 3353 Δαρεῖος
498 3269 534 3336 δὲ
556 3270 662 3355 κάρτα
687 3275 814 3359 βαρέως
835 3270 948 3360 ἤνεικε
969 3270 1053 3342 ἰδών
1080 3271 1180 3355 ἄνδρα

183 3361 411 3444 δοκιμώτατον
431 3371 683 3457 λελωβημένον,
706 3377 742 3440 ἔκ
763 3399 799 3440 τε
818 3380 879 3440 τοῦ
895 3373 1030 3457 θρόνου
1056 3370 1180 3454 άναπη.

182 3455 286 3543 δήσας
301 3456 453 3546 άνέβωσί
465 3490 500 3532 τε
520 3469 575 3534 καί
591 3470 699 3557 είρετύ
715 3498 790 3557 μιν,
814 3471 904 3552 ὅστις
925 3481 975 3558 εἴη
998 3469 1181 3560 ὁλωβησά-
