2500 3925
142 245 204 313 188
511 254 762 312 HERODOTI

141 410 339 499 Αἰγύπτιοι,
361 408 427 480 ἀπὸ
443 413 481 481 δὲ
494 417 691 501 Αἰγυπτίων
702 409 900 499 Ἀμμοόνιοι,
915 408 1026 489 έόντες
1038 413 1153 496 Λίγυ-

141 517 248 580 ττίων
260 534 297 578 τε
316 513 372 578 καλ
384 509 566 580 Αἰθιόπων
586 511 721 581 ἄποικοι
738 513 795 578 καλ
810 505 930 596 φωνὴν
946 502 1068 594 μεταξὺ
1082 501 1150 590 ἆμ-

142 613 296 698 φοτέρων
314 610 515 694 νομίζοντες.
568 605 698 676 δοκέειν
729 604 759 674 δ’
794 608 882 696 ἐμοί,
913 609 969 675 καὶ
999 604 1152 692 τοῦνομα

138 707 319 795 ’Λμμόνιοι
338 703 405 775 ἀπὸ
429 711 531 776 τοῦδέ
549 733 610 796 σφι
632 706 696 796 τὴν
716 710 911 796 ἐπωνυμίην
933 706 1152 793 ἐποιήσαντο·

138 804 288 893 Ἀμμοῦν
316 803 382 895 γὰρ
406 807 586 893 Αἰγύπτιοι
619 810 776 876 καλέουσι
808 802 868 874 τόν
892 811 969 874 Δία.
1005 801 1083 882 τούς
1112 801 1154 868 δὲ

143 902 260 988 κριοδς
275 902 316 972 οό
328 906 458 975 θύουσι
469 914 628 994 Θηβαῖοι,
643 902 718 976 ἀλλ’
735 911 802 973 είσί
812 923 874 991 σφι
888 906 954 987 ίρολ
969 898 1023 969 διὰ
1039 906 1149 970 τοῦτο.

144 1011 203 1090 μιῇ
225 1005 261 1073 δὲ
281 1001 389 1095 ἡμέρη
409 1011 471 1072 τοῦ
490 1008 666 1091 ἐνιαυτοῦ,
689 1007 726 1072 έν
747 1001 828 1092 ὁρτῇ
852 1007 914 1069 τοῦ
929 997 1029 1086 Διὸς,
1052 992 1150 1080 κριὸν

144 1104 205 1169 ἕνα
230 1099 478 1184 κατακόψαντες
501 1106 557 1173 καλ
571 1101 809 1191 ἀποδείραντες
829 1097 912 1169 κατὰ
926 1095 1033 1168 τόντδ
1050 1095 1151 1166 ἐνδό-

146 1216 223 1266 ονσι
239 1197 397 1286 τόγαλμα
411 1208 473 1268 τοῦ
486 1198 588 1289 Διὸς,
603 1203 659 1268 καί
674 1206 803 1268 ἔπειτεν
814 1195 896 1267 ἄλλο
907 1195 1039 1284 ἄγαλμα
1047 1193 1151 1280 Ἡρα·
1244 1197 1245 1246 ³

144 1298 240 1374 κλέος
259 1297 469 1384 προσάγουσι
483 1296 568 1386 πρὸς
581 1296 675 1368 αι’τό.
702 1304 807 1365 ταῦτα
827 1295 864 1365 δέ
878 1294 1076 1384 ποιήσαντες
1090 1289 1151 1357 τό-

144 1422 282 1466 πτονται
300 1403 334 1467 οί
346 1403 422 1485 περὶ
442 1397 479 1468 τό
495 1398 572 1485 ίρόν
585 1398 730 1478 ἅπαντες
742 1396 803 1465 τόν
817 1393 915 1484 κριόν
941 1393 997 1462 καὶ
1023 1398 1152 1462 ἔπειτεν
1245 1455 1246 1462 ,

144 1501 183 1568 έν
195 1503 252 1586 ίρη
264 1496 357 1587 θήκῃ
371 1500 542 1568 θάπτουσι
559 1495 673 1566 αὐτόν.

94 1618 129 1674 43
223 1593 403 1680 Ἡρακλέος
418 1599 455 1666 δὲ
468 1599 545 1683 πέρι
558 1596 658 1666 τόνδε
671 1591 731 1664 τόν
746 1593 850 1681 λόγου
864 1590 1010 1681 ἥκουσα,
1032 1588 1152 1675 ότιέίη

146 1701 215 1764 τοῖν
230 1696 384 1764 δυόδεκα
398 1704 501 1766 θεῶν.
530 1703 592 1764 τοῦ
607 1696 723 1782 ἑτέρον
738 1693 775 1761 δὲ
790 1693 866 1776 πέρι
875 1689 1070 1780 Ἡρακλέος,
1091 1686 1154 1757 τόν

137 1792 295 1880 ’Έλληνες
312 1799 439 1883 οίδαοι,
454 1792 586 1885 οὐδαμῇ
596 1794 773 1880 Αίγύπτου
787 1790 983 1879 ἐδυνάσθην
998 1786 1151 1858 ἀκοῦσαι.

147 1896 203 1961 καὶ
217 1890 286 1981 μὴν
299 1892 351 1962 ότι
366 1919 405 1981 γε
422 1891 465 1965 οὐ
479 1890 554 1982 παρ’
565 1891 735 1982 Ἑλλήνων
755 1895 877 1979 ἔλαβον
906 1886 1055 1979 τοῦνομα
1084 1888 1150 1957 τοῦ

139 1993 320 2078 ‘nmmos
335 1997 531 2084 Αιγσιιιοι,
560 1988 637 2065 ἄνι’
658 1989 816 2081 “mnus
833 2002 961 2080 μειιιι
981 1988 1062 2076 παρ’
1088 1996 1155 2060 Αι-

145 2104 312 2184 γυπτίων,
334 2099 389 2166 καὶ
400 2096 569 2184 Ἑλλήνων
580 2090 675 2166 οὗτοι
687 2102 720 2168 οί
729 2098 869 2183 θέμενοι
882 2102 927 2185 τῷ
939 2092 1146 2182 Ἀμφιτρύω·

146 2218 205 2272 νος
218 2193 310 2284 γόνφ
325 2190 456 2281 οὕνομα
464 2193 646 2280 Ἡρακλέα,
668 2194 776 2263 πολλοὶ
789 2219 846 2281 μοι
859 2195 915 2261 καί
931 2190 1014 2261 ἄλλα
1029 2190 1149 2279 τεκμή·

146 2291 204 2375 ριοί
220 2295 289 2361 έστι
302 2298 403 2359 τοῦτο
423 2290 513 2360 οὕτω
527 2299 631 2380 ἔχειν,
655 2296 692 2362 έν
715 2294 752 2362 δὲ
772 2294 827 2361 καί
846 2292 940 2377 τόδε,
962 2288 1014 2359 ότι
1033 2316 1069 2358 τε
1088 2296 1155 2357 τοῦ

140 2386 321 2475 Ἡρακλέος
338 2390 461 2458 τούτου
476 2396 511 2461 οί
518 2393 634 2480 γονέες
644 2390 828 2480 ἀμφότεροι
837 2385 926 2479 ἦσαν
937 2386 1154 2477 Ἀμφιτρύων

148 2490 203 2555 καλ
215 2484 381 2575 Ἀλκμήνη
395 2488 572 2576 γεγονότες
585 2490 623 2560 τό
640 2489 809 2559 ἀνέκαθεν
824 2484 878 2558 ἅττ’
892 2488 1079 2575 Αίγόπτου,
1096 2491 1154 2555 καὶ

147 2585 233 2652 διότι
247 2587 428 2670 Αἰγύπτιοι
442 2588 521 2657 οὔτε
534 2591 764 2668 Ποσειδέωνος
779 2587 857 2657 οὔτε
871 2587 1096 2675 Διοσκούρων
1111 2584 1155 2654 τοὶ

147 2678 321 2769 οὐνόματά
342 2704 425 2770 φασι
448 2689 589 2775 εἰδέναι,
612 2686 695 2757 οὐδέ
713 2707 775 2775 σφι
795 2691 872 2756 θεοί
896 2680 989 2755 οὗτοι
1009 2690 1046 2755 έν
1065 2697 1163 2757 τοῖσι

147 2778 278 2849 όίλλοισι
291 2791 402 2851 θεοῖσι
416 2782 663 2874 ἀποδεδέχαται.
686 2790 741 2856 καλ
756 2784 823 2874 μὴν
840 2796 874 2855 εί
883 2812 921 2874 γε
935 2785 1015 2872 παρ’
1033 2784 1158 2873 Ἐλλή-

146 2905 218 2947 νων
233 2885 355 2968 έλαβον
376 2882 507 2972 οόνομιὶ
527 2912 586 2954 τεν
606 2890 781 2972 δαίμονος,
802 2884 932 2953 τούτων
948 2881 1012 2953 οόκ
1031 2883 1157 2970 ἥκιστα

146 2976 231 3047 ἆλλιὶ
253 2979 395 3065 μάλιστα
417 2988 556 3070 ἔμελλον
571 2985 708 3070 μνήμην
734 2986 836 3070 ἕξειν,
873 2993 967 3070 είπερ
999 2984 1055 3049 καὶ
1076 2980 1157 3049 τότε

144 3083 333 3166 ναντιλίηοι
348 3080 500 3166 ἐχρέοντο
515 3084 570 3149 καλ
589 3074 677 3168 ἦσαν
691 3078 860 3167 Ἑλλήνων
880 3079 968 3159 τινες
988 3085 1156 3168 ναυτίλοι,

147 3171 193 3253 ὡς
206 3179 350 3261 ἔλπομαί
366 3202 403 3242 τε
419 3180 475 3245 καλ
495 3176 555 3265 έμὴ
578 3179 696 3265 γνοόμη
718 3180 829 3265 αίρέει.
864 3176 948 3246 ὥστε
963 3178 1093 3248 τούτων
1110 3174 1158 3246 ἂν

145 3273 201 3340 καί
216 3279 350 3359 μᾶλλονΙ
364 3281 433 3341 τοῖν
451 3282 544 3344 θεῶν
564 3275 605 3343 τοὶ
629 3274 799 3363 οὐνόματα
819 3279 1028 3362 έξηπιστέατο
1042 3277 1159 3363 Αίγό·

145 3394 236 3437 πτιοι
249 3366 271 3457 ἢ
285 3376 347 3437 τοῦ
363 3368 551 3458 Ἡρακλέος.
581 3371 667 3443 α’λλοὶ
688 3401 738 3456 τις
757 3372 891 3462 ἀρχαῖός
912 3377 980 3443 ἐστι
993 3374 1076 3455 θεός
1089 3380 1158 3444 Αί-

147 3472 314 3554 γνπτίοιοι
334 3465 532 3557 Ἡρακλέης·
555 3470 599 3552 ὡς
624 3474 660 3541 δὲ
688 3468 783 3541 αὐτοὶ
809 3474 961 3561 λέγουσι,
988 3473 1063 3543 έτεό
1083 3476 1158 3544 έστι
