2500 3925
367 221 454 278 ΗΒ.
488 220 523 275 V.
558 217 659 278 CAP.
691 223 832 278 43-49.
997 265 1002 272 .
1059 213 1100 278 21
1185 263 1189 268 ,

92 411 160 472 μου
182 375 352 468 Δωριεύς,
381 379 527 466 ῦοθήῦαι
550 375 593 446 άυ
620 379 654 446 oc
672 375 904 463 πολλαπλήσια
922 371 944 463 ή
961 381 1100 472 Καλλίη.

91 489 197 550 ταῦτα
211 504 274 567 μευ
290 504 357 548 νυν
372 475 522 564 ἑκάτεροι
538 473 652 545 αῦτῦυ
668 473 836 562 μαρτύρια
856 471 1103 562 ἀποφαίνονται

92 582 149 648 καί
172 577 328 663 πάρεστι,
354 573 543 658 ὁκοτέροισί
558 600 609 653 τις
629 579 782 642 πείθεται
802 569 931 660 αῦτῦν,
953 574 1103 643 τούτοισι

92 679 328 763 προσχωρέειν.
373 676 582 744 Συνέπλωου
597 672 634 742 δὲ
644 673 774 759 Δωριέι
785 675 840 740 καὶ
856 670 951 742 άλλοι
965 681 1103 761 συγκτί-
1116 682 1151 737 46

92 794 169 842 σται
185 777 444 860 Σπαρτιητέων,
464 769 634 850 Θεσσαλός
655 774 711 840 καί
724 770 941 860 Παραιβάτης
963 775 1018 842 καλ
1035 781 1105 842 Κε-
1141 809 1144 814 ·

93 877 170 958 λέης
185 876 241 940 καὶ
255 869 458 959 Εὐρυλέων,
480 878 515 940 οἳ
530 866 642 940 έπείτε
662 868 822 940 ἀπίκοντο
837 873 935 940 παυτλ
950 871 1058 960 στόλῳ
1072 875 1105 950 ές

94 967 157 1056 τήν
172 977 351 1058 Σικελίην,
374 969 549 1038 ἀπέθανον
565 969 654 1058 μάχη
669 972 874 1048 ἑσσωθέντες
887 967 955 1038 ὑπό
969 997 1004 1039 τε
1021 979 1106 1039 Φοι-

93 1078 200 1140 νίκων
212 1072 267 1140 καί
278 1068 489 1157 Ἐγεσταίων·
511 1077 639 1156 μοῦνος
650 1071 690 1138 δέ
696 1096 735 1156 γε
746 1064 930 1156 Εὐρυλέων
941 1076 1009 1137 τῦν
1021 1090 1106 1156 συγ-

94 1173 254 1238 κτιστέων
268 1172 479 1257 περιεγένετο
492 1169 616 1236 τούτου
631 1175 693 1236 τοῦ
708 1168 845 1248 πάθεος.
873 1165 1053 1256 συλλαβάν
1068 1167 1105 1235 δὲ

95 1259 194 1347 οὗτος
214 1275 271 1354 τῆς
293 1275 448 1356 στρατιῆς
467 1264 547 1346 τοῦς
567 1267 848 1354 περιγενομένους
868 1272 941 1353 ἔσχε
958 1265 1106 1352 Μινύην

94 1365 158 1455 τήν
168 1375 401 1437 Σελινουσίων
418 1364 588 1453 άποικίην,
603 1369 659 1433 καλ
672 1369 928 1453 συνηλευθέρου
938 1375 1107 1436 Σελινου-

95 1472 190 1546 σίους
204 1474 266 1534 τοῦ
281 1467 479 1554 μουνάρχου
492 1464 724 1552 Πειθαγόρεω.
752 1462 834 1552 μετά
850 1465 903 1552 θλ,
925 1462 970 1545 ὡς
985 1472 1106 1534 τοῦτον

95 1572 242 1651 κατεῖλε,
262 1563 364 1646 αύτός
385 1568 562 1651 τυραννίδι
585 1566 774 1652 ἐπεχείρησε
788 1571 1030 1650 Σελινοῦντος,
1051 1564 1107 1632 καὶ

98 1661 327 1750 ἐμουνάρχησε
339 1664 466 1751 χρόνον
479 1660 531 1732 ἐπ’
545 1659 677 1748 ὀλίγον·
701 1666 736 1730 οἱ
742 1662 808 1749 γάρ
820 1689 880 1749 μιν
889 1662 1107 1733 Σελινούσιοι

98 1762 342 1844 ἐπαναστάντες
364 1763 564 1835 ἀπέκτειναν
586 1764 827 1851 καταφυγόντα
848 1766 901 1833 ἐπί
921 1762 1007 1845 Διὸς
1024 1762 1106 1851 άγο-

97 1868 197 1945 ραίου
218 1863 343 1951 βωμόν.
394 1866 590 1932 Συνέσπετο
611 1864 649 1930 δὲ
668 1865 796 1949 Δωριέι
813 1866 869 1930 καί
890 1863 1106 1932 συναπέθανε
1121 1870 1155 1927 λλ

99 1966 265 2041 Φίλλπτιος
287 1959 304 2029 ὁ
326 1968 540 2033 Βουτακίδεω
559 1961 796 2049 Κροτωνιήτης
817 1959 921 2052 άνήρ,
941 1961 979 2042 ὃς
999 1960 1108 2051 ἁρμο-

100 2058 245 2145 σάμενος
276 2061 406 2149 Τήλυος
430 2070 491 2131 τοῦ
518 2068 716 2151 Συβαρίτεω
739 2065 912 2150 θυγατέρα
940 2069 1046 2151 ἔφυγε
1070 2065 1107 2131 έκ

98 2158 294 2246 Κρότωνος,
311 2165 471 2242 ψευσθείς
483 2165 519 2231 δὲ
533 2169 594 2231 τοῦ
608 2162 721 2249 γάμου
732 2170 838 2247 οίχετο
852 2161 976 2231 πλόων
990 2166 1024 2243 ές
1033 2170 1108 2231 Κυ-

98 2256 224 2346 ρήνην,
247 2260 283 2326 έκ
304 2260 426 2353 ταύτης
448 2261 485 2330 δὲ
507 2259 713 2348 ὁρμεόμευος
734 2265 917 2331 συνέσπετο
943 2268 1052 2351 οίκηίη
1071 2288 1108 2330 τε

99 2354 229 2443 τριήρει
242 2358 297 2425 καί
312 2363 422 2447 οίκηίη
437 2356 575 2443 άνδρῦν
591 2359 742 2448 δαπάνη,
765 2359 831 2427 ἐάν
844 2386 880 2428 τε
893 2358 1108 2448 Ὀλυμπιονί-

99 2480 159 2540 κης
180 2456 236 2521 καὶ
252 2453 428 2534 κάλλιστος
443 2454 614 2543 Ἑλλήνων
636 2463 704 2523 τῶν
724 2453 799 2524 κατ’
825 2457 962 2527 ἑωυτόν.
992 2456 1047 2525 διά
1072 2459 1108 2525 δὲ

99 2549 136 2619 τὸ
152 2552 280 2619 ἑωυτοῦ
300 2552 423 2632 κάλλος
442 2550 597 2639 ήνείκατο
617 2552 709 2640 παρά
727 2552 923 2640 Ἐγεσταίων
939 2554 980 2623 τά
997 2553 1108 2633 οὐδεὶς

99 2647 214 2729 άλλος·
239 2652 291 2719 ἐπὶ
309 2648 375 2738 γάρ
397 2657 459 2719 τοῦ
480 2650 592 2737 τάφον
613 2649 720 2721 αὐτοῦ
739 2648 868 2739 ήράιον
889 2654 1108 2741 ίῦρυσάμευοι

98 2756 240 2838 θυσίησι
259 2745 365 2818 αῦτόν
388 2749 590 2819 ίλάσκονται.
641 2749 797 2838 Δωριεύς
820 2755 883 2838 μέν
906 2779 972 2821 νυν
992 2753 1105 2843 τρόπω
1121 2763 1155 2817 48

99 2846 240 2939 τοιούτμ
257 2848 463 2936 ἐτελεύτησε·
482 2855 512 2918 εί
528 2849 565 2917 δέ
586 2845 742 2937 ήυέσηετο
762 2853 1024 2940 βασιλευόμενος
1038 2849 1105 2919 ὑπὸ

101 2946 306 3035 Κλεομένεος
319 2952 374 3018 καὶ
387 2952 546 3036 κατέμενε
561 2952 598 3018 έν
611 2949 771 3040 Σπάρτη,
791 2955 963 3039 ἐβασίλευε
977 2948 1021 3019 άν
1035 2961 1108 3019 Λα-

100 3050 312 3133 κεδαίμονος·
341 3046 383 3116 οῦ
397 3048 462 3134 γάρ
483 3075 559 3117 τινα
575 3047 702 3119 πολλόν
723 3050 848 3137 χρόνον
864 3043 944 3138 ήρξε
962 3047 981 3118 ό
1000 3057 1108 3119 Κλεο-

100 3147 217 3239 μένης,
231 3144 313 3216 ιἄλλ’
338 3145 489 3219 ἀπέθανε
506 3148 623 3235 άπαις,
645 3154 818 3237 θυγατέρα
833 3149 967 3239 μούνην
987 3147 1106 3236 λιπάν,

99 3248 140 3332 τῇ
155 3242 284 3332 ούνομα
297 3238 342 3334 ήν
355 3247 484 3334 Γοργώ.

180 3339 385 3413 Ἀπικυέεται
396 3344 428 3414 δ’
443 3339 492 3415 τόν
504 3345 521 3416 ὁ
534 3345 770 3437 Ἀρισταγόρης
780 3347 799 3419 ό
811 3350 969 3438 Μιλήτου
978 3350 1105 3439 τύραν-
1120 3359 1155 3417 49

100 3470 159 3523 νος
173 3446 206 3525 ές
219 3441 282 3534 τήν
298 3447 461 3535 Σπάρτην
476 3452 685 3536 Κλεομένεος
702 3456 834 3538 ἔχοντος
847 3448 910 3538 τήν
924 3448 1047 3540 άρχήν,
1061 3457 1108 3541 τῷ
