2500 3925
187 208 251 274 270
577 215 813 276 monum

188 389 366 457 νεοσσιέων
392 385 669 458 ἀπαλλάσσεσθαι
693 386 770 469 έκάς
788 385 937 471 αὐτέων,
960 384 1021 467 τάς
1044 384 1087 455 δὲ
1114 382 1204 472 ὅρνι-

187 499 253 569 θας
282 490 549 577 καταπετομένας
579 491 620 558 τά
655 490 757 578 μέλεα
790 494 858 557 τῶν
892 485 1090 573 ὑποζυγίων
1126 484 1204 555 άνα·

188 589 325 675 φορέειν
345 588 399 655 έπλ
417 586 476 667 τάς
492 584 664 673 νεοσσιάς,
685 583 745 666 τάς
759 588 796 655 δέ
816 584 858 655 οὐ
875 589 1070 674 δυναμένας
1089 598 1198 673 ίσχειν

188 685 487 773 καταρρήγνυσθαι
508 686 561 752 έπλ
577 690 658 771 γῆν·
680 682 759 763 τούς
781 685 817 753 δέ
840 686 995 765 ἐπιόντας
1014 688 1198 771 συλλέγειν

188 782 276 852 οὕτω
289 781 327 852 τδ
345 782 588 871 κιννάμωμον,
598 781 846 871 συλλεγόμενον
860 784 897 852 δὲ
914 786 951 852 έκ
966 784 1109 853 τούτων.
1120 780 1198 852 άπι-

123 906 170 959 112
186 884 345 951 κυέεσθαι
366 885 400 963 ές
420 881 480 963 τάς
500 881 603 962 ἄλλας
616 883 734 969 χώρας.
783 882 828 952 Τδ
846 884 883 952 δέ
903 882 944 971 δή
961 885 1143 973 λήδανον,
1166 882 1196 953 ιδ

183 981 332 1072 Ἀράβιοι
345 984 503 1052 καλέουσι
518 984 683 1068 λάδανον,
706 989 753 1052 ἔτι
778 980 899 1051 τούτου
926 982 1198 1071 θωμασιάτερον
1233 1034 1235 1037 -

185 1088 322 1170 γίνεται.
356 1083 394 1149 έν
413 1079 480 1168 γάρ
501 1082 737 1174 δυσοδμοτάτῳ
759 1081 940 1170 γινόμενον
962 1080 1198 1150 εὐωδέστατόν
1233 1110 1235 1155 ι

186 1184 271 1249 έστι·
293 1187 362 1250 τῶν
378 1177 443 1268 γάρ
459 1186 566 1268 αἰγῶν
585 1187 655 1250 τῶν
674 1181 808 1267 τράγων
825 1183 862 1249 έν
876 1195 960 1250 τοῖσι
975 1178 1128 1266 πάγωσι
1145 1178 1194 1248 εὖ·
1233 1186 1235 1253 λ

185 1287 332 1367 ρίσκεται
346 1279 567 1367 ἐγγινόμενον
581 1274 656 1347 οἷον
670 1276 783 1365 γλοιὸς
797 1277 863 1348 άπὸ
878 1286 934 1368 τῆς
949 1277 1042 1366 ὕλης.
1074 1279 1197 1367 χρήοι-
1234 1326 1235 1333 1

184 1405 250 1466 μου
266 1376 297 1445 δ’
314 1382 347 1457 ές
361 1375 469 1447 πολλά
489 1384 557 1445 τῶν
573 1377 693 1464 μύρων
714 1379 797 1462 έστλ,
815 1382 981 1463 θυμιεῦσί
991 1402 1026 1444 τε
1047 1378 1199 1465 μάλιστα

185 1483 283 1545 τοῦτο
296 1473 452 1566 Ἀράβιοι.

121 1594 170 1647 113
272 1580 425 1641 Τοσαῦτα
439 1575 503 1661 μέν
521 1574 717 1660 θυωμάτων
733 1577 809 1662 πέρι
826 1574 991 1663 εἰρήσθω,
1014 1571 1145 1657 ἀπόζει
1165 1574 1198 1643 δὲ

184 1681 242 1762 τῆς
254 1674 363 1762 χάρης
378 1678 436 1763 τῆς
449 1672 602 1763 Ἀραβίης
612 1674 796 1742 θεσπέσιον
807 1670 852 1752 ὡς
866 1670 940 1762 ήδύ.
965 1672 1028 1740 δύο
1042 1672 1082 1739 δέ
1095 1674 1198 1758 γένεα

184 1771 340 1859 ὀίωνσφί
348 1775 416 1842 έστι
434 1771 591 1861 θεάματος
616 1769 702 1855 άξια,
718 1768 758 1838 τά
768 1768 938 1859 οὐδαμόθι
950 1772 1099 1859 ἑτέρωθι
1109 1772 1197 1839 ἔστι·
1234 1810 1235 1857 η

184 1871 222 1943 ιδ
236 1879 299 1962 μέν
313 1870 426 1942 αὐτῶν
440 1875 557 1958 ἕτερον
570 1874 636 1957 ἔχει
653 1866 712 1947 τάς
726 1865 830 1968 οὐράς
842 1868 990 1957 μακράς,
1005 1876 1122 1958 τριῶν
1134 1872 1198 1954 πή-
1234 1872 1235 1941 λ

183 1999 269 2060 χεων
284 1971 347 2041 οὐκ
362 1971 560 2056 ἐλάσσονας,
583 1966 642 2047 τὰς
658 1977 692 2036 εί
701 1995 751 2047 τις
766 1970 858 2056 έπείη
873 1987 934 2056 σφι
948 1971 1123 2056 ἐπέλκειν,
1144 1971 1196 2036 ἕλ·
1233 2017 1234 2020 ¹

184 2099 244 2142 κεα
258 2069 303 2140 άν
320 2077 428 2157 ἔχοιεν
443 2067 717 2156 άνατριβομένων
733 2066 818 2155 πρδς
837 2075 876 2158 τῇ
892 2075 936 2158 γῇ
951 2074 1019 2136 τάν
1038 2064 1196 2156 οὐρέων·

183 2179 249 2240 νῦν
263 2168 294 2239 δ’
311 2169 399 2248 ἅπας
413 2195 462 2247 τις
475 2175 543 2236 τῶν
553 2169 729 2262 ποιμένων
737 2170 905 2236 έπίσταται
921 2170 1152 2253 ξυλουργέειν
1168 2170 1198 2246 ές
1232 2219 1233 2224 .

182 2276 339 2339 τοσοῦτο·
361 2265 520 2353 ἁμαξίδας
530 2264 596 2355 γάρ
610 2274 783 2346 ποιεῦντες
793 2263 976 2335 ὑποδέουσι
991 2263 1103 2345 αὐτάς
1122 2274 1199 2356 τῇσι

183 2367 318 2458 οὐρῇσι,
344 2364 419 2447 ένδς
439 2366 581 2435 ἑκάστου
602 2365 741 2453 κτήνεος
762 2363 824 2453 τήν
844 2361 953 2454 οὐρὴν
973 2367 1027 2432 έπλ
1043 2363 1199 2453 ἁμαξίδα

182 2467 324 2553 ἑκάστην
339 2467 563 2544 καταδέοντες.
585 2463 623 2533 τδ
642 2468 679 2534 δὲ
696 2468 811 2553 ἕτερον
827 2469 925 2553 γένος
940 2471 1010 2534 τῶν
1025 2463 1117 2536 ὀΐων
1135 2466 1198 2546 τάς

182 2561 286 2651 οὐράς
299 2564 440 2642 πλατέας
454 2562 616 2650 φορέουσι
655 2565 711 2632 καί
727 2565 780 2633 έπλ
795 2571 906 2651 πῆχυν
919 2564 1057 2644 πλάτος.

117 2675 165 2730 114
259 2660 538 2750 ’Λποκλινομένης
561 2664 598 2732 δὲ
621 2669 827 2752 μεσαμβρίης
851 2665 995 2754 παρήκει
1015 2663 1109 2754 πρὸς
1131 2667 1199 2736 δύ-

180 2787 283 2832 νοντα
299 2761 398 2851 ήλιον
411 2760 432 2852 ή
447 2769 611 2850 Αἰθιοπίη
632 2765 722 2851 χάρη
744 2763 862 2852 έσχάτη
877 2772 945 2835 τῶν
961 2772 1199 2856 οίκεομένων·

180 2861 265 2949 αὕιη
279 2864 316 2931 δὲ
329 2861 457 2950 χρυσόν
471 2887 506 2929 τε
521 2862 616 2946 φέρει
630 2858 757 2930 πολλὸν
770 2863 826 2930 καὶ
838 2865 1022 2950 ἐλέφαντας
1036 2863 1200 2953 άμφιλα-

180 2963 262 3049 φέας
276 2963 329 3031 καλ
340 2962 481 3046 δένδρεα
490 2971 632 3028 παντοία
642 2955 742 3046 άγρια
763 2964 819 3030 καὶ
839 2967 959 3050 ἔβενον
980 2967 1039 3033 καί
1060 2962 1201 3056 ἄνδρας

178 3065 353 3146 μεγίστους
367 3059 423 3124 καλ
436 3061 632 3134 καλλίστους
648 3060 703 3126 καλ
718 3058 1022 3148 μακροβιωτάτους.
1228 3137 1229 3148 ,

114 3171 161 3222 115
259 3149 368 3223 Αὖται
389 3155 452 3239 μέν
471 3178 538 3219 ννν
554 3156 592 3219 έν
611 3177 648 3220 τε
667 3162 707 3244 τῇ
722 3153 813 3245 Ἀσίη
834 3160 983 3245 έσχατιαέ
995 3163 1061 3227 είσι
1075 3165 1142 3231 καὶ
1161 3165 1201 3231 έν
1228 3149 1229 3201 ¹

176 3255 217 3336 τῇ
226 3249 353 3336 Λιβύη·
374 3252 451 3335 περὶ
466 3250 502 3317 δέ
512 3255 580 3316 τῶν
594 3252 632 3318 έν
645 3259 685 3340 τῇ
695 3250 845 3344 Εὐρώπη
858 3262 927 3324 τῶν
937 3255 1024 3342 πρὸς
1039 3259 1201 3349 ἕσπέρην

174 3349 346 3432 ἐσχατιέων
377 3352 441 3433 ίχω
471 3347 533 3435 μὲν
563 3342 626 3416 οάκ
650 3345 814 3440 άτρεκέως
848 3352 972 3437 λέγειν·
1010 3353 1094 3423 οὔτε
1130 3357 1228 3449 γάρλ

173 3452 277 3533 ἔγωγε
300 3445 472 3532 ἐνδέκομαι
493 3444 671 3533 Ἠριδανόν
687 3452 870 3521 καλέεσθαι
892 3451 978 3542 πρὸς
1005 3455 1208 3547 βαρβάρων

1226 3577 1227 3619 ι
