2500 3925
163 286 205 353 18
544 283 797 343 HERODOTI

163 452 276 539 έωιπφ
262 446 395 533 λόγον
411 450 531 531 ἔδωκε,
554 439 816 531 καταρρωδήσας
829 434 890 507 τόν
905 436 1041 527 ὄνειρον
1055 435 1170 525 όγεται

162 544 270 637 μέν
237 570 284 613 τω
270 547 392 613 παιδὶ
408 556 570 631 γυναῖκα,
593 540 726 610 έωθότα
745 536 782 606 δέ
802 538 1016 627 στρατηγέειν
1030 561 1089 623 μιν
1101 540 1170 603 τῶν

163 652 286 717 Λυδῶν
301 643 433 735 οὐδαμῇ
449 651 496 715 ἐτι
511 646 564 712 ἐπὶ
578 647 713 764 τοιρῦτο
730 644 866 726 πρῆγμα
878 631 1085 724 ἐξέπεμπε,’
1066 633 1171 703 υκόν-
1200 666 1203 669 ·

164 774 216 815 τιοι
232 746 338 815 δὲκαὶ
354 746 516 836 δουρατια
532 738 640 813 καὶ
602 770 642 811 το
660 745 798 809 τοιαῦτα
814 737 935 823 πάντα,
954 750 1038 804 τοισι
1053 737 1171 822 χρέον-
1240 765 1242 798 r

163 870 217 913 ται
229 849 261 925 ἐς
273 846 422 933 πόλεμον
436 844 626 930 ἅνθρωποι,
644 843 680 909 έκ
696 863 764 907 των
778 834 982 924 ἀνδρεώνων
996 836 1172 921 ἐκκομίσας

165 944 198 1021 ἐς
218 942 299 1023 τοὺς
322 944 499 1031 θαλόμονς
520 947 702 1030 συνένησε,
723 940 768 1028 μή
791 967 822 1007 τι
816 944 877 1007 ὀί
894 936 1157 1028 κρεμάμενον
1124 960 1171 1003 τω

119 1046 258 1113 maun
279 1046 412 1134 ἐμπέσῃ.
448 1043 605 1133 Ἐχοντος
626 1044 666 1112 δέ
683 1046 718 1112 oc
736 1044 773 1110 ἐν
786 1041 883 1162 χερσὶ
903 1065 965 1108 τον
950 1034 1098 1115 παιδός
1111 1032 1171 1103 τὸν
1240 1069 1241 1074 1

163 1140 273 1230 γέμον
293 1142 485 1213 ἄπικυεεται
507 1148 539 1224 ές
556 1141 616 1223 τός
629 1137 794 1227 Σόρδις’
775 1137 861 1227 ανήρ
876 1145 1035 1227 συμφορῇ
1056 1136 1172 1224 ἐχόμε-

48 1248 50 1252 ’
166 1268 223 1322 νος
240 1239 350 1310 καὶ’
310 1268 352 1310 ου
370 1239 522 1328 καθαρός
541 1256 671 1331 χεῖρας,
693 1238 760 1309 έοδν
774 1236 869 1360 Φρὺξ
892 1266 915 1325 μ
917 1240 955 1306 ν
972 1237 1092 1361 γενεή,
1114 1237 1171 1321 γε’-

165 1365 240 1419 νεος
266 1338 302 1407 δὲ
329 1346 390 1409 τοῦ
420 1347 607 1428 βασιληίου.
658 1336 841 1424 παρελθόν
875 1336 911 1405 δὲ
943 1329 1042 1415 οὗτος
1070 1337 1103 1414 ἐς
1131 1332 1170 1401 τό
1241 1421 1242 1428 χ

166 1444 313 1528 Κροίσου
328 1444 416 1507 οἰκία
430 1438 513 1509 κατὰ
531 1440 660 1528 νόμους
674 1436 754 1519 τοός
768 1442 965 1525 ἐπιχωρίους
979 1440 1171 1521 καθαρσίου

165 1540 272 1609 ἐδέετο
294 1545 454 1626 κυρῆσαι,
481 1548 623 1629 Κροῖσος
643 1542 684 1609 δέ
701 1567 760 1628 μιν
781 1539 935 1624 ἐκάθηρε.
973 1535 1091 1605 ἔστιδὲ
1106 1560 1166 1603 πα·
1241 1539 1242 1570 ί

166 1642 330 1723 ραπλησίη
353 1634 374 1724 ἡ
397 1637 563 1725 κάθαρσις
584 1652 672 1707 τοῖσι
693 1641 835 1705 Λυδοῖσι
856 1638 912 1703 καὶ
934 1648 1019 1705 τοῖσι
1026 1632 1169 1722 Ἕλλησι.

165 1734 271 1814 ἐπείτε
292 1732 328 1802 δέ
339 1732 378 1802 τοὶ
391 1736 593 1824 νομιζόμενα
607 1738 739 1823 ἐποίησε
750 1731 768 1802 6
781 1741 935 1820 Κροῖσος,
949 1733 1171 1818 ἐπυνθάνετο,
1241 1745 1242 1802 J

164 1828 292 1901 ὁκόθεν
307 1858 343 1901 τε
359 1836 414 1902 καὶ
436 1840 484 1913 τίς
506 1844 574 1922 εἴη,
597 1837 706 1921 λέγων
720 1834 814 1902 ια’δε·
848 1833 1049 1921 Ὤνθρωπε,
1072 1839 1122 1912 τίς
1136 1858 1171 1900 τε

164 1925 230 1998 ε’ὣν
245 1933 300 1998 καὶ
314 1929 423 2001 κόθεν
447 1939 505 2022 τής
523 1929 710 2023 Φρυγίης
687 1957 780 2021 ηκων
796 1933 940 2011 ἐπίστιος
955 1933 1027 2019 ἐμοί
1041 1932 1170 2019 ἐγένεο;

164 2035 238 2098 τίνα
253 2055 287 2098 τε
302 2027 474 2119 όνδριόνἰ
451 2060 472 2121 η
487 2058 662 2119 γυναικων
676 2030 879 2118 έφόνενσαςς
896 2028 932 2097 ‘0
948 2029 984 2100 δέ
1001 2027 1153 2119 ἀμείβετο

160 2120 372 2216 Ωβασιλεῦ,
395 2136 544 2219 Γορδίεω
566 2129 630 2218 μὲν
649 2156 710 2197 τον
697 2129 849 2197 Μίδεοό
872 2135 939 2217 είμι
953 2144 1047 2217 παῖς,
1067 2128 1200 2198 οὐνο·
1242 2160 1243 2241 ρ

165 2228 308 2315 μα’ζομαι
323 2226 360 2297 δέ
372 2227 566 2318 Ἄδρηστος,
579 2229 750 2316 φονεύσας
765 2229 802 2298 δέ
816 2226 983 2318 ἀδελφεόν
1001 2233 1172 2350 ἐμεριυιοῠ

166 2323 276 2395 ἀέκων
299 2351 436 2416 παρειμι
464 2330 699 2415 ἐξεληλαμένος
726 2353 762 2395 τε
789 2324 856 2395 ὑπό
882 2334 943 2396 τοῦ
967 2325 1092 2415 πατρός
1116 2331 1172 2396 καί

166 2426 381 2512 ἐστερημένος
396 2426 543 2496 πόντων.
576 2433 720 2511 Κροῖσος
736 2427 777 2494 δέ
786 2453 847 2512 μιν
862 2422 1015 2518 ἀμείβετο
1029 2431 1170 2495 τοισίδε

161 2521 311 2610 Ἀνδρῶν
324 2549 361 2594 τε
375 2532 485 2613 φίλων
501 2526 677 2613 τυγχάνεις
692 2531 831 2613 ἔκγονος
848 2523 914 2595 έοδν
934 2531 990 2597 καὶ
1004 2525 1172 2615 ἐλήλυθας

163 2628 196 2705 ἐς
218 2631 354 2712 φίλους,
376 2631 462 2696 ἔνθα
482 2625 707 2715 ἀμηχανήσεις
720 2628 886 2714 χρήματος
903 2626 1042 2709 οὐδενός
1059 2631 1172 2716 μένων

163 2726 200 2792 ἐν
213 2719 385 2810 ἡμετέρου.
412 2723 594 2851 συμφορήν
606 2724 642 2792 δὲ
653 2724 779 2812 ταύτην
791 2722 835 2805 ὡς
849 2727 1042 2814 κουφότατα
1056 2729 1171 2814 φέρων

121 2841 154 2894 36
164 2825 352 2910 κερδανέεις
362 2836 526 2896 πλειστον.
552 2823 588 2894 0
604 2824 667 2912 μὲν
682 2821 722 2912 δή
738 2829 869 2894 δίαιταν
884 2825 948 2913 εἶχε
961 2831 999 2896 ἐν
1009 2833 1169 2914 Κροίσου,

162 2923 202 2987 έν
235 2921 271 2989 δέ
292 2928 338 3013 τῷ
363 2920 453 3017 αὐτῷ
476 2923 586 3015 χρόνῳ
608 2924 718 3014 τούτῳ
738 2927 775 2992 έν
791 2949 838 3016 τφ
823 2929 978 3017 ’Μυσίιο
997 2923 1171 3016 Οὐλύμπῳ

162 3014 222 3097 ὑός
236 3025 345 3106 χρήμα
365 2992 491 3142 γίυέτριι
506 3024 606 3109 μέγα
639 3019 845 3110 ὁρμεόμενος
869 3023 905 3094 δέ
930 3016 1029 3103 οὗτος
1050 3026 1086 3092 ἐκ
1108 3031 1170 3092 τοῦ

161 3115 280 3205 οὔρεος
295 3119 418 3188 τούτου
432 3119 472 3188 τοὶ
487 3128 555 3189 τῶν
570 3127 704 3189 Μυσῶν
719 3127 800 3209 ἔργα
815 3127 1070 3211 διαφθείρεσκε,
1085 3132 1171 3192 πολ-

160 3214 239 3283 λόκι
277 3214 313 3284 δὲ
336 3221 370 3286 οί
384 3223 500 3287 Μυσοί
513 3216 566 3287 ἐπ’
582 3216 690 3287 αὐτόν
706 3219 902 3300 ἐξελθόντες
916 3223 1093 3290 ποιέεσκον
1106 3221 1170 3309 μέν

159 3313 261 3388 οὐδὲν
273 3316 394 3407 κακόν,
418 3327 563 3411 ίπασχον
582 3324 621 3393 δὲ
640 3324 723 3413 πρός
741 3322 857 3397 αόιοό.
883 3328 980 3410 τέλος
994 3327 1067 3401 δὲ’
1048 3332 1167 3401 απικό

158 3447 255 3511 μενοι
275 3421 366 3513 παρὰ
383 3421 444 3493 τόν
465 3433 615 3516 Κροίσου
637 3455 707 3498 των
727 3435 862 3499 Μυσῶν
887 3427 1025 3519 ἄγγελοι
1052 3439 1173 3521 έλεγον

159 3523 257 3596 τάδε·
280 3516 320 3595 Ὠ
340 3532 499 3614 βασιλεῦ,
527 3524 586 3608 ὑός
607 3536 716 3621 χρῆμα
735 3531 931 3620 μέγιστον’
913 3535 1068 3625 ανεφόνη
1088 3532 1172 3625 ἡμίν
