2500 3925
324 217 410 275 τιε.
441 218 502 275 vn.
535 217 634 277 σεε.
667 224 767 281 161—
783 229 841 283 166.
1029 225 1090 291 ιιι

76 403 179 469 ,τινος
195 376 286 461 παρὰ
300 373 425 462 πατρὸς
438 374 502 466 τήν
513 382 700 459 τυραννίδα
710 376 877 470 Κηίων
836 409 876 453 ευ
890 394 1086 510 βεβηκυῖαν,

75 477 166 548 ἑκάν
179 501 215 546 τε
229 473 315 545 εἶναι
328 477 384 545 καί
395 480 511 548 δεινοῦ
525 474 678 557 έναίντος
690 449 841 569 οὐδενὸς,
862 481 973 555 ἀλλΗ
954 513 1018 555 ατο
1008 485 1086 557 δι-

76 576 280 664 καιοσύνης,
301 578 335 655 ές
348 580 452 663 μέσον
466 572 595 694 Κρέοντι
608 577 816 660 καταθείς
782 606 843 667 την
859 580 966 671 ἀρχήν
980 595 1086 672 οίχετο

76 679 111 756 ές
125 681 304 763 Σικελίην,
329 680 417 746 ἔνθα
435 671 518 762 μετὰ
533 682 675 762 Σαμίων
695 681 768 764 έσμε
784 706 820 749 τε
841 686 896 751 καί
911 690 1087 773 κατοίκησε

75 773 179 843 πάλιν
192 773 350 861 Ζάγκλην
370 769 432 861 τήν
445 776 480 852 ές
491 773 681 863 Μεσσήνην
697 781 1003 863 μεταβαλοῦσαν
969 809 1006 852 το
1025 781 1087 851 οὔ·

75 898 176 960 νομα.
191 897 314 941 τουτον
325 868 567 960 δηοΓέλοτν
533 897 593 942 τον
601 872 744 961 Καδμον
754 879 810 944 καί
821 903 962 971 τοιουτρε
973 904 1085 971 τροπήν

76 970 286 1061 ἀπικόμενον
300 970 355 1041 διά
370 971 663 1062 δικαωσάνην,’
621 1000 685 1063 την
698 972 787 1045 οί’
745 974 846 1057 αυτὸς
860 974 966 1065 ἀλλην
980 980 1088 1071 συνή-

78 1078 135 1144 δεε
148 1073 288 1157 έοῦσαν,
305 1068 476 1167 ἔπεμπε·
464 1071 501 1151 άς
515 1073 568 1144 ἐντί
580 1086 666 1141 τοῖσι
681 1069 812 1145 ἀλλοισι
829 1079 985 1147 δικαίοισι
1000 1090 1086 1147 τοῖσι

76 1174 111 1252 ἐξ
125 1174 253 1239 ἑωυτοῦ
270 1164 503 1258 ἐργασμένοισι
518 1174 574 1240 καί
589 1169 667 1239 τάδε
686 1169 750 1240 066
767 1170 940 1261 ἐλάχιστον
955 1175 1086 1245 τούτων

76 1273 223 1343 ἐλίπετο·
245 1267 411 1357 κρατήσας
426 1266 492 1391 γάρ
508 1270 665 1357 μεγάλων
678 1272 874 1363 χρημάτων,
889 1283 958 1346 τῶν
974 1281 1008 1345 ot
1021 1278 1086 1347 Γέ-

77 1380 149 1440 λων
162 1366 375 1457 ἐπετράπετο,
389 1366 519 1456 παρεὸν
529 1372 804 1457 κατασχέσθαι’
766 1398 828 1441 ουκ
838 1371 993 1465 ήδέλησε,
1007 1374 1082 1448 ἀλλ’

77 1473 150 1541 ἐπεὶ
169 1474 203 1539 οί
215 1466 372 1556 Ἕλληνες
391 1467 620 1558 ἐπεκράτησαν
642 1477 683 1562 τῇ
703 1480 870 1563 ναυμαχίη
889 1478 944 1545 καί
963 1476 1085 1596 Ξέρξρς

78 1570 216 1658 οίχάκεε
230 1566 449 1656 ἀπελαύνων,
470 1572 525 1638 καὶ
546 1566 587 1655 66
603 1571 659 1640 καὶ
674 1570 799 1664 ἐκτίνος
815 1566 951 1641 ἀπίκετο
973 1572 1059 1653 ές
1023 1600 1085 1663 την

79 1666 277 1791 Σικελίην“
254 1692 386 1743 απαντα
396 1665 437 1742 τὰ
446 1666 598 1757 χρήματα
613 1666 716 1755 ἀγων.
740 1670 880 1755 Λέγεται
896 1674 931 1743 66
943 1675 999 1745 καὶ
1008 1672 1087 1743 τάδε
1106 1690 1152 1745 166

79 1764 146 1837 ὑπὸ
161 1774 230 1836 τιδν
241 1768 279 1836 έν
288 1772 428 1855 Σικελίῃ
442 1792 460 1834 ο
462 1762 680 1853 ίκημένων,’
658 1793 704 1847 ως
715 1763 808 1855 ὅμως.
817 1770 871 1839 καί
881 1769 1047 1854 μέλλων”
1024 1797 1087 1858 αρ-

76 1862 230 1954 2666‘
212 1890 279 1938 υπο
267 1861 605 1952 Λακεδαιμονίων“
590 1892 609 1934 ο
625 1868 740 1935 Γέλων
766 1865 965 1954 έβιάθησε
943 1896 987 1941 αν
1001 1883 1086 1939 τολστ

80 1961 226 2054 Ἕλλησι,
239 1962 323 2051 είμή
336 1960 403 2034 ἀπὸ
416 1962 577 2051 Θήρωνος
588 1971 651 2058 τοῦ
657 1965 891 2056 Αίνησιδήμου
902 1966 1087 2056 Ἀκραγαν-

78 2071 182 2136 τίνων
194 2063 389 2153 μουνάρχου
409 2064 576 2144 έξελαθείς
589 2066 622 2145 έξ
638 2061 767 2154 Ἱμέρης
787 2065 949 2154 Τήριλλος
963 2063 982 2134 6
1000 2073 1086 2154 Κρι-

80 2173 206 2235 νίππου
219 2162 385 2252 τύραννος
400 2159 466 2230 έιόν
475 2159 601 2252 Ἱμέρης
618 2166 720 2252 ἐπῆγε
735 2161 795 2234 ὑπ’
813 2162 918 2232 αὐτὸν
932 2163 992 2233 τὸν
1004 2163 1086 2253 ηρό-

80 2291 141 2332 νον
152 2271 273 2332 τοῦτον
280 2267 450 2331 Φοινίκων
459 2262 661 2351 καλΛιβάωυ
670 2267 725 2333 καὶ
736 2259 875 2354 Ἰβήρων
885 2264 1086 2351 καίΛιγάων

78 2365 134 2436 καί
150 2361 336 2435 Ἐλισύκων
355 2365 411 2431 καὶ
430 2366 631 2448 Σαρδονίων
652 2363 707 2429 καὶ
723 2366 885 2444 Κυρνίων
905 2359 1086 2449 τριήκοντα

50 2487 54 2494 ·
80 2461 245 2550 μυριάδας
260 2463 315 2537 καὶ
332 2457 519 2548 στρατηγὸν
533 2456 647 2526 αὐτῶν
657 2456 815 2544 Ἀμίλκαν
829 2455 891 2526 τὸν
902 2456 1084 2542 Ἀννωνος,

80 2564 321 2650 Καρχηδονίων
332 2558 430 2627 ἐόντα
440 2560 589 2646 βασιλέα,
605 2554 689 2626 κατά
701 2561 827 2643 ξεινίην
838 2582 873 2629 τε
883 2554 945 2644 τήν
957 2558 1085 2644 ἑωυτοῦ

81 2659 99 2732 6
119 2652 280 2750 Τήριλλος
291 2655 508 2745 ἀναγνώσας,
525 2659 581 2724 καὶ
596 2655 739 2742 μάλιστα
754 2653 810 2722 διά
830 2651 893 2742 τήν
909 2652 1085 2738 Ἀναξίλεω

80 2768 141 2834 τοῦ
154 2765 327 2850 Κρητίνεω
344 2764 556 2883 προθυμίην,
578 2753 616 2837 ὃς
628 2756 760 2846 Ῥηγίου
782 2752 848 2826 έάν
862 2757 1028 2848 τύραννος
1043 2757 1085 2831 τά

82 2867 208 2936 ἑωυτοῦ
214 2862 318 2928 τέκνα
329 2854 435 2938 δοὺς*
420 2857 570 2948 ομήρους
579 2854 716 2948 Ἀμίλκᾳ
731 2858 832 2944 έπήγε
846 2856 946 2926 έπί
910 2884 972 2947 την
983 2867 1085 2928 Σικε-

82 2969 155 3049 λίην
169 2961 386 3051 τιμωρέων
355 2963 401 3026 τῶ
419 2962 586 3047 πενθερῷ.
623 2959 790 3043 Τηρίλλου
804 2950 870 3043 γάρ
893 2952 957 3042 εἶχε
972 2966 1086 3042 θυμα-

82 3064 157 3144 τέρα
173 3056 382 3144 Ἀναξίλεως,
403 3063 444 3146 τῇ
458 3053 588 3141 οὔνομα
600 3047 646 3142 ἦν
660 3056 829 3139 Κυδίππη.
859 3077 948 3121 ουτω
964 3049 1004 3138 66
1023 3049 1085 3120 οὐκ

82 3153 210 3226 οἷόντε
233 3154 418 3244 γενόμενον
443 3154 586 3239 βωθέειυ
616 3151 677 3222 τὸν
698 3155 834 3239 Γέλωνα
854 3165 939 3220 τοῖσι
951 3148 1085 3239 Ελλησι

82 3255 289 3343 ἀποπέμπειν
303 3257 336 3333 ές
350 3252 509 3341 Δελφοάς
525 3251 566 3321 τά
566 3253 745 3375 ’,χρήματα
778 3247 871 3336 Πρὸς
886 3249 921 3317 66
938 3251 994 3319 καί
1006 3249 1086 3318 τάδε
1105 3267 1152 3323 66

83 3358 231 3442 λέγουσι,
256 3379 300 3432 ως
315 3356 494 3442 συνέβη”
454 3380 512 3440 της
533 3349 635 3439 αὐτῆς
652 3347 776 3470 ήμέρης
792 3355 829 3430 ἔν
843 3373 879 3416 τε
893 3374 932 3438 τη
918 3354 1084 3436 Σικελίη

83 3458 215 3526 Γέλωνα
225 3443 432 3605 καίΙίΙλήρωνα
442 3457 543 3520 νικᾶν
549 3444 753 3538 Ἀμίλκαν
719 3475 780 3518 τον
786 3444 1019 3601 Καρχηδιρνιον
1029 3451 1084 3515 καὶ

162 3565 262 3605 ειειιοο.
