2500 3925
137 214 180 278 44
514 215 766 274 HERODOTI

137 375 258 462 ἐστάλη
279 369 328 444 όν
349 377 382 454 ές
403 372 562 460 Δελφούς
581 374 659 461 περὶ
677 373 794 460 μόνον,
828 373 961 444 ἐσιόντα
983 375 1020 445 δέ
1039 373 1144 445 αύτόν

137 473 271 564 ίθέωςὴ
288 481 406 562 Πυθίη
420 475 665 561 προσαγορεύει
679 478 802 544 τοισίδε
815 488 901 546 τοίσι
918 481 1028 546 ἔπεσι·

174 573 329 662 Ἠετίων,
344 574 436 654 οὔτις
453 594 491 644 σε
505 583 566 644 τίει
581 575 763 645 πολύτιτον
777 575 882 644 ἐόντα

177 675 296 763 Λάβδα
312 673 404 762 κύει,
421 675 506 755 τέξει
519 672 553 742 δ’
572 670 803 760 όλοοίτροχον·
825 675 863 742 ἐν
873 677 1068 747 δέπεσείται

172 773 331 861 Ἀνδράσι
344 772 582 860 μουνάρχοισι,
604 769 776 841 δικαιώσει
792 770 829 841 δὲ
843 771 1030 858 Κόρινθον.

134 880 240 944 ταῦτα
261 875 452 961 χρησθέντα
471 879 518 964 τῷ
542 870 693 942 Ἠετίωνι
718 872 950 957 ἐξαγγέλλεταί
966 897 1033 951 κως
1058 886 1143 943 τοῖσι

28 1001 35 1010 “
133 971 355 1059 Βακχιάδῃσι,
376 984 463 1041 τοῖσι
476 969 514 1038 τό
536 969 599 1056 μὲν
612 969 779 1058 πρότερον
798 967 986 1056 χενόμενον
998 970 1143 1058 χρηστή-

135 1092 211 1154 ριον
226 1069 259 1146 ές
272 1067 449 1155 Κόρινθον
461 1061 507 1155 ἦν
522 1066 670 1156 άσημον,
692 1068 800 1154 φέρον
813 1092 850 1136 τε
863 1069 897 1147 ές
911 1063 1017 1137 τύυτδ
1034 1071 1090 1138 καλ
1104 1068 1141 1136 τό

133 1172 196 1234 τοῦ
207 1163 397 1253 Ἠετίωνος,
413 1169 468 1236 καὶ
483 1169 584 1254 λέγον
599 1158 681 1234 άδε·

175 1265 294 1347 Αίετός
310 1269 348 1335 έν
363 1270 501 1356 πέτρῃσι
514 1268 607 1353 κύει,
624 1268 709 1348 τέξει
724 1264 761 1334 δὲ
774 1266 895 1336 λέοντα
969 1331 973 1340 ,

176 1363 352 1453 Καρτερόν
366 1362 539 1454 ὠμηστήν·
555 1371 691 1435 πολλῶν
702 1362 735 1432 δ’
747 1362 815 1434 ὑπό
829 1366 980 1452 γούνατα
994 1367 1099 1435 λύσει.

179 1465 294 1533 Ταῦτά
308 1491 374 1534 νυν
390 1459 430 1534 εύ
447 1466 634 1554 φράζεσθε,
648 1470 846 1553 Κορίνθιοι,
869 1472 905 1534 ολ
916 1467 993 1554 περὶ
1006 1463 1116 1553 καλὴν

175 1562 349 1651 Πειρήνην
364 1570 483 1634 οἰκεῖτε
497 1566 553 1632 καλ
567 1560 760 1651 ὀφρυόεντα
772 1564 959 1652 Κόρινθον.

108 1686 126 1743 ς
139 1669 245 1731 Τοῦτο
261 1662 324 1749 μὲν
343 1661 384 1750 δὴ
398 1677 484 1734 τοῖσι
496 1664 703 1752 Βακχιάδῃσι
717 1663 884 1752 πρότερον
897 1664 1084 1753 γενόμενον
1096 1659 1142 1753 ἦν

133 1759 354 1849 ἀτέκμαρτον,
370 1762 446 1830 τότε
461 1763 497 1830 δὲ
510 1760 548 1830 τὸ
560 1758 712 1830 Ἠετίωνι
725 1761 913 1849 γενόμενον
928 1761 973 1843 ὥς
987 1765 1142 1833 έπύθον-

131 1883 186 1946 το,
207 1856 326 1926 αὐτίκα
346 1862 402 1928 καλ
421 1857 458 1928 τό
477 1859 642 1947 πρότερον
662 1866 816 1946 συνῆκαν
836 1857 894 1928 έόν
914 1859 1072 1953 συνφδδυ
1093 1869 1141 1951 τῷ

127 1954 310 2037 Ἠετίωνος.
333 1959 490 2037 συνέντες
504 1959 541 2027 δὲ
553 1959 609 2027 καὶ
624 1964 725 2027 τοῦτο
742 1955 831 2045 εἶχον
845 1959 883 2026 έν
899 1953 1038 2048 ἡσυχίη,
1060 1959 1142 2028 έθέ-

130 2064 245 2136 λοντες
260 2054 322 2125 τόν
335 2060 498 2143 μέλλοντα
513 2053 665 2125 Ἠετίωνι
685 2058 846 2143 γενέσθαι
858 2057 964 2144 μόνον
981 2061 1142 2145 διαφθεί-

130 2180 196 2241 ραι.
221 2152 266 2233 ὡς
276 2155 313 2222 δὲ
324 2151 543 2241 ἔτεκεὴχυνη
554 2154 709 2241 τάχιστα,
720 2157 888 2241 πέμπουσι
898 2160 1013 2242 σφέων
1025 2153 1142 2223 αὐτῶν

130 2254 210 2320 δέκα
225 2254 257 2331 ές
272 2249 333 2319 τὰν
350 2256 474 2339 δῆμον,
492 2254 529 2320 έν
560 2255 607 2343 τῷ
636 2255 812 2336 κατοίκητο
825 2251 978 2341 Ἠετίων,
994 2253 1141 2321 άποκτε-

128 2349 266 2428 νέοντας
281 2347 318 2417 τὰ
337 2353 482 2420 παιδίου.
505 2348 705 2438 άπικόμενοι
720 2354 757 2421 δὲ
772 2345 867 2420 οὗτοι
883 2355 916 2431 ές
930 2350 993 2440 τὴν
1003 2354 1141 2439 Πέτρην

127 2450 182 2516 καὶ
203 2447 431 2535 παρελθόντες
453 2451 486 2529 ές
500 2446 563 2536 τὴν
577 2447 687 2537 αύλήν
700 2448 763 2539 τὴν
778 2447 953 2531 Ἠετίωνος
972 2459 1085 2518 αἰτεον
1098 2445 1138 2516 τό

127 2551 278 2620 παιδίον·
293 2543 314 2635 ’ἡ
328 2549 365 2615 δέ
376 2548 495 2637 Λάβδα
507 2549 615 2618 είδυῐά
630 2576 666 2617 τε
680 2546 782 2619 ούδέν
793 2555 862 2616 τῶν
874 2552 1004 2617 εἵνεκεν
1015 2549 1141 2616 ἐκεῖνοι

127 2642 301 2713 άπικοίατο
313 2648 368 2715 καί
380 2647 545 2716 δοκέοντά
556 2667 661 2735 σφεας
674 2646 929 2736 φιλοφροσύνης
938 2653 1001 2714 τοῦ
1011 2642 1141 2731 πατρὸς

129 2745 257 2811 εἵνεκεν
277 2746 398 2813 αίτέειν
414 2749 565 2834 φέρουσα
586 2751 763 2834 ἐνεχείρισε
783 2742 896 2812 αὐτῶν
911 2746 970 2813 ένί.
999 2758 1086 2811 τοῖσι
1098 2742 1140 2809 δέ

128 2840 193 2927 άρα
208 2842 427 2929 ἐβεβούλευτο
443 2841 516 2912 κατ’
533 2840 616 2911 ὁδόν
631 2840 693 2911 τόν
706 2849 842 2931 πρῶτον
858 2840 972 2911 αὐτῶν
988 2842 1141 2930 λαβόντα
1248 2885 1249 2914 ι

127 2938 165 3007 τό
186 2944 324 3010 παιδίον
341 2947 572 3030 προσουδίσαι.
616 2945 724 3012 έπείτε
752 2934 801 3009 όν
818 2946 922 3010 ἔδωκε
941 2942 1094 3029 φέρουσα
1115 2938 1139 3028 ἡ
1247 2993 1248 3010 ι

127 3036 325 3125 Λάβδα,τόν
337 3040 484 3128 λαβόντα
496 3048 566 3109 τῶν
578 3039 714 3127 ἀνδρῶν
725 3047 804 3128 θείη
816 3040 899 3128 τύχη
912 3043 1140 3128 προσεγέλασε
1246 3077 1247 3106 ι

127 3134 164 3203 τό
186 3142 339 3226 παιδίον,
362 3142 418 3208 καὶ
438 3138 499 3209 τόν
520 3142 719 3229 φρασθέντα
738 3145 837 3206 τοῦτο
852 3137 962 3217 οἶκτός
980 3164 1031 3218 τις
1052 3146 1139 3223 ίσχει

127 3230 336 3322 ἀποκτείναι,
354 3245 581 3327 κατοικτείρας
594 3239 631 3305 δὲ
645 3222 828 3324 παραδιδοῖ
836 3243 883 3327 τῷ
895 3238 1052 3327 δευτέρω,
1067 3232 1085 3302 ὁ
1100 3234 1140 3303 δὲ

125 3338 171 3422 τῷ
186 3339 293 3425 τρίτφ.
312 3332 402 3405 οὕτω
414 3338 450 3405 δέ
461 3341 617 3423 διεξῆλθε
630 3332 685 3403 διά
698 3335 837 3403 πάντων
849 3340 919 3402 τῶν
932 3334 1012 3401 δέκα
1025 3356 1141 3419 παρα-

126 3429 308 3514 διδόμενον
322 3430 462 3513 ούδενός
479 3436 692 3522 βουλομένου
710 3433 962 3523 διεργάσασθαι.
986 3429 1141 3499 άποδον-
