<?xml version="1.0" encoding="UTF-8"?>
<!DOCTYPE html PUBLIC "-//W3C//DTD XHTML 1.0 Transitional//EN"
    "http://www.w3.org/TR/xhtml1/DTD/xhtml1-transitional.dtd">
<html xmlns="http://www.w3.org/1999/xhtml" xml:lang="en" lang="en">
 <head>
  <title>
</title>
<meta http-equiv="Content-Type" content="text/html;charset=utf-8" />
  <meta name='ocr-system' content='tesseract 3.04.00' />
  <meta name='ocr-capabilities' content='ocr_page ocr_carea ocr_par ocr_line ocrx_word'/>
</head>
<body>
  <div class='ocr_page' id='page_1' title='image "./herodotihistori00dietgoog_0516.png"; bbox 0 0 2500 3925; ppageno 0'>
   <div class='ocr_carea' id='block_1_1' title="bbox 170 220 808 306">
    <p class='ocr_par' dir='ltr' id='par_1_1' title="bbox 170 220 808 306">
     <span class='ocr_line' id='line_1_1' title="bbox 170 220 808 306; baseline -0.002 -22"><span class='ocrx_word' id='word_1_1' title='bbox 170 220 212 284; x_wconf 78' lang='grc' dir='ltr'><strong><em>νε</em></strong></span> <span class='ocrx_word' id='word_1_2' title='bbox 541 225 808 306; x_wconf 48' lang='grc' dir='ltr'><strong><em>ιιιιιοοοιι,</em></strong></span> 
     </span>
    </p>
   </div>
   <div class='ocr_carea' id='block_1_2' title="bbox 114 383 1179 3531">
    <p class='ocr_par' dir='ltr' id='par_1_2' title="bbox 114 383 1179 2350">
     <span class='ocr_line' id='line_1_2' title="bbox 163 383 1176 474; baseline 0.008 -24"><span class='ocrx_word' id='word_1_3' title='bbox 163 384 226 470; x_wconf 71' lang='grc' dir='ltr'><strong><em>μὲν</em></strong></span> <span class='ocrx_word' id='word_1_4' title='bbox 247 387 281 451; x_wconf 86' lang='grc' dir='ltr'><strong><em>οἱ</em></strong></span> <span class='ocrx_word' id='word_1_5' title='bbox 292 388 411 454; x_wconf 71' lang='grc' dir='ltr'><strong><em>πολλοὶ</em></strong></span> <span class='ocrx_word' id='word_1_6' title='bbox 428 387 565 471; x_wconf 81' lang='grc' dir='ltr'><strong><em>λέγουσι</em></strong></span> <span class='ocrx_word' id='word_1_7' title='bbox 581 383 767 474; x_wconf 81' lang='grc' dir='ltr'><strong><em>Ἑλλήνων,</em></strong></span> <span class='ocrx_word' id='word_1_8' title='bbox 791 385 843 455; x_wconf 86' lang='grc' dir='ltr'><strong><em>ὅτι</em></strong></span> <span class='ocrx_word' id='word_1_9' title='bbox 858 385 921 473; x_wconf 79' lang='grc' dir='ltr'><strong><em>τήν</em></strong></span> <span class='ocrx_word' id='word_1_10' title='bbox 934 393 1073 474; x_wconf 78' lang='grc' dir='ltr'><strong><em>Πυθίην</em></strong></span> <span class='ocrx_word' id='word_1_11' title='bbox 1093 384 1176 458; x_wconf 84' lang='grc' dir='ltr'><strong><em>ἀνέ-</em></strong></span> 
     </span>
     <span class='ocr_line' id='line_1_3' title="bbox 162 476 1176 573; baseline 0.006 -25"><span class='ocrx_word' id='word_1_12' title='bbox 162 501 272 569; x_wconf 86' lang='grc' dir='ltr'><strong><em>γνωσε</em></strong></span> <span class='ocrx_word' id='word_1_13' title='bbox 286 476 327 548; x_wconf 81' lang='grc' dir='ltr'><strong><em>τά</em></strong></span> <span class='ocrx_word' id='word_1_14' title='bbox 341 483 418 568; x_wconf 76' lang='grc' dir='ltr'><strong><em>περὶ</em></strong></span> <span class='ocrx_word' id='word_1_15' title='bbox 427 481 635 570; x_wconf 71' lang='grc' dir='ltr'><em>Δημάρητον</em></span> <span class='ocrx_word' id='word_1_16' title='bbox 647 484 812 570; x_wconf 86' lang='grc' dir='ltr'><strong><em>γενόμενα</em></strong></span> <span class='ocrx_word' id='word_1_17' title='bbox 822 488 950 573; x_wconf 85' lang='grc' dir='ltr'><strong><em>λέγειν,</em></strong></span> <span class='ocrx_word' id='word_1_18' title='bbox 967 482 1012 565; x_wconf 81' lang='grc' dir='ltr'><strong><em>ὡς</em></strong></span> <span class='ocrx_word' id='word_1_19' title='bbox 1022 488 1059 553; x_wconf 75' lang='grc' dir='ltr'><strong><em>δὲ</em></strong></span> <span class='ocrx_word' id='word_1_20' title='bbox 1069 482 1176 572; x_wconf 84' lang='grc' dir='ltr'><strong><em>Ἀθη-</em></strong></span> 
     </span>
     <span class='ocr_line' id='line_1_4' title="bbox 163 580 1171 674; baseline 0.008 -26"><span class='ocrx_word' id='word_1_21' title='bbox 163 595 253 650; x_wconf 87' lang='grc' dir='ltr'><strong><em>ναὶοι</em></strong></span> <span class='ocrx_word' id='word_1_22' title='bbox 266 582 420 668; x_wconf 83' lang='grc' dir='ltr'><strong><em>λέγουσι,</em></strong></span> <span class='ocrx_word' id='word_1_23' title='bbox 436 581 523 651; x_wconf 91' lang='grc' dir='ltr'><strong><em>διότι</em></strong></span> <span class='ocrx_word' id='word_1_24' title='bbox 537 585 571 663; x_wconf 89' lang='grc' dir='ltr'><strong><em>ές</em></strong></span> <span class='ocrx_word' id='word_1_25' title='bbox 581 580 754 654; x_wconf 75' lang='grc' dir='ltr'><strong><em>Ἐλευσῖνα</em></strong></span> <span class='ocrx_word' id='word_1_26' title='bbox 767 585 920 673; x_wconf 77' lang='grc' dir='ltr'><strong><em>ἐσβαλάν</em></strong></span> <span class='ocrx_word' id='word_1_27' title='bbox 936 593 1043 674; x_wconf 72' lang='grc' dir='ltr'><strong><em>ἔκειρε</em></strong></span> <span class='ocrx_word' id='word_1_28' title='bbox 1062 585 1101 655; x_wconf 90' lang='grc' dir='ltr'><strong><em>τδ</em></strong></span> <span class='ocrx_word' id='word_1_29' title='bbox 1118 591 1171 656; x_wconf 84' lang='grc' dir='ltr'><strong><em>τέ-</em></strong></span> 
     </span>
     <span class='ocr_line' id='line_1_5' title="bbox 163 677 1178 773; baseline 0.004 -25"><span class='ocrx_word' id='word_1_30' title='bbox 163 705 263 765; x_wconf 88' lang='grc' dir='ltr'><strong><em>μενος</em></strong></span> <span class='ocrx_word' id='word_1_31' title='bbox 278 687 346 747; x_wconf 81' lang='grc' dir='ltr'><strong><em>νῦν</em></strong></span> <span class='ocrx_word' id='word_1_32' title='bbox 359 686 470 767; x_wconf 76' lang='grc' dir='ltr'><strong><em>θεῶν,</em></strong></span> <span class='ocrx_word' id='word_1_33' title='bbox 487 677 533 760; x_wconf 78' lang='grc' dir='ltr'><strong><em>ὥς</em></strong></span> <span class='ocrx_word' id='word_1_34' title='bbox 547 683 584 750; x_wconf 71' lang='grc' dir='ltr'><strong><em>δέ</em></strong></span> <span class='ocrx_word' id='word_1_35' title='bbox 596 680 756 770; x_wconf 73' lang='grc' dir='ltr'><strong><em>Ἀργεῖοι,</em></strong></span> <span class='ocrx_word' id='word_1_36' title='bbox 770 683 822 753; x_wconf 83' lang='grc' dir='ltr'><strong><em>ὅτι</em></strong></span> <span class='ocrx_word' id='word_1_37' title='bbox 837 688 872 766; x_wconf 78' lang='grc' dir='ltr'><strong><em>ἐξ</em></strong></span> <span class='ocrx_word' id='word_1_38' title='bbox 886 690 964 773; x_wconf 96' lang='grc' dir='ltr'><strong><em>ἱροῦ</em></strong></span> <span class='ocrx_word' id='word_1_39' title='bbox 981 683 1095 754; x_wconf 80' lang='grc' dir='ltr'><strong><em>αὐτῶν</em></strong></span> <span class='ocrx_word' id='word_1_40' title='bbox 1110 691 1178 753; x_wconf 89' lang='grc' dir='ltr'><strong><em>τοῦ</em></strong></span> 
     </span>
     <span class='ocr_line' id='line_1_6' title="bbox 163 776 1178 872; baseline 0.005 -25"><span class='ocrx_word' id='word_1_41' title='bbox 163 776 291 866; x_wconf 74' lang='grc' dir='ltr'><strong><em>’Ἄργον</em></strong></span> <span class='ocrx_word' id='word_1_42' title='bbox 301 776 460 867; x_wconf 72' lang='grc' dir='ltr'><strong><em>’Ἀργείων</em></strong></span> <span class='ocrx_word' id='word_1_43' title='bbox 470 778 551 859; x_wconf 84' lang='grc' dir='ltr'><strong><em>τοῦς</em></strong></span> <span class='ocrx_word' id='word_1_44' title='bbox 561 781 820 869; x_wconf 74' lang='grc' dir='ltr'><strong><em>καταφυγόντας</em></strong></span> <span class='ocrx_word' id='word_1_45' title='bbox 833 788 870 852; x_wconf 86' lang='grc' dir='ltr'><strong><em>έκ</em></strong></span> <span class='ocrx_word' id='word_1_46' title='bbox 881 791 939 870; x_wconf 84' lang='grc' dir='ltr'><strong><em>τῆς</em></strong></span> <span class='ocrx_word' id='word_1_47' title='bbox 953 783 1058 872; x_wconf 78' lang='grc' dir='ltr'><strong><em>μάχης</em></strong></span> <span class='ocrx_word' id='word_1_48' title='bbox 1068 811 1178 852; x_wconf 91' lang='grc' dir='ltr'><strong><em>κατα-</em></strong></span> 
     </span>
     <span class='ocr_line' id='line_1_7' title="bbox 162 877 1179 973; baseline 0.007 -29"><span class='ocrx_word' id='word_1_49' title='bbox 162 879 286 963; x_wconf 86' lang='grc' dir='ltr'><strong><em>γινέων</em></strong></span> <span class='ocrx_word' id='word_1_50' title='bbox 300 879 480 947; x_wconf 74' lang='grc' dir='ltr'><strong><em>κατέκοπτε</em></strong></span> <span class='ocrx_word' id='word_1_51' title='bbox 493 881 550 947; x_wconf 79' lang='grc' dir='ltr'><strong><em>καὶ</em></strong></span> <span class='ocrx_word' id='word_1_52' title='bbox 563 877 646 947; x_wconf 87' lang='grc' dir='ltr'><strong><em>αῦτδ</em></strong></span> <span class='ocrx_word' id='word_1_53' title='bbox 661 877 698 948; x_wconf 88' lang='grc' dir='ltr'><strong><em>τό</em></strong></span> <span class='ocrx_word' id='word_1_54' title='bbox 710 879 812 961; x_wconf 84' lang='grc' dir='ltr'><strong><em>ἀλσος</em></strong></span> <span class='ocrx_word' id='word_1_55' title='bbox 828 886 865 950; x_wconf 87' lang='grc' dir='ltr'><strong><em>ἐν</em></strong></span> <span class='ocrx_word' id='word_1_56' title='bbox 879 880 998 973; x_wconf 76' lang='grc' dir='ltr'><strong><em>ἀλογίῃ</em></strong></span> <span class='ocrx_word' id='word_1_57' title='bbox 1013 889 1099 971; x_wconf 76' lang='grc' dir='ltr'><strong><em>ἔχων</em></strong></span> <span class='ocrx_word' id='word_1_58' title='bbox 1115 886 1179 951; x_wconf 81' lang='grc' dir='ltr'><strong><em>έν-</em></strong></span> 
     </span>
     <span class='ocr_line' id='line_1_8' title="bbox 115 974 1177 1072; baseline 0.009 -29"><span class='ocrx_word' id='word_1_59' title='bbox 115 989 150 1044; x_wconf 84' lang='grc'><strong><em>76</em></strong></span> <span class='ocrx_word' id='word_1_60' title='bbox 166 978 296 1060; x_wconf 89' lang='grc' dir='ltr'><strong><em>έπρησε.</em></strong></span> <span class='ocrx_word' id='word_1_61' title='bbox 321 981 505 1062; x_wconf 84' lang='grc' dir='ltr'><strong><em>Κλεομένει</em></strong></span> <span class='ocrx_word' id='word_1_62' title='bbox 516 974 583 1065; x_wconf 89' lang='grc' dir='ltr'><strong><em>γάρ</em></strong></span> <span class='ocrx_word' id='word_1_63' title='bbox 596 981 834 1072; x_wconf 74' lang='grc' dir='ltr'><strong><em>μαντευομένῳ</em></strong></span> <span class='ocrx_word' id='word_1_64' title='bbox 845 983 883 1049; x_wconf 88' lang='grc' dir='ltr'><strong><em>έν</em></strong></span> <span class='ocrx_word' id='word_1_65' title='bbox 892 990 1058 1068; x_wconf 76' lang='grc' dir='ltr'><strong><em>Δελφοῖσι</em></strong></span> <span class='ocrx_word' id='word_1_66' title='bbox 1073 981 1177 1070; x_wconf 82' lang='grc' dir='ltr'><strong><em>ἐχρή-</em></strong></span> 
     </span>
     <span class='ocr_line' id='line_1_9' title="bbox 163 1071 1178 1167; baseline 0.007 -28"><span class='ocrx_word' id='word_1_67' title='bbox 163 1082 231 1160; x_wconf 85' lang='grc' dir='ltr'><strong><em>σθη</em></strong></span> <span class='ocrx_word' id='word_1_68' title='bbox 239 1071 361 1159; x_wconf 76' lang='grc' dir='ltr'><strong><em>’Ἄργος</em></strong></span> <span class='ocrx_word' id='word_1_69' title='bbox 375 1074 536 1162; x_wconf 90' lang='grc' dir='ltr'><strong><em>αἱρήσειν.</em></strong></span> <span class='ocrx_word' id='word_1_70' title='bbox 579 1078 688 1146; x_wconf 86' lang='grc' dir='ltr'><strong><em>ἐπείτε</em></strong></span> <span class='ocrx_word' id='word_1_71' title='bbox 707 1075 744 1146; x_wconf 73' lang='grc' dir='ltr'><strong><em>δέ</em></strong></span> <span class='ocrx_word' id='word_1_72' title='bbox 757 1079 971 1167; x_wconf 77' lang='grc' dir='ltr'><strong><em>Σπαρτιήτας</em></strong></span> <span class='ocrx_word' id='word_1_73' title='bbox 984 1079 1078 1166; x_wconf 80' lang='grc' dir='ltr'><strong><em>ἄγων</em></strong></span> <span class='ocrx_word' id='word_1_74' title='bbox 1093 1077 1178 1147; x_wconf 82' lang='grc' dir='ltr'><strong><em>ἀπί-</em></strong></span> 
     </span>
     <span class='ocr_line' id='line_1_10' title="bbox 163 1173 1176 1269; baseline 0.006 -29"><span class='ocrx_word' id='word_1_75' title='bbox 163 1198 238 1240; x_wconf 83' lang='grc' dir='ltr'><strong><em>κετο</em></strong></span> <span class='ocrx_word' id='word_1_76' title='bbox 267 1175 320 1241; x_wconf 82' lang='grc' dir='ltr'><strong><em>ἐπὶ</em></strong></span> <span class='ocrx_word' id='word_1_77' title='bbox 339 1173 491 1262; x_wconf 86' lang='grc' dir='ltr'><strong><em>ποταμόν</em></strong></span> <span class='ocrx_word' id='word_1_78' title='bbox 513 1174 704 1265; x_wconf 78' lang='grc' dir='ltr'><strong><em>Ἐρασῖνον,</em></strong></span> <span class='ocrx_word' id='word_1_79' title='bbox 729 1175 767 1258; x_wconf 87' lang='grc' dir='ltr'><strong><em>δς</em></strong></span> <span class='ocrx_word' id='word_1_80' title='bbox 789 1183 920 1265; x_wconf 87' lang='grc' dir='ltr'><strong><em>λέγεται</em></strong></span> <span class='ocrx_word' id='word_1_81' title='bbox 945 1182 1035 1269; x_wconf 74' lang='grc' dir='ltr'><strong><em>ῥέειν</em></strong></span> <span class='ocrx_word' id='word_1_82' title='bbox 1056 1182 1094 1248; x_wconf 85' lang='grc' dir='ltr'><strong><em>ἐκ</em></strong></span> <span class='ocrx_word' id='word_1_83' title='bbox 1114 1186 1176 1266; x_wconf 80' lang='grc' dir='ltr'><strong><em>τῆς</em></strong></span> 
     </span>
     <span class='ocr_line' id='line_1_11' title="bbox 162 1272 1174 1364; baseline 0.008 -27"><span class='ocrx_word' id='word_1_84' title='bbox 162 1276 399 1358; x_wconf 86' lang='grc' dir='ltr'><strong><em>Στυμφηλὶδος</em></strong></span> <span class='ocrx_word' id='word_1_85' title='bbox 410 1280 527 1361; x_wconf 91' lang='grc' dir='ltr'><strong><em>λίμνης</em></strong></span> <span class='ocrx_word' id='word_1_86' title='bbox 534 1272 611 1364; x_wconf 79' lang='grc' dir='ltr'><strong><em>(τήν</em></strong></span> <span class='ocrx_word' id='word_1_87' title='bbox 620 1273 686 1363; x_wconf 81' lang='grc' dir='ltr'><strong><em>γάρ</em></strong></span> <span class='ocrx_word' id='word_1_88' title='bbox 699 1273 740 1362; x_wconf 86' lang='grc' dir='ltr'><strong><em>δή</em></strong></span> <span class='ocrx_word' id='word_1_89' title='bbox 748 1283 870 1364; x_wconf 82' lang='grc' dir='ltr'><strong><em>λίμνην</em></strong></span> <span class='ocrx_word' id='word_1_90' title='bbox 880 1275 1006 1364; x_wconf 75' lang='grc' dir='ltr'><strong><em>ταύτην</em></strong></span> <span class='ocrx_word' id='word_1_91' title='bbox 1016 1279 1050 1356; x_wconf 89' lang='grc' dir='ltr'><strong><em>ἐς</em></strong></span> <span class='ocrx_word' id='word_1_92' title='bbox 1059 1275 1174 1362; x_wconf 79' lang='grc' dir='ltr'><strong><em>χάσμα</em></strong></span> 
     </span>
     <span class='ocr_line' id='line_1_12' title="bbox 162 1365 1170 1460; baseline 0.005 -25"><span class='ocrx_word' id='word_1_93' title='bbox 162 1365 290 1453; x_wconf 82' lang='grc' dir='ltr'><strong><em>ἀφανὲς</em></strong></span> <span class='ocrx_word' id='word_1_94' title='bbox 304 1371 504 1440; x_wconf 77' lang='grc' dir='ltr'><strong><em>ἐκδιδοῦσαν</em></strong></span> <span class='ocrx_word' id='word_1_95' title='bbox 514 1371 765 1459; x_wconf 78' lang='grc' dir='ltr'><strong><em>ἀναφαίνεσθαι</em></strong></span> <span class='ocrx_word' id='word_1_96' title='bbox 779 1372 947 1460; x_wconf 79' lang='grc' dir='ltr'><strong><em>ἐν’Ἇργετ,</em></strong></span> <span class='ocrx_word' id='word_1_97' title='bbox 959 1372 997 1441; x_wconf 90' lang='grc' dir='ltr'><strong><em>τδ</em></strong></span> <span class='ocrx_word' id='word_1_98' title='bbox 1008 1376 1170 1442; x_wconf 77' lang='grc' dir='ltr'><strong><em>ἐνθεῦτεν</em></strong></span> 
     </span>
     <span class='ocr_line' id='line_1_13' title="bbox 164 1466 1174 1560; baseline 0.003 -24"><span class='ocrx_word' id='word_1_99' title='bbox 164 1466 243 1537; x_wconf 77' lang='grc' dir='ltr'><strong><em>δέτδ</em></strong></span> <span class='ocrx_word' id='word_1_100' title='bbox 251 1468 344 1558; x_wconf 81' lang='grc' dir='ltr'><strong><em>ὕδωρ</em></strong></span> <span class='ocrx_word' id='word_1_101' title='bbox 352 1467 417 1558; x_wconf 88' lang='grc' dir='ltr'><strong><em>ήδη</em></strong></span> <span class='ocrx_word' id='word_1_102' title='bbox 427 1479 526 1541; x_wconf 90' lang='grc' dir='ltr'><strong><em>τοῦτο</em></strong></span> <span class='ocrx_word' id='word_1_103' title='bbox 537 1471 597 1542; x_wconf 83' lang='grc' dir='ltr'><strong><em>ὑπ’</em></strong></span> <span class='ocrx_word' id='word_1_104' title='bbox 610 1471 769 1560; x_wconf 76' lang='grc' dir='ltr'><strong><em>Ἀργείων</em></strong></span> <span class='ocrx_word' id='word_1_105' title='bbox 780 1470 953 1560; x_wconf 77' lang='grc' dir='ltr'><strong><em>Ἐρασῖνον</em></strong></span> <span class='ocrx_word' id='word_1_106' title='bbox 963 1471 1174 1557; x_wconf 77' lang='grc' dir='ltr'><strong><em>καλέεσθαι),</em></strong></span> 
     </span>
     <span class='ocr_line' id='line_1_14' title="bbox 163 1564 1172 1658; baseline 0.003 -24"><span class='ocrx_word' id='word_1_107' title='bbox 163 1564 366 1655; x_wconf 90' lang='grc' dir='ltr'><strong><em>ἀπικόμενος</em></strong></span> <span class='ocrx_word' id='word_1_108' title='bbox 380 1569 411 1637; x_wconf 89' lang='grc' dir='ltr'><strong><em>δ’</em></strong></span> <span class='ocrx_word' id='word_1_109' title='bbox 429 1564 479 1638; x_wconf 76' lang='grc' dir='ltr'><strong><em>(δν</em></strong></span> <span class='ocrx_word' id='word_1_110' title='bbox 493 1570 512 1639; x_wconf 86' lang='grc' dir='ltr'><strong>ὁ</strong></span> <span class='ocrx_word' id='word_1_111' title='bbox 525 1574 718 1658; x_wconf 79' lang='grc' dir='ltr'><strong><em>Κλεομένης</em></strong></span> <span class='ocrx_word' id='word_1_112' title='bbox 738 1573 791 1640; x_wconf 81' lang='grc' dir='ltr'><strong><em>έπλ</em></strong></span> <span class='ocrx_word' id='word_1_113' title='bbox 808 1569 868 1639; x_wconf 85' lang='grc' dir='ltr'><strong><em>τόν</em></strong></span> <span class='ocrx_word' id='word_1_114' title='bbox 883 1568 1036 1658; x_wconf 85' lang='grc' dir='ltr'><strong><em>ποταμόν</em></strong></span> <span class='ocrx_word' id='word_1_115' title='bbox 1049 1577 1172 1638; x_wconf 82' lang='grc' dir='ltr'><strong><em>τοῦτον</em></strong></span> 
     </span>
     <span class='ocr_line' id='line_1_15' title="bbox 163 1667 1172 1761; baseline -0.001 -24"><span class='ocrx_word' id='word_1_116' title='bbox 163 1668 378 1754; x_wconf 75' lang='grc' dir='ltr'><strong><em>ἐσφαγιάζετο</em></strong></span> <span class='ocrx_word' id='word_1_117' title='bbox 395 1667 496 1761; x_wconf 78' lang='grc' dir='ltr'><strong><em>αὐτῷ.</em></strong></span> <span class='ocrx_word' id='word_1_118' title='bbox 523 1673 578 1738; x_wconf 82' lang='grc' dir='ltr'><strong><em>καλ</em></strong></span> <span class='ocrx_word' id='word_1_119' title='bbox 593 1668 637 1737; x_wconf 86' lang='grc' dir='ltr'><strong><em>οῦ</em></strong></span> <span class='ocrx_word' id='word_1_120' title='bbox 649 1669 716 1758; x_wconf 81' lang='grc' dir='ltr'><strong><em>γάρ</em></strong></span> <span class='ocrx_word' id='word_1_121' title='bbox 734 1669 888 1757; x_wconf 77' lang='grc' dir='ltr'><strong><em>οὐδαμῶς</em></strong></span> <span class='ocrx_word' id='word_1_122' title='bbox 908 1675 1076 1755; x_wconf 88' lang='grc' dir='ltr'><strong><em>ἐκαλλίρεε</em></strong></span> <span class='ocrx_word' id='word_1_123' title='bbox 1096 1673 1172 1737; x_wconf 87' lang='grc' dir='ltr'><strong><em>δια-</em></strong></span> 
     </span>
     <span class='ocr_line' id='line_1_16' title="bbox 162 1765 1174 1856; baseline 0 -22"><span class='ocrx_word' id='word_1_124' title='bbox 162 1771 293 1854; x_wconf 84' lang='grc' dir='ltr'><strong><em>βαίνειν</em></strong></span> <span class='ocrx_word' id='word_1_125' title='bbox 307 1793 382 1853; x_wconf 90' lang='grc' dir='ltr'><strong><em>μιν,</em></strong></span> <span class='ocrx_word' id='word_1_126' title='bbox 403 1765 553 1853; x_wconf 79' lang='grc' dir='ltr'><strong><em>ἄγασθαι</em></strong></span> <span class='ocrx_word' id='word_1_127' title='bbox 565 1771 629 1855; x_wconf 79' lang='grc' dir='ltr'><strong><em>μέν</em></strong></span> <span class='ocrx_word' id='word_1_128' title='bbox 644 1775 709 1856; x_wconf 81' lang='grc' dir='ltr'><strong><em>ἔφη</em></strong></span> <span class='ocrx_word' id='word_1_129' title='bbox 729 1775 791 1836; x_wconf 90' lang='grc' dir='ltr'><strong><em>τοῦ</em></strong></span> <span class='ocrx_word' id='word_1_130' title='bbox 805 1767 979 1855; x_wconf 79' lang='grc' dir='ltr'><strong><em>Ἐρασίνου</em></strong></span> <span class='ocrx_word' id='word_1_131' title='bbox 993 1767 1035 1837; x_wconf 86' lang='grc' dir='ltr'><strong><em>οῦ</em></strong></span> <span class='ocrx_word' id='word_1_132' title='bbox 1050 1771 1174 1856; x_wconf 82' lang='grc' dir='ltr'><strong><em>προδι-</em></strong></span> 
     </span>
     <span class='ocr_line' id='line_1_17' title="bbox 163 1861 1174 1955; baseline 0.002 -25"><span class='ocrx_word' id='word_1_133' title='bbox 163 1861 281 1944; x_wconf 88' lang='grc' dir='ltr'><strong><em>δόντος</em></strong></span> <span class='ocrx_word' id='word_1_134' title='bbox 296 1863 376 1943; x_wconf 85' lang='grc' dir='ltr'><strong><em>τοῦς</em></strong></span> <span class='ocrx_word' id='word_1_135' title='bbox 394 1866 571 1954; x_wconf 77' lang='grc' dir='ltr'><strong><em>πολιήτας,</em></strong></span> <span class='ocrx_word' id='word_1_136' title='bbox 587 1865 757 1955; x_wconf 78' lang='grc' dir='ltr'><strong><em>Ἀργείους</em></strong></span> <span class='ocrx_word' id='word_1_137' title='bbox 773 1869 888 1954; x_wconf 90' lang='grc' dir='ltr'><strong><em>μέντοι</em></strong></span> <span class='ocrx_word' id='word_1_138' title='bbox 903 1865 977 1936; x_wconf 80' lang='grc' dir='ltr'><strong><em>οὐδ’</em></strong></span> <span class='ocrx_word' id='word_1_139' title='bbox 994 1865 1038 1946; x_wconf 79' lang='grc' dir='ltr'><strong><em>δς</em></strong></span> <span class='ocrx_word' id='word_1_140' title='bbox 1050 1863 1174 1952; x_wconf 82' lang='grc' dir='ltr'><strong><em>χαιρή-</em></strong></span> 
     </span>
     <span class='ocr_line' id='line_1_18' title="bbox 162 1958 1173 2057; baseline 0.004 -28"><span class='ocrx_word' id='word_1_141' title='bbox 162 1981 243 2030; x_wconf 88' lang='grc' dir='ltr'><strong><em>σειν.</em></strong></span> <span class='ocrx_word' id='word_1_142' title='bbox 272 1958 354 2048; x_wconf 87' lang='grc' dir='ltr'><strong><em>μετά</em></strong></span> <span class='ocrx_word' id='word_1_143' title='bbox 370 1967 524 2035; x_wconf 75' lang='grc' dir='ltr'><strong><em>δὲταῦτα</em></strong></span> <span class='ocrx_word' id='word_1_144' title='bbox 539 1968 790 2057; x_wconf 81' lang='grc' dir='ltr'><strong><em>ἐξαναχωρήσας</em></strong></span> <span class='ocrx_word' id='word_1_145' title='bbox 806 1965 868 2055; x_wconf 83' lang='grc' dir='ltr'><strong><em>τήν</em></strong></span> <span class='ocrx_word' id='word_1_146' title='bbox 891 1964 1050 2056; x_wconf 84' lang='grc' dir='ltr'><strong><em>στρατιήν</em></strong></span> <span class='ocrx_word' id='word_1_147' title='bbox 1066 1966 1173 2053; x_wconf 86' lang='grc' dir='ltr'><strong><em>κατή-</em></strong></span> 
     </span>
     <span class='ocr_line' id='line_1_19' title="bbox 161 2064 1172 2155; baseline 0.002 -28"><span class='ocrx_word' id='word_1_148' title='bbox 161 2087 243 2147; x_wconf 89' lang='grc' dir='ltr'><strong><em>γαγε</em></strong></span> <span class='ocrx_word' id='word_1_149' title='bbox 260 2064 293 2139; x_wconf 88' lang='grc' dir='ltr'><strong><em>ἐς</em></strong></span> <span class='ocrx_word' id='word_1_150' title='bbox 310 2064 460 2150; x_wconf 80' lang='grc' dir='ltr'><strong><em>Θυρέην,</em></strong></span> <span class='ocrx_word' id='word_1_151' title='bbox 476 2066 749 2153; x_wconf 80' lang='grc' dir='ltr'><strong><em>σφαγιασάμενος</em></strong></span> <span class='ocrx_word' id='word_1_152' title='bbox 763 2066 800 2134; x_wconf 76' lang='grc' dir='ltr'><strong><em>δὲ</em></strong></span> <span class='ocrx_word' id='word_1_153' title='bbox 813 2073 853 2155; x_wconf 79' lang='grc' dir='ltr'><strong><em>τῇ</em></strong></span> <span class='ocrx_word' id='word_1_154' title='bbox 867 2064 1024 2154; x_wconf 83' lang='grc' dir='ltr'><strong><em>θαλάσση</em></strong></span> <span class='ocrx_word' id='word_1_155' title='bbox 1041 2071 1172 2149; x_wconf 87' lang='grc' dir='ltr'><strong><em>ταῦρον</em></strong></span> 
     </span>
     <span class='ocr_line' id='line_1_20' title="bbox 161 2160 1171 2253; baseline 0.005 -28"><span class='ocrx_word' id='word_1_156' title='bbox 161 2164 309 2226; x_wconf 89' lang='grc' dir='ltr'><strong><em>πλοίοισί</em></strong></span> <span class='ocrx_word' id='word_1_157' title='bbox 326 2179 431 2245; x_wconf 88' lang='grc' dir='ltr'><strong><em>σφεας</em></strong></span> <span class='ocrx_word' id='word_1_158' title='bbox 449 2160 554 2249; x_wconf 85' lang='grc' dir='ltr'><strong><em>ἤγαγε</em></strong></span> <span class='ocrx_word' id='word_1_159' title='bbox 573 2169 608 2241; x_wconf 79' lang='grc' dir='ltr'><strong><em>ἐς</em></strong></span> <span class='ocrx_word' id='word_1_160' title='bbox 628 2190 662 2231; x_wconf 89' lang='grc' dir='ltr'><strong><em>τε</em></strong></span> <span class='ocrx_word' id='word_1_161' title='bbox 683 2163 746 2251; x_wconf 86' lang='grc' dir='ltr'><strong><em>τήν</em></strong></span> <span class='ocrx_word' id='word_1_162' title='bbox 771 2170 959 2253; x_wconf 86' lang='grc' dir='ltr'><strong><em>Τιρυνθίην</em></strong></span> <span class='ocrx_word' id='word_1_163' title='bbox 979 2163 1094 2251; x_wconf 77' lang='grc' dir='ltr'><strong><em>γάρην</em></strong></span> <span class='ocrx_word' id='word_1_164' title='bbox 1114 2167 1171 2231; x_wconf 82' lang='grc' dir='ltr'><strong><em>καὶ</em></strong></span> 
     </span>
     <span class='ocr_line' id='line_1_21' title="bbox 114 2258 1171 2350; baseline -0.001 -20"><span class='ocrx_word' id='word_1_165' title='bbox 114 2274 148 2330; x_wconf 84' lang='grc'><strong><em>77</em></strong></span> <span class='ocrx_word' id='word_1_166' title='bbox 162 2264 352 2343; x_wconf 88' lang='grc' dir='ltr'><strong><em>Ναυπλίην.</em></strong></span> <span class='ocrx_word' id='word_1_167' title='bbox 393 2258 535 2348; x_wconf 79' lang='grc' dir='ltr'><strong><em>Ἀργεῖοι</em></strong></span> <span class='ocrx_word' id='word_1_168' title='bbox 562 2259 596 2331; x_wconf 87' lang='grc' dir='ltr'><strong><em>δ’</em></strong></span> <span class='ocrx_word' id='word_1_169' title='bbox 617 2260 767 2348; x_wconf 82' lang='grc' dir='ltr'><strong><em>ἐβάθεον</em></strong></span> <span class='ocrx_word' id='word_1_170' title='bbox 789 2263 1046 2350; x_wconf 89' lang='grc' dir='ltr'><strong><em>πυνθανόμενοι</em></strong></span> <span class='ocrx_word' id='word_1_171' title='bbox 1063 2270 1171 2330; x_wconf 85' lang='grc' dir='ltr'><strong><em>ταῦτα</em></strong></span> 
     </span>
    </p>

    <p class='ocr_par' dir='ltr' id='par_1_3' title="bbox 158 2353 1170 3037">
     <span class='ocr_line' id='line_1_22' title="bbox 161 2353 1169 2447; baseline 0.002 -24"><span class='ocrx_word' id='word_1_172' title='bbox 161 2357 215 2423; x_wconf 82' lang='grc' dir='ltr'><strong><em>έπὶ</em></strong></span> <span class='ocrx_word' id='word_1_173' title='bbox 226 2353 414 2424; x_wconf 87' lang='grc' dir='ltr'><strong><em>θάλασσαν.</em></strong></span> <span class='ocrx_word' id='word_1_174' title='bbox 442 2354 487 2437; x_wconf 75' lang='grc' dir='ltr'><strong><em>ὡς</em></strong></span> <span class='ocrx_word' id='word_1_175' title='bbox 500 2359 538 2427; x_wconf 77' lang='grc' dir='ltr'><strong><em>δέ</em></strong></span> <span class='ocrx_word' id='word_1_176' title='bbox 551 2356 657 2447; x_wconf 84' lang='grc' dir='ltr'><strong><em>ἀγχοῦ</em></strong></span> <span class='ocrx_word' id='word_1_177' title='bbox 670 2363 733 2446; x_wconf 75' lang='grc' dir='ltr'><strong><em>μὲν</em></strong></span> <span class='ocrx_word' id='word_1_178' title='bbox 747 2363 897 2447; x_wconf 81' lang='grc' dir='ltr'><strong><em>ἐγίνοντο</em></strong></span> <span class='ocrx_word' id='word_1_179' title='bbox 911 2367 969 2446; x_wconf 88' lang='grc' dir='ltr'><strong><em>τής</em></strong></span> <span class='ocrx_word' id='word_1_180' title='bbox 986 2366 1169 2444; x_wconf 86' lang='grc' dir='ltr'><strong><em>Τίρυνθος,</em></strong></span> 
     </span>
     <span class='ocr_line' id='line_1_23' title="bbox 159 2452 1170 2549; baseline 0.002 -28"><span class='ocrx_word' id='word_1_181' title='bbox 159 2452 257 2545; x_wconf 79' lang='grc' dir='ltr'><strong><em>χάρφ</em></strong></span> <span class='ocrx_word' id='word_1_182' title='bbox 269 2456 305 2522; x_wconf 83' lang='grc' dir='ltr'><strong><em>δέ</em></strong></span> <span class='ocrx_word' id='word_1_183' title='bbox 315 2457 353 2523; x_wconf 89' lang='grc' dir='ltr'><strong><em>έν</em></strong></span> <span class='ocrx_word' id='word_1_184' title='bbox 362 2455 471 2549; x_wconf 85' lang='grc' dir='ltr'><strong><em>τοότφ</em></strong></span> <span class='ocrx_word' id='word_1_185' title='bbox 481 2465 527 2548; x_wconf 79' lang='grc' dir='ltr'><strong><em>τῷ</em></strong></span> <span class='ocrx_word' id='word_1_186' title='bbox 539 2460 647 2525; x_wconf 84' lang='grc' dir='ltr'><strong><em>κέεται</em></strong></span> <span class='ocrx_word' id='word_1_187' title='bbox 656 2456 677 2545; x_wconf 81' lang='grc' dir='ltr'><em>ἡ</em></span> <span class='ocrx_word' id='word_1_188' title='bbox 685 2458 816 2545; x_wconf 86' lang='grc' dir='ltr'><strong><em>Σήπεια</em></strong></span> <span class='ocrx_word' id='word_1_189' title='bbox 827 2456 968 2543; x_wconf 86' lang='grc' dir='ltr'><strong><em>οὕνομα,</em></strong></span> <span class='ocrx_word' id='word_1_190' title='bbox 974 2463 1170 2544; x_wconf 84' lang='grc' dir='ltr'><strong><em>μεταίχμιον</em></strong></span> 
     </span>
     <span class='ocr_line' id='line_1_24' title="bbox 160 2550 1166 2643; baseline 0.003 -24"><span class='ocrx_word' id='word_1_191' title='bbox 160 2550 203 2620; x_wconf 83' lang='grc' dir='ltr'><strong><em>οῦ</em></strong></span> <span class='ocrx_word' id='word_1_192' title='bbox 209 2554 292 2638; x_wconf 84' lang='grc' dir='ltr'><strong><em>μέγα</em></strong></span> <span class='ocrx_word' id='word_1_193' title='bbox 301 2551 521 2637; x_wconf 76' lang='grc' dir='ltr'><strong><em>ἀπολιπόντες</em></strong></span> <span class='ocrx_word' id='word_1_194' title='bbox 532 2562 641 2639; x_wconf 78' lang='grc' dir='ltr'><strong><em>ἵζοντο</em></strong></span> <span class='ocrx_word' id='word_1_195' title='bbox 651 2554 758 2626; x_wconf 89' lang='grc' dir='ltr'><strong><em>ἀντίοι</em></strong></span> <span class='ocrx_word' id='word_1_196' title='bbox 770 2572 855 2625; x_wconf 84' lang='grc' dir='ltr'><strong><em>τοῖσι</em></strong></span> <span class='ocrx_word' id='word_1_197' title='bbox 861 2560 1166 2643; x_wconf 88' lang='grc' dir='ltr'><strong><em>Λακεδαιμονίοισι.</em></strong></span> 
     </span>
     <span class='ocr_line' id='line_1_25' title="bbox 160 2652 1169 2744; baseline 0.003 -26"><span class='ocrx_word' id='word_1_198' title='bbox 160 2655 310 2719; x_wconf 81' lang='grc' dir='ltr'><strong><em>ἐνθαῦτα</em></strong></span> <span class='ocrx_word' id='word_1_199' title='bbox 324 2652 364 2740; x_wconf 83' lang='grc' dir='ltr'><strong><em>δή</em></strong></span> <span class='ocrx_word' id='word_1_200' title='bbox 381 2660 416 2723; x_wconf 86' lang='grc' dir='ltr'><strong><em>οἱ</em></strong></span> <span class='ocrx_word' id='word_1_201' title='bbox 428 2652 570 2742; x_wconf 82' lang='grc' dir='ltr'><strong><em>Ἀργεῑοι</em></strong></span> <span class='ocrx_word' id='word_1_202' title='bbox 586 2655 649 2744; x_wconf 86' lang='grc' dir='ltr'><strong><em>τήν</em></strong></span> <span class='ocrx_word' id='word_1_203' title='bbox 666 2660 728 2744; x_wconf 78' lang='grc' dir='ltr'><strong><em>μὲν</em></strong></span> <span class='ocrx_word' id='word_1_204' title='bbox 745 2660 781 2725; x_wconf 88' lang='grc' dir='ltr'><strong><em>έκ</em></strong></span> <span class='ocrx_word' id='word_1_205' title='bbox 801 2660 863 2724; x_wconf 92' lang='grc' dir='ltr'><strong><em>τοῦ</em></strong></span> <span class='ocrx_word' id='word_1_206' title='bbox 884 2661 1037 2742; x_wconf 87' lang='grc' dir='ltr'><strong><em>φανεροῦ</em></strong></span> <span class='ocrx_word' id='word_1_207' title='bbox 1056 2654 1169 2740; x_wconf 79' lang='grc' dir='ltr'><strong><em>μάχην</em></strong></span> 
     </span>
     <span class='ocr_line' id='line_1_26' title="bbox 160 2745 1167 2847; baseline 0.001 -30"><span class='ocrx_word' id='word_1_208' title='bbox 160 2745 223 2817; x_wconf 88' lang='grc' dir='ltr'><strong><em>οῦκ</em></strong></span> <span class='ocrx_word' id='word_1_209' title='bbox 238 2750 429 2838; x_wconf 80' lang='grc' dir='ltr'><strong><em>ἐφοβέοντο,</em></strong></span> <span class='ocrx_word' id='word_1_210' title='bbox 445 2751 528 2822; x_wconf 86' lang='grc' dir='ltr'><strong><em>ἀλλά</em></strong></span> <span class='ocrx_word' id='word_1_211' title='bbox 539 2752 584 2841; x_wconf 83' lang='grc' dir='ltr'><strong><em>μή</em></strong></span> <span class='ocrx_word' id='word_1_212' title='bbox 598 2756 686 2847; x_wconf 83' lang='grc' dir='ltr'><strong><em>δόλφ</em></strong></span> <span class='ocrx_word' id='word_1_213' title='bbox 698 2754 885 2841; x_wconf 85' lang='grc' dir='ltr'><strong><em>αἱρεθέωσι.</em></strong></span> <span class='ocrx_word' id='word_1_214' title='bbox 909 2754 964 2821; x_wconf 81' lang='grc' dir='ltr'><strong><em>καὶ</em></strong></span> <span class='ocrx_word' id='word_1_215' title='bbox 974 2750 1040 2839; x_wconf 86' lang='grc' dir='ltr'><strong><em>γάρ</em></strong></span> <span class='ocrx_word' id='word_1_216' title='bbox 1053 2752 1095 2839; x_wconf 89' lang='grc' dir='ltr'><strong><em>δή</em></strong></span> <span class='ocrx_word' id='word_1_217' title='bbox 1105 2772 1167 2838; x_wconf 89' lang='grc' dir='ltr'><strong><em>σφι</em></strong></span> 
     </span>
     <span class='ocr_line' id='line_1_27' title="bbox 160 2845 1166 2940; baseline 0.006 -28"><span class='ocrx_word' id='word_1_218' title='bbox 160 2847 193 2923; x_wconf 92' lang='grc' dir='ltr'><strong><em>ἐς</em></strong></span> <span class='ocrx_word' id='word_1_219' title='bbox 213 2852 312 2913; x_wconf 90' lang='grc' dir='ltr'><strong><em>τοῦτο</em></strong></span> <span class='ocrx_word' id='word_1_220' title='bbox 333 2845 370 2913; x_wconf 89' lang='grc' dir='ltr'>τό</span> <span class='ocrx_word' id='word_1_221' title='bbox 397 2856 532 2937; x_wconf 82' lang='grc' dir='ltr'><strong><em>πρῆγμα</em></strong></span> <span class='ocrx_word' id='word_1_222' title='bbox 554 2850 678 2938; x_wconf 79' lang='grc' dir='ltr'><strong><em>εἴχετό</em></strong></span> <span class='ocrx_word' id='word_1_223' title='bbox 703 2850 923 2940; x_wconf 86' lang='grc' dir='ltr'><strong><em>χρηστήριον,</em></strong></span> <span class='ocrx_word' id='word_1_224' title='bbox 953 2848 991 2919; x_wconf 85' lang='grc' dir='ltr'><strong><em>τό</em></strong></span> <span class='ocrx_word' id='word_1_225' title='bbox 1013 2854 1166 2919; x_wconf 81' lang='grc' dir='ltr'><strong><em>ἐπίκοινα</em></strong></span> 
     </span>
     <span class='ocr_line' id='line_1_28' title="bbox 158 2941 1163 3037; baseline 0.004 -25"><span class='ocrx_word' id='word_1_226' title='bbox 158 2951 275 3033; x_wconf 77' lang='grc' dir='ltr'><strong><em>ἔχρησε</em></strong></span> <span class='ocrx_word' id='word_1_227' title='bbox 289 2943 311 3032; x_wconf 87' lang='grc' dir='ltr'><strong><em>ή</em></strong></span> <span class='ocrx_word' id='word_1_228' title='bbox 325 2954 442 3036; x_wconf 87' lang='grc' dir='ltr'><strong><em>Πυθίη</em></strong></span> <span class='ocrx_word' id='word_1_229' title='bbox 456 2950 608 3019; x_wconf 78' lang='grc' dir='ltr'><strong><em>τούτοισί</em></strong></span> <span class='ocrx_word' id='word_1_230' title='bbox 620 2978 656 3019; x_wconf 90' lang='grc' dir='ltr'><strong><em>τε</em></strong></span> <span class='ocrx_word' id='word_1_231' title='bbox 671 2954 726 3019; x_wconf 81' lang='grc' dir='ltr'><strong><em>καὶ</em></strong></span> <span class='ocrx_word' id='word_1_232' title='bbox 740 2957 954 3037; x_wconf 87' lang='grc' dir='ltr'><strong><em>Μιλησίοισι,</em></strong></span> <span class='ocrx_word' id='word_1_233' title='bbox 970 2955 1070 3036; x_wconf 91' lang='grc' dir='ltr'><strong><em>λε’γον</em></strong></span> <span class='ocrx_word' id='word_1_234' title='bbox 1082 2941 1163 3019; x_wconf 77' lang='grc' dir='ltr'><strong><em>ὦδε·</em></strong></span> 
     </span>
    </p>

    <p class='ocr_par' dir='ltr' id='par_1_4' title="bbox 196 3045 951 3140">
     <span class='ocr_line' id='line_1_29' title="bbox 196 3045 951 3140; baseline 0 -25"><span class='ocrx_word' id='word_1_235' title='bbox 196 3045 284 3116; x_wconf 79' lang='grc' dir='ltr'><strong><em>Ἀλλ’</em></strong></span> <span class='ocrx_word' id='word_1_236' title='bbox 302 3046 384 3117; x_wconf 84' lang='grc' dir='ltr'><strong><em>ὅταν</em></strong></span> <span class='ocrx_word' id='word_1_237' title='bbox 397 3047 418 3139; x_wconf 79' lang='grc' dir='ltr'><em>ἡ</em></span> <span class='ocrx_word' id='word_1_238' title='bbox 433 3051 556 3140; x_wconf 90' lang='grc' dir='ltr'><strong><em>θήλεια</em></strong></span> <span class='ocrx_word' id='word_1_239' title='bbox 571 3051 632 3120; x_wconf 84' lang='grc' dir='ltr'><strong><em>τόν</em></strong></span> <span class='ocrx_word' id='word_1_240' title='bbox 647 3051 772 3139; x_wconf 85' lang='grc' dir='ltr'><strong><em>ἀρσενα</em></strong></span> <span class='ocrx_word' id='word_1_241' title='bbox 787 3050 951 3136; x_wconf 90' lang='grc' dir='ltr'><strong><em>νικήσασα</em></strong></span> 
     </span>
    </p>

    <p class='ocr_par' dir='ltr' id='par_1_5' title="bbox 195 3146 937 3237">
     <span class='ocr_line' id='line_1_30' title="bbox 195 3146 937 3237; baseline -0.003 -22"><span class='ocrx_word' id='word_1_242' title='bbox 195 3146 349 3235; x_wconf 80' lang='grc' dir='ltr'><strong><em>Ἐξελάση</em></strong></span> <span class='ocrx_word' id='word_1_243' title='bbox 364 3151 419 3217; x_wconf 83' lang='grc' dir='ltr'><strong><em>κοιλ</em></strong></span> <span class='ocrx_word' id='word_1_244' title='bbox 433 3154 535 3229; x_wconf 90' lang='grc' dir='ltr'><strong><em>κῦδος</em></strong></span> <span class='ocrx_word' id='word_1_245' title='bbox 549 3152 587 3218; x_wconf 87' lang='grc' dir='ltr'><strong><em>έν</em></strong></span> <span class='ocrx_word' id='word_1_246' title='bbox 597 3148 795 3237; x_wconf 75' lang='grc' dir='ltr'><strong><em>Ἀργείοισιν</em></strong></span> <span class='ocrx_word' id='word_1_247' title='bbox 809 3146 937 3235; x_wconf 85' lang='grc' dir='ltr'><strong><em>άρηται,</em></strong></span> 
     </span>
    </p>

    <p class='ocr_par' dir='ltr' id='par_1_6' title="bbox 200 3244 962 3337">
     <span class='ocr_line' id='line_1_31' title="bbox 200 3244 962 3337; baseline -0.003 -23"><span class='ocrx_word' id='word_1_248' title='bbox 200 3244 332 3325; x_wconf 85' lang='grc' dir='ltr'><strong><em>Πολλάς</em></strong></span> <span class='ocrx_word' id='word_1_249' title='bbox 344 3245 501 3334; x_wconf 86' lang='grc' dir='ltr'><strong><em>Ἀργείων</em></strong></span> <span class='ocrx_word' id='word_1_250' title='bbox 516 3248 753 3337; x_wconf 73' lang='grc' dir='ltr'><strong><em>ἀμφιδρυφέας</em></strong></span> <span class='ocrx_word' id='word_1_251' title='bbox 765 3247 839 3316; x_wconf 90' lang='grc' dir='ltr'><strong><em>τότε</em></strong></span> <span class='ocrx_word' id='word_1_252' title='bbox 853 3247 962 3335; x_wconf 87' lang='grc' dir='ltr'><strong><em>θήσει,</em></strong></span> 
     </span>
    </p>

    <p class='ocr_par' dir='ltr' id='par_1_7' title="bbox 191 3342 1050 3434">
     <span class='ocr_line' id='line_1_32' title="bbox 191 3342 1050 3434; baseline 0.002 -25"><span class='ocrx_word' id='word_1_253' title='bbox 191 3343 254 3420; x_wconf 82' lang='grc' dir='ltr'><strong><em>Ὦς</em></strong></span> <span class='ocrx_word' id='word_1_254' title='bbox 267 3349 350 3411; x_wconf 84' lang='grc' dir='ltr'><strong><em>ποτέ</em></strong></span> <span class='ocrx_word' id='word_1_255' title='bbox 360 3373 409 3423; x_wconf 90' lang='grc' dir='ltr'><strong><em>τις</em></strong></span> <span class='ocrx_word' id='word_1_256' title='bbox 423 3349 508 3434; x_wconf 84' lang='grc' dir='ltr'><strong><em>ἐρέει</em></strong></span> <span class='ocrx_word' id='word_1_257' title='bbox 522 3352 578 3416; x_wconf 82' lang='grc' dir='ltr'><strong><em>καλ</em></strong></span> <span class='ocrx_word' id='word_1_258' title='bbox 592 3348 825 3431; x_wconf 85' lang='grc' dir='ltr'><strong><em>ἐπεσσομένων</em></strong></span> <span class='ocrx_word' id='word_1_259' title='bbox 840 3342 1050 3431; x_wconf 72' lang='grc' dir='ltr'><strong><em>ἀνθρώπων·</em></strong></span> 
     </span>
    </p>

    <p class='ocr_par' dir='ltr' id='par_1_8' title="bbox 199 3438 1098 3531">
     <span class='ocr_line' id='line_1_33' title="bbox 199 3438 1098 3531; baseline 0 -23"><span class='ocrx_word' id='word_1_260' title='bbox 199 3438 323 3520; x_wconf 82' lang='grc' dir='ltr'><strong><em>Δεινός</em></strong></span> <span class='ocrx_word' id='word_1_261' title='bbox 339 3443 416 3524; x_wconf 83' lang='grc' dir='ltr'><strong><em>ὄφις</em></strong></span> <span class='ocrx_word' id='word_1_262' title='bbox 431 3445 612 3527; x_wconf 86' lang='grc' dir='ltr'><strong><em>τριέλικτος</em></strong></span> <span class='ocrx_word' id='word_1_263' title='bbox 630 3442 780 3513; x_wconf 74' lang='grc' dir='ltr'><strong><em>ἀπώλετο</em></strong></span> <span class='ocrx_word' id='word_1_264' title='bbox 795 3445 892 3531; x_wconf 82' lang='grc' dir='ltr'><strong><em>δουρὶ</em></strong></span> <span class='ocrx_word' id='word_1_265' title='bbox 907 3447 1098 3527; x_wconf 86' lang='grc' dir='ltr'><strong><em>δαμασθείς.</em></strong></span> 
     </span>
    </p>
   </div>
   <div class='ocr_carea' id='block_1_3' title="bbox 0 0 1254 3925">
    <p class='ocr_par' dir='ltr' id='par_1_9' title="bbox 0 0 1254 3925">
     <span class='ocr_line' id='line_1_34' title="bbox 0 0 1254 3925; baseline 0 2"><span class='ocrx_word' id='word_1_266' title='bbox 0 0 1254 3925; x_wconf 95' lang='lat' dir='ltr'><strong><em> </em></strong></span> 
     </span>
    </p>
   </div>
  </div>
 </body>
</html>
