2500 3925
171 289 235 353 244
552 294 805 353 HERODOTI

171 474 208 517 τε
221 445 282 515 τόν
295 455 462 538 Σμέρδιος
476 452 631 522 θάνατον
647 476 691 530 τις
707 450 889 537 κρύπτοιτο
902 449 1100 537 γενόμενος,
1125 449 1177 514 καὶ

174 546 219 627 ὡς
235 547 342 635 όλύγοι
368 544 457 639 ήσαν
480 549 514 620 οί
532 550 747 637 ἐπιστάμενοι
769 544 875 616 αύτόν
894 550 1070 636 Περσέων,
1093 550 1129 615 οί
1146 544 1179 611 δέ

174 652 291 717 πολλοὶ
307 651 485 736 περιεόντα
499 676 558 737 μιν
575 652 751 734 εἰδείησαν.
774 645 858 731 πρός
872 654 977 715 ταῦτα
993 643 1179 734 βουλεύσας

174 749 254 817 τάδε
269 750 458 836 ἐπεχείρησε
471 763 558 817 τοῖσι
574 753 793 837 βασιληίοισι·
812 741 857 834 ἦν
873 752 906 815 οί
919 742 1098 833 άδελφεός,
1120 739 1179 811 τὸν

175 844 251 914 εἶπά
266 850 301 915 οί
311 854 620 935 συνεπαναστῆναι,
636 842 735 925 οἰκός
749 846 891 934 μάλιστα
904 845 942 915 τό
955 845 1040 925 είδος
1050 846 1180 931 Σμέρδι

174 953 220 1036 τῷ
240 947 376 1034 Κύρου,
407 945 469 1015 τόν
493 944 511 1015 ὁ
533 945 718 1033 Καμβύσης
742 944 839 1013 έόντα
863 946 990 1012 ἑωυτοῦ
1012 940 1179 1027 ἀδελφεόν
1230 1034 1231 1037 ¹

175 1040 356 1112 ἀπέκτεινε.
377 1038 423 1132 ήν
437 1072 473 1114 τε
490 1042 530 1131 δή
546 1042 661 1131 ὁμοῖος
677 1041 763 1121 εἶδος
777 1050 822 1132 τῷ
837 1043 981 1129 Σμέρδι,
998 1045 1051 1110 καὶ
1067 1039 1109 1128 δὴ
1128 1044 1180 1108 καί
1230 1120 1231 1129 ,

176 1138 305 1227 ούνομα
319 1140 425 1212 τιιντό
442 1142 506 1230 εἶχε
516 1144 676 1230 Σμέρδιν.
699 1148 820 1209 τούτου
830 1138 891 1208 τόν
901 1138 1008 1229 άνδρα
1023 1138 1180 1225 άναγνά-
1229 1140 1231 1231 2

176 1257 236 1317 σας
250 1235 269 1305 ὁ
284 1238 389 1326 μάγος
403 1247 618 1328 Πατιζείθης,
642 1236 687 1318 ὥς
701 1244 736 1308 οί
755 1232 855 1318 αι’πός
869 1239 979 1306 πάντα
994 1242 1180 1326 διαπρήξει,
1229 1252 1231 1321 j

176 1330 243 1403 εἷσε
257 1335 350 1424 άγων
367 1341 400 1418 ές
420 1336 481 1407 τόν
494 1339 671 1427 βασιλήιον
687 1338 827 1425 θρόνον.
861 1335 1002 1424 ποιήσας
1023 1336 1060 1403 δὲ
1081 1342 1180 1403 τοῦτο
1229 1402 1231 1425 ,

176 1433 324 1521 κήρυκας
343 1443 383 1525 τῇ
402 1462 438 1504 τε
457 1435 544 1526 άλλη
568 1436 727 1521 διέπεμπε
748 1460 804 1503 και
792 1432 861 1521 δή
882 1438 938 1504 καί
957 1439 991 1515 ές
1005 1444 1181 1521 Αίγυπτον

137 1537 380 1617 προερέοντα
396 1539 442 1625 τῷ
458 1541 603 1624 στρατῷ,
626 1530 671 1611 ὡς
684 1536 851 1620 Σμέρδιος
864 1559 924 1601 τον
911 1528 1094 1621 Κύρου’
1075 1558 1181 1599 οκον-
1230 1610 1231 1645 ,

176 1726 270 1798 ἄλλοι
293 1731 437 1819 κήρυκες
457 1732 692 1821 προηγόρευον
713 1738 833 1818 ταῦτα,
861 1687 918 1799 καί
941 1728 981 1819 δή
1008 1728 1100 1798 μαλ’
1084 1756 1104 1799 ο
1128 1728 1179 1798 ἐπ’

175 1836 349 1913 Αίγνπτον
360 1834 508 1919 ταχθείς,
521 1829 656 1917 ευρισκε
667 1854 732 1916 γαρ
743 1830 932 1916 Καμβνσην
940 1828 1040 1897 καὶ
1005 1854 1067 1897 τον
1078 1848 1182 1916 στρα-

173 1923 234 1995 τόν
245 1925 343 1997 έόντα
357 1937 415 2018 τῆς
424 1937 552 2019 Συρίης
563 1932 600 1999 έν
613 1927 862 2016 Ἀγβατάνοισι,
877 1927 1087 2016 προηγόρευε
1102 1927 1181 2009 στὰς

174 2029 208 2105 ές
222 2031 325 2113 μέσον
345 2030 385 2097 τά
405 2034 622 2118 ἐντεταλμένα
645 2033 681 2097 ἐκ
696 2036 756 2096 τοῦ
777 2029 898 2116 μάγον.
943 2029 1132 2118 Καμβύσης
1147 2031 1183 2098 δέ
1229 2043 1230 2070 ³

173 2122 322 2205 άκούσας
342 2134 446 2195 ταῦτα
463 2131 500 2196 ἐκ
519 2136 582 2196 τοῦ
598 2129 745 2216 κήρυκος
765 2131 820 2194 καί
841 2130 975 2207 έλπίσας
994 2153 1055 2215 μιν
1069 2129 1182 2216 λέγειν

174 2220 303 2308 ἀληθέα
327 2221 427 2304 αύτός
451 2252 487 2293 τε
512 2226 741 2313 προδεδόσθαι
771 2229 807 2293 έκ
831 2227 1050 2311 Πρηξάσπεος
1080 2233 1184 2314 (πεμ-

176 2330 305 2409 φθέντα
322 2324 386 2412 γάρ
407 2324 512 2395 αότόν
530 2326 574 2407 ὡς
595 2325 838 2394 ἀποκτενέοντα
855 2329 1004 2413 Σμέρδιν
1021 2323 1064 2393 ού
1081 2332 1184 2412 ποιῆ-

173 2444 230 2492 σαι
245 2432 376 2514 ταῦτα),
389 2433 514 2516 βλέψας
529 2431 562 2508 ές
572 2426 634 2496 τόν
644 2428 846 2513 Πρηξάσπεα
860 2426 945 2495 εἷπε·
967 2426 1184 2515 Πρήξασπες,
1228 2501 1229 2506 1

173 2520 262 2589 οὕτω
278 2550 336 2611 μοι
357 2527 534 2614 διεπρήξαο
556 2527 595 2595 τό
614 2551 666 2594 τοι
688 2530 884 2612 προσέθηκα
901 2533 1055 2614 πρήγμας
1091 2525 1129 2594 ‘0
1148 2526 1185 2592 δὲ
1228 2529 1229 2544 ’

174 2619 260 2690 είπε·
294 2615 334 2690 Ὦ
357 2628 517 2712 δέσποτα,
537 2623 601 2695 ούκ
619 2631 687 2693 ἔστι
706 2631 810 2692 ταῦτα
825 2623 971 2711 άληθέα,
991 2623 1081 2705 ὅκως
1105 2625 1189 2694 κοτέ

172 2739 226 2786 σοι
242 2722 388 2808 Σμέρδις
409 2720 571 2810 άδελιρεός
591 2722 610 2791 ό
634 2721 692 2802 σός
713 2726 929 2809 ἐπανέστηκε,
951 2721 1031 2792 οὐδὲ
1047 2724 1138 2804 ὅκως
1154 2751 1187 2793 τι

172 2817 205 2894 έξ
220 2816 351 2886 ἐκείνου
371 2826 432 2886 τού
446 2817 571 2904 ἀνδρός
596 2820 707 2899 νεῖκός
727 2846 778 2888 τοι
803 2827 894 2889 ἔσται
915 2816 937 2908 ή
954 2824 1039 2907 μέγα
1059 2818 1081 2908 ή
1103 2843 1190 2910 σμι-

172 2913 265 2998 κρόν.
296 2915 361 3002 ε’γά
375 2914 441 3004 γάρ
454 2915 557 2996 αύτός
573 2917 716 3004 ποιήσας
730 2916 770 2985 τά
786 2923 831 2986 σύ
845 2946 887 3005 με
902 2922 1052 3000 ἐκέλευες
1066 2921 1189 3002 ἔθαψά
1227 2933 1228 2994 λ

159 3041 217 3100 μιν
242 3013 337 3100 χερσὶ
361 3017 437 3102 τήσι
461 3016 643 3100 ἐμεωυτοῦ.
693 3023 725 3084 εί
753 3017 815 3102 μέν
846 3043 913 3084 ννν
937 3021 973 3086 οί
999 3027 1198 3104 τεθνεῶτες

164 3110 337 3202 άνεστᾶσι,
368 3114 553 3202 προσδέκεό
581 3141 633 3184 τοι
662 3116 718 3183 και
751 3114 937 3204 Ἀστυάγεα
967 3118 1028 3188 τόν
1061 3127 1197 3210 Μήδου

166 3214 472 3302 ἐπαναστήσεσθαι
500 3213 587 3286 τίδ’
608 3216 722 3284 έστι”
696 3237 806 3307 ωσπερ
830 3217 897 3306 πρό
916 3225 994 3308 τού,
1019 3219 1062 3290 ού
1087 3227 1142 3313 μή
1164 3234 1200 3296 τί

164 3338 215 3380 τοι
232 3318 270 3380 έκ
292 3341 330 3398 γε
349 3318 479 3402 έκείυου
496 3315 662 3402 νεώτερον
679 3312 934 3407 άναβλαστήσει.
968 3327 1037 3392 νύν
1063 3317 1113 3393 όν
1135 3355 1200 3416 μοι

169 3408 276 3475 δοκέει
288 3397 612 3499 μεταδιώξαντας
577 3439 639 3482 τον
659 3416 791 3504 κήρυκα
815 3421 975 3501 ἐξετάζειν
999 3425 1227 3509 είρωτέου-

168 3529 244 3586 τας,
266 3503 347 3590 παρ’
365 3506 443 3574 ότευ
456 3505 550 3594 ήκωυ
564 3516 786 3599 προαγορεύει
801 3513 882 3602 ημῖν
894 3521 1061 3604 Σμερδιος
1075 3527 1191 3603 βασι·
1226 3475 1227 3569 ί
