2500 3925
128 251 191 314 380
507 255 757 314 HERODOTI

131 408 197 483 ὦδε
212 417 448 502 ἐπιφρασθείς·
477 415 670 501 περιφέρων
685 408 792 500 αύτήν
813 412 906 495 έντδς
927 423 989 484 τοῦ
1011 425 1135 504 τείχεος

130 528 288 600 προσῖσχε
301 511 385 602 πρδς
405 511 443 582 τύ
460 513 607 581 δάπεδον
624 519 682 598 τῆς
702 514 828 593 πόλιος.
859 514 899 582 τύ
915 517 978 601 μὲν
993 515 1034 604 δή
1049 517 1135 586 ἀλλα

132 619 206 682 ἐσκε
220 612 338 701 κωφοὶ,
359 612 443 700 πρὸς
455 610 497 680 τά
512 625 686 698 προσῖσχε,
709 609 792 679 κατὰ
808 613 844 680 δὲ
859 609 899 680 τά
921 610 1133 700 ὀρυσσόμενα

130 709 264 800 ἠχέεσκε
291 709 310 780 ὁ
336 709 458 798 χαλκός
480 717 538 797 τῆς
562 707 710 789 ἀσπίδος.
732 707 1007 797 ’ἀντορύσσοντες
1032 711 1063 779 δ’
1090 709 1137 780 ἀν

130 808 236 896 ταύτη
257 813 290 875 οί
301 818 463 896 Βαρκαῖοι
483 814 634 877 ἔκτεινον
653 815 722 876 τῶν
735 810 895 894 Περσέων
910 812 990 888 τούς
1004 835 1134 897 γεωρυ-

131 914 275 997 χέοντας.
298 917 397 977 τοῦτο
412 912 474 995 μὲν
489 905 530 994 δή
548 906 637 975 οὕτω
653 910 830 994 ἐξευρέθη,
850 906 909 986 τάς
930 907 966 976 δὲ
986 916 1136 995 προσβο-

65 1029 112 1082 201
130 1007 191 1088 λάς
207 1007 437 1095 ἀπεκρούοντο
460 1012 494 1076 οί
505 1016 676 1093 Βαρκαῖοι.
727 1005 864 1092 Χρόνον
885 1004 922 1072 δὲ
944 1002 985 1092 δὴ
1008 1003 1139 1073 πολλόν

132 1109 340 1195 τριβομένων
367 1108 423 1175 καὶ
448 1107 641 1175 πιπτόντων
671 1103 872 1192 ἀμφοτέρων
896 1114 1048 1192 πολλῶν,
1080 1107 1136 1171 καὶ

134 1205 197 1276 ούκ
213 1209 313 1274 ἕσσον
326 1212 395 1274 τῶν
408 1211 585 1293 Περσέων,
600 1205 739 1292 ’Ἁμασις
759 1203 778 1272 ὁ
800 1204 982 1292 στρατηγὸς
997 1213 1058 1273 τοῦ
1074 1229 1137 1272 πε-

134 1311 191 1386 ζοῦ
205 1311 390 1392 μηχανᾶται
404 1306 532 1373 τοιάδε·
554 1304 677 1392 μαθων
690 1301 770 1384 τούς
779 1313 978 1394 Βαρκαίους,
987 1303 1039 1384 ’ὡς
1052 1302 1138 1372 κατὰ

134 1406 196 1492 μὲν
211 1402 249 1472 τύ
265 1402 404 1490 ίσχνρδν
420 1401 483 1472 οὐκ
501 1408 625 1492 αἱρετοὶ
640 1404 722 1490 εἶεν,
741 1406 830 1496 δόλῳ
845 1409 882 1474 δὲ
897 1410 1037 1494 αἱρετοὶ,
1059 1433 1137 1475 ποι-

134 1509 179 1572 έει
189 1504 318 1572 τοιάδε·
338 1502 459 1584 νυκτός
470 1503 602 1592 τάφρον
619 1502 742 1589 ὀρύξας
760 1502 880 1590 εὐρέαν
896 1507 1040 1574 ἐπέτεινε
1054 1507 1138 1586 ξύλα

135 1601 281 1672 ἀσθενέα
298 1600 384 1689 ὑπὲρ
405 1602 523 1690 αύτής,
545 1603 739 1689 κατύπερθε
755 1603 792 1670 δὲ
813 1605 972 1690 ἐπιπολῆς
991 1611 1060 1672 τῶν
1077 1603 1136 1684 ξύ-

135 1712 205 1771 λων
218 1711 301 1790 χοῦν
315 1710 377 1792 γής
392 1703 594 1790 ἐπεφόρησε,
615 1705 741 1770 ποιέων
754 1708 795 1790 τῇ
808 1699 893 1790 ἀλλη
908 1710 952 1791 μή
966 1703 1143 1770 ἰσόπεδον.

135 1802 204 1890 ἅμα
224 1800 330 1892 ἡμέρη
352 1808 389 1873 δέ
408 1806 442 1884 ἐς
461 1804 585 1890 λόγους
605 1805 824 1887 προεκαλέετο
844 1799 924 1880 τούς
937 1809 1136 1886 Βαρκαίους.

135 1907 169 1972 οί
192 1904 228 1971 δὲ
253 1901 428 1983 ἀσπαστῶς
453 1900 670 1991 ὑπήκουσαν,
698 1902 731 1980 ἐς
752 1899 773 1967 ὅ
793 1919 854 1986 σφι
877 1903 953 1969 ἕαδε
978 1898 1143 1989 ὁμολογίῃ.

135 2000 333 2089 χρήσασθαι.
362 2000 425 2089 τήν
446 2002 483 2071 δὲ
500 2001 684 2089 ὁμολογίην
704 2003 877 2068 ἐποιεῦντο
897 2000 1031 2089 τοιήνδε
1049 2000 1139 2085 τινὰ,

136 2102 188 2169 ἐπὶ
208 2107 265 2186 τής
288 2108 436 2187 κρυπτῆς
455 2102 589 2188 τάφρου
611 2102 794 2186 τάμνοντες
814 2098 929 2187 ὅρκια,
957 2099 1025 2170 ἐστ’
1053 2098 1097 2168 ἀν
1116 2097 1139 2188 ἡ

135 2206 178 2285 μή
199 2196 284 2285 αῦτη
305 2197 394 2267 ούτω
412 2206 485 2287 ἔχη,
507 2204 621 2286 μένειν
642 2195 680 2265 τὸ
698 2196 815 2283 ὅρκιον
829 2198 912 2266 κατὰ
932 2198 1061 2286 χοίρην,
1083 2202 1139 2266 καὶ

136 2303 325 2382 Βαρκαίους
340 2325 376 2366 τε
392 2296 584 2367 ὑποτελέειν
600 2297 707 2384 φάναι
721 2294 818 2383 ἀξίην
831 2301 962 2385 βασιλέι·
979 2300 1035 2365 καί
1047 2300 1139 2383 Πέρ-

137 2417 197 2475 σας
211 2396 315 2483 μηδὲν
329 2394 410 2466 ἀλλο
432 2403 597 2484 νεοχμοῦν
616 2392 700 2463 κατὰ
714 2403 911 2481 Βαρκαίους.
940 2393 1021 2481 μετὰ
1042 2398 1079 2463 δέ
1099 2391 1142 2461 τό

138 2498 255 2584 ὅρκιον
276 2507 438 2585 Βαρκαῖοι
460 2500 522 2585 μέν
550 2497 787 2575 πιστεύσαντες
810 2495 959 2564 τούτοισι
983 2492 1081 2562 αύτοί
1102 2521 1139 2561 τε

137 2598 270 2684 ἐξήισαν
285 2598 321 2665 ἐκ
334 2605 395 2665 τοῦ
410 2596 525 2676 ἀστεος
545 2599 600 2665 καὶ
620 2603 688 2664 τῶν
709 2603 878 2682 πολεμίων
898 2602 964 2664 έων
983 2597 1140 2677 παριέναι

93 2769 96 2777 Ι
142 2697 171 2773 ἐς
184 2690 222 2760 τό
239 2706 344 2779 τεῖχος
359 2690 420 2761 τόν
433 2694 660 2782 βουλόμενον,
674 2690 734 2772 τάς
744 2693 852 2770 πύλας
862 2691 969 2771 πόσας
983 2690 1141 2773 ἀνοίξαν-

140 2818 198 2870 τες.
233 2794 267 2858 οί
279 2790 316 2857 δέ
326 2792 453 2877 Πέρσαι
464 2793 729 2879 καταρρήξαντες
743 2788 806 2876 τήν
819 2789 972 2878 κρυπτὴν
985 2796 1143 2879 γέφυραν

139 2896 238 2959 έδεον
260 2894 323 2957 έσω
348 2892 379 2968 ές
400 2889 437 2957 τὸ
461 2905 573 2977 τείχος.
604 2894 809 2979 κατέρρηξαν
832 2894 868 2959 δὲ
889 2897 989 2960 τοῦδε
1012 2896 1143 2959 εἵνεκεν

139 2986 201 3075 τήν
225 2990 386 3072 ἐποίησαν
406 2990 561 3073 γέφυραν
568 3039 577 3072 ,
605 2992 671 3056 ἵνα·
688 2991 958 3077 ἐμπεδορκέοιεν,
980 2988 1143 3076 ταμόντες

139 3102 222 3155 τοῖσι
236 3092 431 3169 Βαρκαίοισι
447 3087 572 3173 χρόνον
585 3088 700 3173 μένειν
716 3090 779 3153 αίεί
795 3083 832 3154 τδ
849 3085 983 3173 ὅρκιον,
999 3085 1082 3153 ὅσον
1096 3081 1144 3152 ἀν

139 3184 158 3272 ἡ
174 3196 215 3272 μή
230 3188 313 3273 μένη
330 3182 413 3253 κατά
428 3186 503 3253 τότε
519 3182 599 3271 εἶχε·
622 3185 846 3272 καταρρήξασι
861 3187 898 3251 δέ
914 3182 1024 3252 ούκέτι
1044 3190 1157 3270 έμενε.

72 3310 123 3362 202
137 3282 174 3358 τό
193 3284 308 3371 ὅρκιον
322 3283 405 3353 κατά
421 3286 542 3373 χύρην.
591 3283 680 3365 Τούς
693 3288 757 3371 μέν
766 3310 833 3350 νυν
844 3281 1059 3361 αίτιωτάτους
1072 3290 1144 3350 τῦν

139 3392 316 3467 Βαρκαίων
332 3382 353 3471 ἡ
370 3392 550 3473 Φερετίμη,
577 3384 683 3453 ἐπείτε
703 3390 738 3453 οί
750 3387 787 3452 έκ
802 3390 870 3453 τῶν
879 3389 1038 3471 Περσέων
1052 3409 1143 3467 παρ-

140 3483 325 3568 εδόθησαν,
354 3480 594 3553 ἀνεσκολόπισε
614 3487 732 3575 ἰιύκλφ
755 3490 817 3552 τοῦ
844 3491 981 3571 τείχεος,
1010 3492 1078 3553 τῶν
1104 3490 1143 3553 δέ
