2500 3925
154 199 195 266 64
532 194 788 254 HERODOTI
900 257 902 263 ¹

108 382 142 434 lo
156 361 287 430 ἄλλοισι
301 356 554 447 παραδώσομεν.
590 359 636 424 Οί
647 356 710 441 μέν
723 353 765 443 δὴ
776 361 894 443 έλεγου
908 363 1028 443 ταῦτα,
1043 361 1112 424 τῶν
1129 358 1169 424 δὲ

151 461 275 533 Ἰοόνων
296 463 329 528 oc
344 457 508 545 τόραννοι
532 457 717 541 διέπεμπον
737 454 861 536 νυκτός
877 459 1014 536 ἕκαστος
1036 457 1069 535 ές
1085 451 1169 536 τοὺς

156 566 283 631 ἑωυτοῦ
299 555 585 645 έξαγγελλόμενος.
615 559 650 622 oc
667 553 845 643 δεἽωυες,
867 558 900 634 ές
915 553 996 635 τοὺς
1010 557 1066 624 καὶ
1086 550 1168 622 ἀπί-

154 688 255 732 κοντο
272 651 372 727 αὑται
387 661 424 726 αί
437 651 605 742 ἀγγελίαι,
622 650 850 744 ἀγνωμοσύνῃ
863 680 899 722 τε
910 656 1098 743 διεχρέοντο
1108 655 1168 722 καὶ

155 758 196 828 οὐ
212 762 389 846 προσίεντο
407 750 469 840 τὴν
489 755 692 838 προδοσίην,
716 752 872 820 έωυτοῑσί
882 777 918 819 τε
938 755 1071 821 ἕκαστοι
1088 749 1167 818 έδό-

154 883 233 928 κεον
248 851 405 944 μούνοισι
416 856 520 918 ταῦτα
534 851 615 928 τοὺς
624 849 758 969 Πέρσας
773 851 1051 934 ἐξαγγέλλεσθαι.
1060 855 1167 916 ταῦτα

154 959 216 1046 μέν
229 981 296 1022 νυν
307 945 438 1029 ίθέως’
420 949 634 1034 ἀπικομένων
644 945 724 1026 ές“
687 973 750 1034 την
761 954 917 1033 Μίλητον
927 953 995 1014 τῶν
1005 949 1167 1033 Περσέων

107 1071 140 1124 11
159 1058 296 1142 ἐγίνετο,
311 1074 392 1137 μετα
381 1047 440 1115 ’δέ
452 1054 520 1115 τῶν
530 1042 653 1114 Ἰιόνων
664 1049 918 1133 συλλεχθέντων
931 1041 1010 1124 ές“
974 1070 1036 1132 την
1046 1043 1168 1130 Λάδην

155 1156 191 1238 έγ
192 1145 336 1221 ίνοντο’
317 1155 445 1270 αγοραί
464 1173 520 1214 και
508 1144 575 1233 “δη’
584 1145 649 1212 κού
660 1164 720 1231 σφι
736 1147 792 1214 καί
803 1141 1168 1232 ἀλλοιήγορεόοντο,έν

155 1251 192 1319 δὲ
207 1245 248 1336 δὴ
263 1244 347 1317 καὶ*
334 1271 351 1315 ο
364 1241 538 1365 Φωκριιεὺς
553 1240 737 1330 στρατηγός
747 1242 931 1366 Διρνόσιος
945 1244 1055 1328 λέγων
1067 1240 1166 1309 τόδε·

149 1346 220 1416 Ἐπι
237 1350 343 1439 ξυροῦ
349 1341 423 1470 γάρ
438 1341 544 1430 ἀκμῆς
560 1339 698 1430 έχεταιο
680 1359 762 1430 ῃμίν
775 1341 817 1411 τά
831 1342 1025 1432 πρήγματα,
1043 1339 1168 1427 ἀνδρες

142 1445 274 1530 Ἴωνες,
294 1440 317 1530 ἢ
332 1440 417 1511 εἶναι
431 1437 677 1528 ἐλευθέροισι
655 1469 676 1528 η
693 1443 861 1566 δούλοισι,
885 1444 941 1510 καί
953 1441 1104 1509 τούτοισι
1118 1435 1168 1516 ὡς

155 1546 350 1646 δρηπέτῃσι·
372 1549 439 1612 νῦν
451 1535 500 1610 τόν
512 1539 617 1628 ὑμεῖς,
627 1537 683 1710 ἢνὲ
683 1542 746 1628 μὲν
755 1541 928 1663 βούλησθε
940 1545 1168 1628 ταλαιπωρίας

154 1639 367 1729 ἐνδέκεσθαι,
381 1639 419 1710 τό
431 1641 683 1729 παραχρῆμαμέ
683 1667 705 1708 ν
719 1639 823 1719 πόνος
834 1638 915 1727 ὑμίν
925 1645 1033 1729 ἔσται,
1052 1633 1168 1708 οἷοίτε

154 1744 190 1811 δὲ
199 1747 317 1810 ἔσεσθε
328 1738 598 1829 ὑπερβαλόμενοι
608 1766 688 1820 τους
695 1743 868 1819 ἐναντίους
879 1738 964 1809 εἶναι
973 1741 1165 1827 έλευθεροι

154 1848 184 1912 εί
192 1843 229 1910 δέ
235 1847 380 1929 μαλακίῃ
391 1865 427 1907 τε
438 1867 494 1908 και
482 1836 619 1929 ’ἀταξίῃ
631 1839 863 1927 διαχρήσεσθε,
875 1838 1068 1928 οὐδεμίαν’
1050 1845 1167 1928 υμέων

155 1949 218 2031 ἔχω
236 1943 352 2010 έλπίδα
370 1937 414 2028 μὴ
434 1937 474 2009 οὑ
494 1940 616 2010 δαίσειν
632 1937 736 2028 ὑμέας
750 1944 848 2028 δίκην
863 1943 995 2028 βασιλέϊ
1005 1942 1064 2029 τῆς
1078 1936 1167 2009 ἀπο-

153 2043 297 2120 στάσιος.
327 2038 402 2109 ἀλλ’
426 2044 501 2128 ε’μοί
513 2068 548 2109 τε
570 2048 735 2109 πείθεσθε
754 2041 811 2109 καὶ
827 2042 900 2126 ἐμοὶ
915 2037 1019 2126 ὑμέας
1041 2036 1168 2118 αὑτοὺς

155 2142 365 2228 ἐπιτρέψατε·
394 2141 450 2207 καί
470 2137 552 2225 ὑμῖν
569 2138 634 2226 έγοὺ
650 2145 745 2208 θεῶν
761 2135 801 2205 τά
817 2146 872 2205 ίσα
887 2136 1062 2224 νεμόντων
1077 2133 1167 2204 ὑπο-

154 2243 291 2325 δέκομαι
307 2234 329 2327 ἢ
346 2234 389 2308 οὑ
404 2242 578 2326 συμμίξειν
589 2236 669 2318 τοὺς
683 2244 863 2326 πολεμίους
877 2232 899 2324 ἢ
914 2241 1166 2323 συμμίσγοντας

109 2354 139 2413 12
156 2334 283 2407 πολλόν
293 2336 553 2407 έλασσιόσεσθαι.
579 2344 692 2406 Ταῦτα
707 2335 912 2414 ἀκούσαντες
927 2331 1077 2413 οί”Ιωνες
1091 2336 1168 2401 έπι-

152 2436 320 2524 τρέπουσι
337 2438 441 2522 σφέας
452 2433 576 2516 αὐτοὺς
586 2444 633 2528 τῷ
643 2444 827 2528 Διονυσίῳ.
850 2433 920 2504 ὅδὲ
935 2431 1073 2521 ἀνάγων
1084 2434 1163 2503 ἑκό-

83 2580 85 2584 -
154 2558 249 2603 στοτε
269 2537 322 2604 ἐπὶ
340 2538 440 2623 κέρας
455 2532 515 2615 τὰς
536 2540 631 2623 νέας,
655 2534 744 2616 όκως
758 2551 843 2605 τοῖσι
860 2535 989 2624 ἐρέτῃσι
1004 2533 1166 2622 χρήσαιτο

154 2636 331 2701 διέκπλοον
345 2634 545 2721 ποιεόμενος
558 2642 634 2724 τῇσι
649 2636 750 2723 νηυσὶ
763 2633 809 2703 δι’
824 2632 995 2721 ἀλληλέων
1011 2637 1067 2702 καὶ
1081 2632 1165 2713 τοὺς

153 2731 311 2819 ἐπιβάτας
324 2728 488 2820 ὁπλίσειε,
505 2730 542 2801 τό
556 2732 677 2802 λοιπόν
692 2731 881 2821 τῆςὴμέρης
891 2731 950 2810 τάς
960 2738 1038 2811 νέας
1048 2737 1163 2818 ἔχεσκε

152 2827 205 2899 ἐπ’
224 2826 416 2917 ἀγκυρέων,
434 2837 571 2920 παρεῖχέ
583 2860 619 2902 τε
641 2848 727 2902 τοῖσι
735 2832 827 2902 Ἴωσι
842 2832 949 2899 πόνον
963 2829 1009 2897 δι’
1024 2827 1160 2917 ἡμέρης.

152 2932 247 3014 μέχρι
257 2929 320 3012 μέν
330 2953 396 2995 νυν
409 2925 561 3017 ἡμερέων
572 2929 653 3001 έπτὰ
669 2932 846 3000 ἐπείθοντό
858 2954 894 2997 τε
908 2930 963 2997 καί
974 2931 1110 2996 έποίευν
1121 2925 1160 2996 τὰ

152 3026 394 3114 κελευόμενον,
416 3055 456 3117 τῃ
442 3030 507 3099 ’δε
524 3032 576 3098 έπὶ
591 3031 731 3123 ταύτῃσι
748 3060 778 3101 οι
771 3030 918 3116 Ἴωνες,
941 3024 995 3096 οἷα
1012 3027 1163 3108 ἀπαθέες
1187 3109 1190 3113 ,

153 3128 264 3206 ἐόντες
280 3127 398 3197 πόνων
413 3132 577 3199 τοιούτων
591 3138 787 3222 τετρυμένοι
807 3158 841 3201 τε
862 3135 1107 3219 ταλαιπωρίῃσί
1125 3155 1162 3199 τε

152 3254 207 3295 και
196 3221 323 3316 ’ἡλίω,
350 3230 475 3307 ἔλεξαν
485 3227 568 3315 πρός
586 3230 733 3313 έωυτοὺς
751 3233 846 3302 τάδε·
883 3236 967 3299 Τίνα
987 3228 1159 3316 δαιμόνων

152 3324 362 3411 παραβάντες
385 3326 465 3394 τόδε
487 3326 763 3418 ἀναπίμπλαμεν,
794 3334 914 3408 οἵτινες
937 3327 1159 3417 παραφρονή-

153 3443 269 3501 σαντες
284 3428 339 3493 καὶ
354 3426 582 3509 έκπλιόσαντες
594 3433 631 3499 έκ
642 3437 704 3501 τοῦ
714 3432 799 3500 νόον
810 3428 908 3519 ἀνδρὶ
920 3431 1070 3497 Φωκαιέί
1078 3425 1151 3497 ἀλα·
