2500 3925
153 286 194 350 ³8
519 288 772 347 HERODOTI

89 479 94 491 ε
153 474 205 529 τες
220 446 256 517 δέ
270 444 392 537 αὐτόν,
416 446 525 537 ιόσπερ
548 446 703 517 έιόθεσαν
719 448 773 515 καὶ
791 444 833 514 τά
852 453 957 535 θηρία
971 447 1156 534 σκευάζειν,

155 546 325 635 Κυαξάρεῑ
344 550 463 616 δοῦναι
479 550 640 636 φέροντες
657 542 703 625 ὡς
716 543 825 635 άγρην
843 550 967 635 δῆθεν,
990 546 1106 626 δόντες
1119 546 1157 615 δέ

154 648 215 739 τὴυ
235 654 389 736 ταχίστην
406 656 598 738 κομίζεσθαι
615 644 707 736 παρά
728 645 907 717 Ἀλυάττεα
920 646 982 717 τόν
998 648 1158 718 Σαδυάτ·

153 774 216 816 τεω
232 750 264 827 ἐς
278 746 414 835 Σάρδις.
455 754 559 816 ταῦτα
574 749 630 815 καί
650 749 799 833 ἐγένετο·
829 744 962 834 καὶγὰρ
979 747 1159 835 Κυαξάρης
1245 749 1246 780 ¹

153 846 208 914 καί
229 851 263 915 οί
283 845 465 931 παρεόντες
485 846 683 933 δαιτυμόνες
706 852 775 915 τῶν
795 852 905 934 κρειόν
923 846 1055 916 τούτων
1073 847 1159 916 ε’πά-

153 966 272 1033 σαντο,
289 950 392 1016 καλοί
404 947 542 1017 Σκύθαι
559 954 664 1015 ταῦτα
678 945 878 1034 ποιήσαντες
889 944 1072 1018 Ἀλυάττεω
1087 954 1150 1018 cu}
1245 1015 1246 1042 5

109 1054 206 1116 ίλται
221 1050 385 1135 ἐγένοντο.
426 1046 523 1117 Μετὰ
548 1050 585 1117 δέ
608 1055 712 1118 ταῦτα
740 1046 795 1117 ὀύ
809 1046 874 1138 γάρ
892 1046 932 1138 δὴ
949 1047 1159 1137 δἈλυάττης

152 1149 302 1226 ἐξεδίδου
326 1144 406 1226 τούς
430 1148 573 1229 Σκύθας
599 1150 778 1229 ἐξαιτέοντι
801 1148 986 1237 Κυαξάρελ·
1014 1150 1161 1238 πόλεμος

152 1260 236 1314 τοῖσι
246 1248 387 1315 Λυδοῖσι
398 1250 454 1316 καλ
467 1262 552 1317 τοῖσι
564 1248 715 1337 Μήδοισι
730 1248 883 1335 ἐγεγόνεε
895 1248 943 1318 ἐπ’
956 1256 1031 1319 ἔτεα
1047 1254 1159 1337 πέντε,

153 1349 189 1414 έν
205 1358 291 1413 τοῖσι
312 1346 473 1427 πολλάκις
487 1347 549 1434 μέν
565 1352 599 1416 οί
611 1351 728 1435 Μῆδοι
742 1344 823 1427 τούς
837 1346 974 1429 Λυδούς
987 1351 1158 1438 ἐνίκησαν,

151 1444 311 1524 πολλάκις
333 1446 370 1514 δὲ
385 1450 419 1514 οί
433 1447 539 1515 Λυδοί
558 1443 637 1525 τούς
651 1446 810 1534 Μήδους·
840 1449 877 1515 ἐν
899 1447 936 1516 δέ
957 1451 1014 1517 καί
1033 1472 1158 1516 νυκτο-

151 1552 273 1634 μαχίην
292 1543 368 1614 τινά
390 1545 605 1635 ἐποιήσαντο·
645 1548 845 1634 διαφέρουσι
869 1550 910 1616 δέ
927 1568 988 1635 σφι
1011 1551 1064 1618 ἐπί
1082 1558 1161 1635 ίσης

151 1645 211 1715 τόν
231 1644 380 1733 πόλεμον
399 1653 445 1739 τῷ
469 1650 553 1740 ἕκτῳ
576 1652 644 1716 ἔτει
663 1654 833 1735 συμβολῆς
852 1651 1034 1737 γενομένης
1048 1649 1160 1737 συνῆ-

118 1822 128 1829 ,
151 1772 259 1835 νεικε,
288 1742 372 1814 όόστε
395 1752 453 1833 τῆς
474 1747 580 1834 μάχης
606 1745 837 1834 συνεστεώσης
855 1743 919 1835 τὴν
938 1745 1067 1835 ἡμέρην
1081 1751 1161 1829 έξα-

151 1852 249 1934 πίνης
264 1845 370 1916 νύκτα
385 1850 553 1932 γενέσθαι.
597 1840 659 1931 τὴν
684 1843 720 1912 δὲ
735 1842 945 1933 μεταλλαγὴν
959 1846 1085 1933 ταύτην
1099 1854 1161 1934 τῆς

151 1947 275 2037 ἡμέρης
289 1952 400 2036 Θαλῆς
415 1944 434 2017 ό
450 1944 618 2036 Μιλήσιος
633 1959 718 2014 τοῖσι
731 1942 824 2013 ’Ίωσι
837 1946 1069 2037 προηγόρευσε
1083 1952 1160 2016 ἔσε-

151 2059 249 2132 σθαι,
277 2039 383 2134 οὖρον
408 2051 617 2132 προθέμενος
642 2041 799 2113 ἐνιαυτόν
822 2052 959 2134 τοῦτον,
986 2049 1025 2115 έν
1043 2049 1090 2134 τῷ
1112 2039 1157 2133 δὴ
1244 2126 1245 2133 χ

151 2148 206 2214 καὶ
227 2147 356 2232 ἐγένετο
378 2141 398 2233 ἡ
421 2144 597 2232 μεταβολή.
640 2148 674 2212 oc
692 2143 729 2212 δέ
742 2149 852 2214 Λυδοί
868 2171 904 2214 τε
924 2148 979 2214 καί
993 2149 1028 2214 οί
1040 2149 1162 2232 Μῆδοι
1244 2202 1245 2225 ,

152 2249 259 2314 ἐπείτε
286 2241 376 2311 εἶδον
393 2243 498 2312 νύκτα
514 2240 588 2312 άντί
607 2240 732 2331 ἡμέρης
751 2247 950 2334 γινομένην,
971 2251 1029 2331 τῆς
1050 2245 1161 2331 μάχης
1244 2320 1245 2325 1

150 2371 185 2412 τε
206 2342 394 2413 ἐπαύσαντο
419 2345 474 2411 καί
499 2343 630 2430 μᾶλλόν
653 2370 684 2411 τι
709 2349 876 2413 ἔσπευσαν
897 2347 952 2414 καί
971 2340 1156 2432 ἀμφότεροι
1244 2364 1245 2373 ’

151 2445 289 2535 είρὴνην
308 2447 460 2513 έωυτοῑσι
482 2447 651 2532 γενέσθαι.
694 2449 728 2515 οί
747 2447 783 2514 δέ
804 2445 1071 2535 συμβιβάσαντες
1092 2441 1161 2512 αύ-

152 2543 229 2626 τούς
251 2536 339 2634 ἡσαν
362 2546 449 2633 οἵδε,
475 2549 659 2624 Συέννεσίς
680 2571 716 2612 τε
736 2541 865 2625 ὁΚίλιξ
887 2547 943 2614 καί
958 2545 1162 2634 Λαβύνητος

151 2642 409 2732 ὁΒαβυλιόνιος.
448 2635 545 2712 οὗτοί
563 2662 624 2730 σφι
645 2646 701 2711 καί
719 2639 757 2711 τό
773 2640 891 2731 ὅρκιον
904 2648 938 2712 οἱ
951 2642 1161 2720 σπεύσαντες

150 2749 309 2834 γενέσθαι
330 2735 417 2832 ἦσαν
432 2746 487 2812 καί
507 2744 626 2831 γάμων
644 2740 836 2832 ἐπαλλαγὴν
853 2746 1029 2831 ἐποίησαν·
1057 2739 1161 2811 Ἀλυ-
1243 2832 1244 2839 ¹

151 2845 255 2931 άττην
277 2839 342 2931 γάρ
374 2849 525 2930 ἔγνωσαν
559 2847 680 2912 δοῦναι
709 2839 771 2931 τῆν
798 2845 970 2931 θυγατέρα
996 2839 1162 2929 Ἀρύηνιν

146 2943 320 3030 Ἀστυάγεϊ
342 2949 388 3034 τῷ
413 2942 598 3029 Κυαξάρεω
623 2947 731 3012 παιδί·
773 2938 857 3012 ἄνευ
883 2938 947 3029 γάρ
972 2937 1161 3027 άναγκαίης

150 3049 285 3131 ἰσχυρῆς
316 3042 497 3130 συμβάσιες
529 3045 662 3131 ίσχυραλ-
691 3039 754 3111 ούκ
779 3045 937 3111 ἐθέλουσι
961 3042 1158 3128 συμμένειν.
1242 3118 1243 3127 χ

149 3141 247 3230 ὅρκια
268 3141 304 3210 δέ
325 3144 469 3210 ποιέεται
489 3147 593 3208 ταῦτα
614 3137 656 3208 τά
678 3147 782 3209 ἐθνεα
805 3137 911 3228 τάπερ
930 3163 967 3207 τε
983 3136 1159 3224 Ἕλληνες,

149 3237 307 3330 καὶπρὸς
326 3239 491 3326 τούτοισι,
514 3236 616 3308 ἐπεάν
637 3236 716 3319 τούς
733 3245 912 3328 βραχίονας
929 3236 1159 3324 ἐπιτάμωνται
1242 3238 1243 3311 ξ

148 3341 182 3419 ές
195 3334 258 3427 τὴν
274 3334 472 3426 ὁμοχροίην,
487 3334 524 3405 τό
539 3331 619 3424 αἷμα
634 3335 848 3426 ἀναλείχουσι
862 3333 1026 3424 άλλῆλων.

105 3457 138 3513 75
238 3443 368 3505 Τοῦτον
388 3434 428 3524 δὴ
446 3427 495 3504 τόν
509 3433 570 3502 τόν
583 3433 766 3523 Ἀστυάγεα
781 3443 895 3523 Κύρος
909 3435 1009 3505 ἐόντα
1025 3438 1161 3505 ἑωυτοῦ

148 3537 383 3626 μητροπάτορα
400 3536 713 3624 καταστρεψάμενος
729 3544 802 3625 ἐσχε
817 3534 858 3606 δι’
874 3542 994 3624 αίτίην,
1011 3533 1074 3622 τὴν
1088 3537 1160 3624 ἐγώ
