2500 3925
179 264 219 329 76
555 275 808 335 HERODOTI

177 431 450 501 τελεντέοντα
403 460 472 502 των
484 434 694 521 Περσέων
657 463 699 505 τα
713 434 905 527 ούνύματα,
927 438 969 509 ού
983 468 1024 548 τα
1011 437 1121 531 μέν,
1142 441 1184 513 τά

178 524 272 597 δὲ’
229 555 289 617 ου,
305 530 389 601 ἀλλά
406 532 517 602 ττάντα
533 532 664 621 ὁμοίως.

112 629 160 685 14⁰
266 634 377 697 Ταῦτα
391 633 454 717 μὲν
470 630 633 720 ἀτρεκέως
650 638 712 720 ἔχω
729 637 805 722 ιτερλ
822 632 936 704 αὐτῶν
951 637 1047 761 είβάς
1064 645 1182 710 είττείν.

177 722 256 796 τάύε
276 733 391 814 μέντοι
412 727 457 811 ὡς
479 732 697 820 κρυπτόμενα
718 736 848 820 λέγεται
871 738 926 804 καλ
948 734 991 804 ού
1005 742 1184 826 σαφηνέως
1239 779 1240 796 1

177 828 253 912 περὶ
275 834 336 895 τοῦ
358 825 658 918 ἀκοθανάντος,’
636 857 681 911 ως
702 829 745 899 οὐ
758 832 925 921 πρότερον
938 835 1138 904 θάτττεται’
1120 864 1185 906 αν-

178 921 258 1009 δρός
273 926 440 1011 Πέρσεω
426 954 443 995 ο
465 932 566 1009 νέκυς
582 926 702 1013 τιρλν
681 957 725 997 αν
739 927 794 997 ὑπ’
813 928 991 1015 ὄρνοθος
969 961 991 1052 η
1008 933 1113 1015 κνυὸς
1127 938 1185 1004 ελ·

178 1029 305 1114 κυσθῇ.
344 1023 471 1117 μάγους
488 1026 607 1150 μὲν
566 1055 632 1116 γαρ
650 1026 810 1116 ἀτρεκέως
827 1028 905 1099 οἶδα
921 1037 1027 1101 ταῦτα
1045 1039 1185 1103 ποιεῦν-

177 1143 250 1204 τας·
287 1126 523 1213 ἐμφανέως
482 1131 547 1215 γαρ
573 1128 615 1213 δὴ
639 1135 779 1199 ποιεῦσι.
825 1132 1121 1221 κατακηρώσαντες
1148 1134 1185 1204 δ’

177 1220 225 1295 ἀν
240 1223 300 1294 τὸν
316 1229 419 1295 νέκυν
433 1230 562 1314 Πέρσαι
576 1234 620 1317 γῇ
634 1227 831 1314 κρύπτουσι.
872 1226 974 1311 μάγοι
989 1228 1026 1295 δέ
1041 1232 1185 1314 κεχωρί-

176 1333 271 1396 δαται
286 1325 414 1397 τιολλὸν
433 1335 501 1397 τῶν
522 1353 557 1397 τε
573 1327 686 1397 ἀλλων
703 1323 898 1414 ἀνθρώπων
913 1327 1051 1394 καὶτῶν
1066 1329 1104 1395 έν
1117 1329 1241 1394 Ab

175 1431 291 1524 γύατφ
317 1433 433 1519 ίρέων
474 1436 508 1500 οί
532 1433 596 1518 μέν
618 1427 684 1517 γὰρ
706 1426 891 1515 ἁγνεύουσι
911 1430 1061 1520 ἔμψυχον
1075 1428 1186 1514 μηδὲν
1240 1437 1241 1498 3

176 1536 336 1615 κτείνειν,
354 1525 440 1617 τίμὴ
457 1528 519 1597 ὅσα
535 1530 680 1598 θύουσι
712 1554 744 1595 οι
736 1529 798 1593 ’δὲ
816 1522 857 1610 δὴ
872 1525 975 1612 μάγοι
989 1523 1185 1615 αὐτοχειρίῃ
1240 1547 1241 1612 3

177 1629 287 1699 ιτάνια
302 1626 390 1717 πλὴν
404 1628 509 1710 κυνὸς
529 1634 585 1699 καὶ
601 1628 791 1718 ἀνθρύσον
805 1634 990 1717 κτείνουσι,
1013 1626 1108 1697 καλ’
1088 1630 1182 1715 αγοά
1240 1627 1241 1668 ³

177 1749 279 1816 νισμα
290 1735 388 1797 τοῦτο
401 1733 485 1817 μέγα
499 1737 691 1817 ποιεῦνται,
709 1733 895 1805 κτείνοντες
910 1724 1032 1813 ὁμοίως
1046 1728 1186 1816 μύρμη-

52 1878 54 1882 ,
177 1829 239 1909 κάς
263 1854 299 1897 τε
326 1832 382 1898 καί
405 1827 482 1917 ὄφις
509 1834 565 1901 καὶ
588 1823 694 1898 τάλλα
718 1824 838 1915 ἑρκετά
858 1828 914 1895 καί
934 1826 1077 1895 πετεινά.
1126 1830 1185 1894 καὶ

177 1927 262 2017 ἀμφὶ
277 1930 340 2017 μὲν
356 1937 402 2021 τῷ
417 1930 511 2022 νόμφ
525 1932 635 2022 τούτω
646 1932 744 2016 ἐχέτω
756 1921 800 2006 ὡς
815 1926 870 1993 καὶ
886 1920 992 2013 ἀρχὴν
1006 1926 1186 2014 ἐνομίσθη,

178 2028 290 2115 ἀνειμι
305 2031 342 2097 δέ
357 2031 410 2098 έτιλ
423 2029 484 2098 τὸν
498 2031 666 2119 πρότερον
681 2029 795 2115 λόγον.

114 2130 160 2185 141
254 2123 414 2197 ’ἸΩΝΕΣ
425 2131 461 2198 δέ
475 2135 530 2200 καὶ
544 2133 698 2216 Αἰολέες,
724 2125 769 2208 α’τς
784 2132 818 2196 oc
829 2132 936 2196 Λυδοί
949 2128 1086 2216 τάχιστα
1101 2155 1187 2197 κατ-

179 2225 366 2311 εστράφατο
391 2224 457 2296 ἀιτό
480 2233 657 2317 Περσέων,
686 2234 835 2315 έτιεμιτον
857 2223 1018 2314 ἀγγέλους
1040 2232 1073 2308 ές
1087 2229 1188 2314 Σύρ-
1241 2220 1242 2269 ³

179 2330 230 2404 ἀις
262 2321 353 2412 τιαρά
378 2333 512 2415 Κῦρον,
547 2332 722 2407 ἐθέλοντες
750 2332 803 2396 έιτλ
829 2342 914 2396 τοῖσι
941 2325 1071 2398 αάιοϊσι
1098 2328 1188 2398 εἶναι
1241 2358 1242 2363 ’

178 2439 263 2494 τοῖσι
280 2427 336 2493 καὶ
353 2433 487 2521 Κροίσφ
501 2421 590 2517 ἦσαν
611 2429 779 2514 κατήκοοι.
822 2424 839 2495 ὁ
857 2428 893 2494 δέ
908 2425 1054 2508 ἀκούσας
1069 2425 1189 2498 αάτῶν

178 2524 218 2595 τά
241 2531 459 2615 προΐσχοντο,
487 2532 579 2610 ἔλεξέ
597 2527 794 2615 σφιλύγον,
820 2524 928 2611 ἀνδρα
945 2525 1013 2610 φάς
1032 2524 1190 2617 αὐλητὴν

178 2624 295 2694 ίύύντα
309 2629 407 2710 ἰχθῦς
427 2629 464 2695 έν
485 2635 525 2718 τῇ
539 2629 697 2716 θαλάσση
718 2624 869 2713 αύλέειν,
895 2628 1056 2698 δοκέοντά
1077 2649 1190 2716 σφεας

178 2723 412 2805 ἐξελεύσεσθαι
437 2730 470 2806 ές
496 2734 578 2814 γῆν·
621 2723 666 2805 ὡς
687 2727 724 2792 δὲ
746 2730 938 2812 ψευσθῆναι
959 2733 1017 2814 τῆς
1039 2731 1188 2816 έλαίύος,

178 2831 294 2911 λαβεῖν
311 2823 565 2914 ἀμφίβληστρον
580 2829 636 2894 καλ
653 2831 846 2911 περιβαλεῖν
859 2850 895 2892 τε
909 2832 1041 2912 πλῆθος
1055 2825 1190 2896 τιολλὸν

178 2930 246 2992 τάν
265 2926 397 3010 ίχθύων
418 2929 473 2995 καλ
495 2927 681 3012 ἐξειρύσαι,
702 2926 818 2994 ίτλόντα
839 2926 876 2992 δέ
889 2929 1123 3013 παλλομένους
1139 2933 1189 2995 εί·

178 3037 254 3092 κείν
275 3020 340 3111 ἀρα
356 3021 462 3093 αάτόν
477 3023 562 3113 πρὸς
578 3022 658 3102 τούς
674 3030 788 3110 ἰχθύς·
820 3024 985 3094 Παύεσθέ
993 3052 1051 3113 μοι
1065 3024 1189 3113 ὀρχεο·

177 3149 291 3211 μενοι,
316 3125 386 3191 ε’τιεὶ
408 3122 482 3191 οὐθ’
502 3127 577 3211 έμέο
593 3119 773 3202 αὐλέοντος
786 3120 926 3209 ἠθέλετε
939 3126 1109 3213 ἐκβαίνειν
1125 3123 1189 3211 ὀρ·

164 3221 168 3244 ²
176 3221 339 3308 χεύμενοι.
382 3228 494 3309 Κῦρος
509 3223 571 3308 μέν
585 3228 708 3290 τοῦτον
728 3221 789 3290 τὸν
805 3222 909 3309 λόγον
922 3237 1009 3293 τοῖσι
1019 3223 1113 3294 Ἴωσι
1131 3229 1189 3294 καὶ

176 3338 261 3393 τοῖσι
280 3329 441 3391 Αἰολεῦσι
466 3329 572 3392 τῶνδε
592 3327 723 3393 είυεκεν
737 3329 843 3413 ἔλεξε,
869 3323 921 3392 ὅτι
947 3321 988 3410 δὴ
1015 3327 1050 3392 οί
1069 3321 1189 3404 Ἴωνες

175 3421 343 3509 πρότερον
368 3417 474 3488 αὐτοῦ
499 3422 620 3508 Κύρου
646 3427 828 3511 δεηθέντος
851 3421 896 3491 δι’
926 3421 1079 3511 ἀγγέλων
1105 3421 1188 3492 ἀιτί-

176 3524 323 3586 στασθαί
345 3538 450 3603 σφεας
476 3517 542 3589 ἀπὸ
566 3528 718 3608 Κροίσου
742 3519 805 3590 οάκ
826 3523 1019 3610 ἐπείθοντο,
1045 3521 1123 3591 τότε
1150 3525 1187 3590 ἃ)
