2500 3925
72 215 135 279 372
446 220 701 279 HERODOTI

72 380 224 465 λέγουσι,
248 382 335 465 μίξιν
357 380 393 447 δὲ
414 381 586 447 ἐπίκοινον
608 386 678 447 τών
699 387 873 465 γυναικών
893 381 1075 467 ποιεῦνται,

74 476 151 545 οὔτε
172 480 404 556 συνοικέοντες
423 477 592 564 κτηνηδόν
612 504 649 547 τε
669 479 876 566 μισγόμενοι.
911 478 1014 548 ἐπεάν
1039 481 1074 547 δὲ

72 577 207 660 γυναικί
230 572 268 642 τό
293 577 430 643 παιδίον
458 571 566 661 ἁδρόν
588 580 741 663 γένηται,
775 580 1016 664 συμφοιτέονσι
1042 579 1075 655 ές

71 668 176 741 τώυιό
194 677 228 741 οί
243 670 363 759 ἄνδρες
376 679 491 759 τρίτον
505 670 620 760 μηνὸς,
650 678 706 743 καί
719 681 765 765 τῷ
781 671 826 741 άν
840 683 915 763 οίκη
928 682 997 741 τῶν
1012 671 1074 742 άν-

72 776 163 859 δρών
176 770 213 840 τό
232 777 384 857 παιδίον,
404 772 528 839 τούτου
542 787 619 852 παῖς
636 779 810 860 νομίζεται.

24 890 51 943 λι
157 862 262 941 Οὗτοι
278 874 341 958 μὲν
355 875 390 939 ολ
402 871 674 956 παραθαλάσσιοι
685 878 755 938 τῶν
764 871 924 958 νομάδων
934 870 1072 957 Λιβύων

72 973 230 1057 εἰρέαται,
246 967 332 1056 ὑπὲρ
347 970 383 1038 δὲ
394 970 524 1038 τούτων
539 973 572 1049 ές
586 972 771 1058 μεσόγαιαν
784 967 804 1058 ἡ
819 968 992 1058 θηριώδης
1006 971 1074 1036 έστλ

72 1069 197 1156 Λιβύη,
220 1068 305 1155 ὑπὲρ
320 1068 357 1136 δδ
371 1076 429 1156 τῆς
443 1069 631 1154 θηριώδεος
648 1067 761 1155 ὀφρύη
772 1069 912 1154 ψάμμου
926 1066 1073 1153 κατήκει,

70 1178 316 1257 παρατείνουσα
326 1168 392 1239 άπδ
401 1169 829 1256 ΘηβέωντώνΑίγυπτιέων
838 1164 1073 1253 ἐπ’Ἡρακλέας

70 1270 199 1357 στήλας.
221 1273 258 1337 έν
272 1270 308 1338 δὲ
319 1276 360 1358 τῇ
371 1266 484 1357 ὀφρύη
495 1269 599 1356 ταύτῃ
611 1270 753 1355 μάλιστα
765 1264 821 1337 διά
833 1272 913 1336 δέκα
923 1267 1073 1354 ἡμερέων

71 1365 153 1437 ὁδοῦ
171 1365 251 1447 ἁλός
265 1371 333 1435 ἔστι
347 1368 478 1453 τρύφεα
495 1365 578 1435 κατὰ
598 1366 764 1454 χόνδρους
777 1367 945 1453 μεγάλους
961 1368 999 1434 ἐν
1012 1390 1073 1432 κο-

69 1475 223 1552 λωνοῖσι,
244 1468 301 1535 καὶ
322 1469 359 1535 ἐν
380 1474 549 1553 κορυφῇσι
570 1467 713 1534 ἑκάστου
732 1473 794 1534 τοῦ
813 1471 967 1535 κολωνοῦ
988 1461 1073 1531 άνα-

70 1570 210 1646 κοντίζει
234 1566 271 1632 ίκ
295 1566 400 1651 μέσον
420 1570 481 1632 τοῦ
503 1560 584 1643 άλός
604 1562 698 1650 ὕδωρ
725 1561 854 1650 ψυχρόν
876 1568 931 1631 καὶ
951 1565 1072 1649 γλυκύ,

69 1665 145 1746 περὶ
156 1664 193 1731 δὲ
203 1658 285 1730 αύτό
297 1660 474 1749 άνθρωποι
486 1667 633 1733 οἰκέουσι
643 1670 772 1751 ἔσχατοι
782 1660 867 1750 πρὸς
877 1671 935 1749 τῆς
946 1660 1072 1748 ἐρήμου

70 1765 124 1830 καὶ
144 1760 229 1849 ὑπὲρ
252 1768 310 1848 τῆς
324 1759 530 1849 θηριώδεος,
551 1770 677 1849 πρῶτοι
693 1762 756 1848 μὲν
775 1758 841 1830 άπό
856 1764 996 1849 Θηβέων
1016 1758 1071 1825 διὰ

71 1862 150 1930 δέκα
166 1857 318 1947 ἡμερέων
335 1857 418 1929 ὀδοῦ
436 1858 676 1949 Ἀμμώνιοι,
697 1867 828 1948 ἔχοντες
846 1858 883 1929 τὰ
909 1856 985 1946 ίρόυ
1005 1853 1071 1925 άπὸ

69 1969 130 2030 τοῦ
145 1962 308 2048 Θηβαιέος
321 1962 422 2042 Διός·
443 1965 498 2030 καὶ
515 1960 633 2050 γάρτὸ
649 1967 686 2031 ἐν
696 1964 843 2052 Θήβησι,
858 1958 903 2041 ώς
917 1965 972 2029 καί
987 1957 1071 2044 πρό-

70 2085 168 2146 τερον
194 2067 323 2147 εἴρηταί
341 2087 415 2148 μοι,
444 2062 704 2149 κριοπρόσωπον
728 2069 790 2132 τοῦ
806 2059 891 2142 Διὸς
915 2056 1071 2146 τώγαλμά

71 2164 148 2228 έστι.
171 2161 328 2246 τυγχάνει
343 2163 379 2229 δὲ
393 2163 449 2229 καί
464 2159 545 2230 ἄλλο
562 2183 625 2249 σφι
644 2161 738 2250 ὕδωρ
754 2178 917 2250 κρηναῖον
937 2159 1012 2246 ἐὰν,
1033 2153 1071 2225 τό

70 2257 129 2327 τόν
145 2259 207 2345 μὲν
219 2257 349 2346 ὄρθρον
359 2267 486 2348 γίνεται
497 2257 652 2348 χλιαρόν,
670 2259 794 2348 ἀγορῆς
805 2264 841 2330 δὲ
852 2258 1073 2348 πληθυούσης

71 2356 296 2444 ψυχρότερον·
323 2365 509 2448 μεσαμβρίη
524 2361 562 2427 τέ
574 2361 660 2444 ἐστι,
681 2361 737 2426 καί
756 2355 794 2425 τό
818 2359 925 2445 κάρτα
945 2365 1072 2444 γίνεται

72 2461 211 2541 ψυχρόν.
240 2464 422 2543 τηνικαῦτα
444 2461 480 2526 δὲ
496 2455 638 2542 άρδονσι
658 2453 738 2534 τούς
757 2457 902 2542 κήπους·
931 2453 1072 2523 άποκλι-

71 2556 213 2641 νομένης
227 2556 263 2622 δὲ
277 2564 334 2643 τῆς
348 2553 472 2644 ἡμέρης
488 2555 620 2625 ὑπίεται
637 2562 698 2623 τοῦ
712 2563 861 2642 ψυχροῦ,
877 2557 910 2634 ές
925 2552 946 2621 δ
959 2554 1075 2622 δύεταί

69 2679 105 2720 τε
119 2651 137 2720 ὁ
152 2651 245 2740 ήλιος
260 2657 315 2722 καὶ
334 2653 371 2723 τὸ
392 2655 486 2744 ὕδωρ
501 2663 628 2743 γίνεται
641 2654 796 2741 χλιαρόν·
819 2657 872 2721 ἐπὶ
887 2655 924 2722 δὲ
943 2660 1072 2739 μᾶλλον

70 2750 124 2822 ἰδν
144 2754 177 2831 ές
197 2748 234 2819 τό
255 2752 388 2841 θερμόν
404 2757 437 2834 ές
457 2757 558 2840 μέσας
574 2755 700 2832 νύκτας
720 2753 869 2839 πελάζει,
889 2757 1072 2838 τηνικαῦτα

71 2853 107 2920 δὲ
128 2854 190 2933 ζέει
213 2848 428 2940 άμβολάδην·
460 2857 684 2940 παρέρχονταί
700 2878 736 2920 τε
756 2857 854 2938 μέσαι
875 2850 994 2928 νύκτες
1017 2851 1073 2916 καὶ

69 2954 208 3041 ψύχεται
222 2953 316 3040 μέχρι
332 2957 364 3033 ές
379 2952 439 3042 ήώ.
464 2957 637 3040 ἐπίκλησιν
652 2953 689 3020 δὲ
700 2950 785 3037 αὕτη
798 2948 819 3037 ἡ
834 2948 941 3038 κρήνη
957 2951 1072 3016 καλέε-

24 3069 53 3123 λλ
67 3080 121 3122 ται
140 3050 248 3141 ἡλίου.
292 3049 390 3123 Μετὰ
413 3052 449 3121 δὲ
466 3049 689 3140 Ἀμμωνίους,
711 3048 767 3118 διά
787 3056 844 3135 της
865 3046 996 3134 ὀφρύης
1015 3054 1073 3134 της

69 3153 210 3241 ψάμμου
224 3151 270 3220 δι’
286 3152 398 3222 ἄλλων
409 3155 489 3220 δέκα
499 3149 652 3240 ἡμερέων
663 3148 763 3235 ὀδοῦ,
785 3145 935 3224 κολωνός
945 3142 1072 3223 τεάλός

71 3257 139 3321 ἐστι
155 3249 268 3339 ὁμοῖος
282 3261 327 3344 τῷ
338 3251 512 3342 Ἀμμωνίῳ
530 3255 584 3318 καὶ
600 3249 710 3334 ὕδωρ,
733 3248 788 3314 καί
804 3244 982 3331 ἄνθρωποι
997 3246 1072 3326 περὶ

69 3347 175 3419 αὐτόν
197 3355 359 3419 οἰκέουσι·
385 3357 432 3440 τῷ
453 3351 488 3418 δὲ
509 3349 605 3440 χώρῳ
625 3344 733 3436 τούτῳ
758 3343 887 3428 οὔνομα
909 3340 1070 3428 Αύγιλά

69 3456 147 3519 έστι.
177 3453 210 3529 ές
223 3458 343 3520 τοῦτον
364 3447 425 3520 τὸν
444 3458 554 3537 χῶρον
578 3453 612 3516 οἱ
628 3451 835 3533 Νασαμῶνες
850 3442 1072 3530 ὀπωριεῦντες
