2500 3925
172 231 237 295 222
549 237 805 296 HERODOTI

172 395 320 481 Πέρσησι
337 396 393 462 καὶ
406 399 471 473 πᾶς
487 396 525 461 έκ
540 400 711 461 Φοινίκων
725 392 846 482 ἤρτητο
870 394 887 464 ὁ
907 394 1068 477 ναυτικὸς
1083 416 1181 480 στρα-

172 494 237 572 τός.
257 492 372 573 δόντες
383 495 420 562 δὲ
431 496 487 562 καί
496 493 649 579 Κύπριοί
656 514 761 578 σφεας
772 492 896 573 αύτούς
902 500 1053 583 Πέρσησι
1066 498 1181 579 ἐστρα-

124 610 160 673 20
172 592 311 661 τεύοντο
326 589 378 660 ἐπ’
395 601 579 677 Αἴγυπτον.
628 588 753 661 Ἐπείτε
773 592 809 660 δὲ
830 600 875 681 τῷ
890 592 1060 680 Καμβύσῃ
1077 596 1116 659 ἐκ
1131 600 1188 677 τῆς,

170 699 401 779 Ελεφαντίνης
422 690 582 759 ἀπίκοντο
603 694 639 757 οἱ
648 687 885 779 Ἰχθυοφάγοι,
909 697 1036 777 ἔπεμπε
1058 688 1181 768 αὐτούς

171 791 203 867 ἐς
222 787 301 869 τούς
314 797 484 867 Αλθίοπας
504 785 736 874 ἐντειλάμενός
757 812 790 857 τε
812 784 852 855 τά
874 792 986 875 λέγειν
1003 797 1109 879 χρῆν,
1133 790 1181 857 καὶ

171 895 262 976 δῶρα
283 894 446 977 φέροντας
469 888 667 975 πορφύρεόν
690 915 725 957 τε
748 884 823 975 εἷμα
843 893 898 957 καὶ
917 889 1064 977 χρύσεον
1087 909 1180 973 στρε-

170 989 256 1059 πτόν
271 990 506 1076 περιαυχένιον
520 991 576 1056 καὶ
591 988 689 1067 ψέλια
703 990 758 1055 καὶ
772 988 884 1074 μύρου
896 985 1115 1083 ἀλάβαστρον
1133 988 1182 1053 καὶ

171 1096 364 1175 φοινικηίου
382 1097 479 1155 οίνου
494 1088 608 1155 κύδον.
634 1091 668 1155 οί
680 1086 716 1154 δὲ
730 1093 894 1166 Αἰθίοπες
914 1080 1027 1174 οὗτοι,
1050 1090 1087 1166 ἐς
1104 1084 1181 1163 τούς
1230 1162 1231 1165 ¹

171 1184 370 1275 ἀπέπεμπεό
383 1186 578 1275 Καμβύσης,
594 1190 747 1272 λέγονται
763 1184 848 1253 εἶναι
862 1190 1011 1273 μέγιστοι
1027 1188 1085 1253 καλ
1100 1185 1175 1253 κάλ-
1230 1168 1232 1197 ¹

171 1295 278 1353 λιστοι
293 1281 487 1369 ἀνθρώπων
504 1282 651 1352 πόντων.
675 1282 809 1369 νόμοισι
827 1284 864 1351 δὲ
881 1285 936 1351 καί
952 1282 1084 1352 ἀλλοισι
1100 1290 1178 1369 χρᾶ·

169 1392 251 1451 σθαι
272 1379 395 1461 αύτούς
417 1402 499 1469 φασι
520 1384 794 1468 κεχωρισμένοισι
816 1390 885 1450 τῶν
908 1384 1022 1451 ἀλλων
1039 1373 1180 1469 ἀνθρύ-

168 1508 253 1568 πωυ,
268 1484 323 1549 καὶ
334 1479 374 1568 δὴ
388 1484 442 1549 καὶ
457 1478 540 1549 κατά
556 1479 617 1566 τὴν
631 1488 809 1569 βασιληίην
820 1489 954 1572 τοιῷδε·
977 1480 1038 1550 τόν
1053 1478 1100 1549 ἀν
1115 1490 1180 1549 τῶν

169 1580 280 1650 ἀστῶν
297 1586 437 1666 κρίνωσι
456 1580 615 1667 μέγιστόν
630 1607 665 1647 τε
686 1579 771 1648 εἶναι
792 1585 848 1650 καὶ
869 1580 952 1651 κατά
970 1578 1008 1649 τό
1030 1584 1182 1666 μέγαθος

121 1700 150 1751 21
170 1679 329 1770 ἔχειντὴν
343 1678 450 1767 ἰσχύν,
464 1687 586 1748 τούτου
599 1676 729 1759 ἀξιοῦσι
743 1681 944 1767 βασιλεύειν.
975 1678 1026 1759 Ἐς
1036 1680 1181 1757 τούτους

168 1778 209 1869 δὴ
227 1772 276 1849 ύν
292 1775 371 1857 τούς
386 1775 510 1865 ἀνδρας
525 1775 570 1857 ἀς
585 1774 743 1847 ἀπίκοντο
761 1784 795 1848 οί
810 1776 1044 1867 Ἰχθυοφάγοι,
1064 1780 1181 1847 διδόν-

167 1907 220 1961 τες
237 1877 277 1948 τά
295 1884 387 1966 δῶρα
403 1885 449 1970 τῷ
466 1881 597 1967 βασιλέι
616 1873 728 1945 αὐτῶν
744 1884 860 1966 ἔλεγον
879 1880 975 1947 τάδε’
1012 1877 1181 1956 Βασιλεύς

168 1978 360 2064 ὁΠερσέωυ
376 1978 559 2064 Καμβύσης
582 1977 788 2065 βουλόμενος
810 1987 906 2065 φίλος
926 2005 978 2046 τοι
999 1982 1057 2048 καὶ
1074 1983 1182 2060 ξεῖνος

168 2080 327 2163 γενέσθαι
346 2074 448 2164 ἡμέας
469 2101 504 2142 τε
526 2071 698 2163 ἀπέπεμψε
719 2080 751 2155 ἐς
771 2077 893 2164 λόγους
914 2103 966 2144 τοι
988 2079 1107 2145 ἐλθεῖν
1124 2104 1181 2145 κε-

169 2174 295 2258 λεύων,
317 2175 373 2241 καί
387 2177 479 2258 θύρα
497 2174 602 2241 ταύτά
622 2199 674 2242 τοι
692 2179 794 2261 διδοῖ,
818 2191 902 2245 τοῖσι
918 2180 974 2245 καὶ
991 2173 1096 2256 αύτός
1114 2176 1181 2262 μά-

168 2281 263 2340 λιστα
286 2270 401 2358 ἥδεται
432 2272 619 2357 χρεόμενος.
666 2270 702 2340 ‘0
733 2275 769 2341 δὲ
789 2280 919 2354 Αίθίοψ
951 2272 1094 2360 μαθων,
1127 2273 1180 2343 ότι

169 2372 329 2441 κατόπται
353 2368 486 2457 ἥκοιεν,
508 2373 597 2457 λέγει
618 2365 703 2457 πρὸςΙ
725 2369 848 2453 αύτούς
874 2373 1003 2441 τοιάθε·
1040 2372 1132 2442 Οὔτε
1161 2370 1180 2442 ὃ

166 2473 324 2557 Περσέων
340 2466 497 2555 βασιλεύς
518 2474 611 2553 (λύρα
631 2467 734 2555 ὑμέας
757 2476 883 2556 έπεμψε
900 2475 1067 2558 φέροντας
1091 2499 1180 2559 προ-

165 2570 286 2656 τιμέων
294 2571 423 2637 πολλοῦ
433 2565 508 2652 ίμοὶ
520 2572 625 2647 ξεῖνος
644 2571 821 2653 γενέσθαι,
844 2567 921 2636 ούτε
946 2566 1043 2655 ὑμεῖς
1063 2572 1182 2656 λέγετε

165 2667 293 2755 ἀληθέα
307 2665 418 2756 (ἥκετε
434 2665 499 2754 γὰρ
517 2667 678 2736 κατόπται
693 2673 750 2752 της
765 2669 844 2752 ἐμῆς
858 2664 974 2753 ἀρχῆς)
991 2665 1071 2735 οὔτε
1088 2671 1176 2736 ἐκεῖ·
1228 2721 1229 2736 z

164 2790 223 2845 υος
238 2763 324 2852 ἀνήρ
340 2769 408 2832 ἐστι
423 2769 565 2843 δίκαιος·
587 2771 618 2832 εί
636 2763 701 2850 γάρ
715 2758 759 2851 ἦν
774 2769 917 2852 δίκαιος,
941 2763 1015 2834 οὔτ’
1036 2762 1082 2834 ἀυ
1098 2770 1181 2834 έπε-
1228 2737 1229 2788 ¹

164 2867 298 2952 θύμησε
318 2863 426 2950 χύρης
447 2862 548 2949 ἀλλης
564 2858 586 2948 ἢ
600 2871 658 2948 τῆς
679 2867 822 2948 ἑωυτοῦ,
846 2860 919 2931 οὔτ’
937 2859 982 2930 ἀν
998 2867 1030 2943 ἐς
1050 2868 1180 2933 δουλο-

163 2965 273 3052 σύυην
287 2963 492 3050 ἀνθρώπους
506 2958 585 3053 ἦγε,
603 2961 661 3032 ὑπ’
682 2955 731 3032 ἀν
747 2963 852 3049 μηδὲν
865 2960 1028 3050 ἠδίκηται.
1053 2973 1121 3034 νῦν
1136 2964 1181 3032 δὲ

163 3060 253 3155 αύτῷ
274 3066 372 3145 τόξον
388 3065 464 3133 τόδε
486 3061 636 3140 διδόντες
658 3063 736 3130 τάδε
760 3069 839 3129 ἔπεα
859 3065 987 3148 λέγετε·
1011 3060 1180 3150 βασιλεύς

163 3157 181 3227 ὁ
204 3161 383 3230 Λίθιόπων
400 3159 625 3249 συμβουλεύει
647 3167 692 3250 τῷ
714 3163 873 3247 Περσέων
895 3151 1045 3248 βασιλέι,
1069 3158 1181 3231 ε’πεάυ

162 3254 251 3322 ούτω
273 3257 433 3337 εὐπετέως
455 3263 574 3328 ἕλκωσι
594 3257 635 3326 τά
657 3258 735 3337 τόξα
754 3260 883 3346 Πέρσαι
903 3259 1004 3328 ἐόντα
1026 3260 1182 3346 μεγάθει

161 3359 322 3440 τοσαῦτα,
347 3357 422 3424 τότε
450 3355 503 3424 ἐπ’
525 3365 693 3437 Αίθίοπας
714 3357 793 3438 τούς
816 3366 1023 3447 μακροβίους
1046 3362 1186 3449 πλήθει

161 3447 457 3538 ύπερβαλλόμενον
473 3458 731 3542 στρατεύεσθαι·
753 3459 898 3546 μέχρι-δὲ
915 3458 1043 3528 τούτου
1059 3473 1181 3531 θεοῖσι
1225 3539 1226 3546 χ

1211 3569 1226 3891 λ
