2500 3925
205 242 265 307 142
577 240 832 299 HERODOTI

203 402 339 475 Πόντου
349 408 420 483 ἐξω.
433 407 536 471 ταῦτα
547 401 583 468 δὲ
590 397 790 486 ποιήσαντες
800 403 992 468 κατέτεινον
998 402 1035 470 ἐκ
1047 407 1112 486 γῆς
1122 419 1223 488 στρεή

204 505 364 592 βλοῦντες
378 497 485 569 ὄνοισι
497 504 662 580 ξυλίνοισι
675 494 716 564 τά
727 494 825 582 ὅπλα,
841 494 952 566 υύκέιι
962 500 1063 585 χωρλς
1078 495 1219 585 ἑκάτερα

204 599 376 685 τάξαντες,
393 596 477 668 άλλά
492 597 556 666 δύο
570 596 634 684 μὲν
644 601 845 666 λευκολίνου
854 598 1039 685 δασάμενοι
1054 600 1090 676 ἐς
1104 598 1219 666 ἑκατέ-

204 723 286 785 ρην,
300 697 439 783 τέσσερα
454 694 491 764 δὲ
505 701 574 763 τῶν
590 700 773 783 βυβλίνων.
797 694 944 782 παχύτης
958 697 1021 782 μὲν
1033 685 1117 784 ήνή
1136 690 1217 778 αύτή

205 798 261 866 καλ
275 793 440 882 καλλονή,
461 790 545 862 κατά
565 793 671 880 λόγον
685 795 722 861 δέ
735 785 780 880 ἦν
799 794 1040 882 ἐμβριθέστερα
1054 790 1099 860 τὰ
1114 798 1217 876 λίνεα,

205 902 267 965 τού
280 895 447 964 τάλαντον
462 891 480 963 ὁ
491 900 598 982 πῆχυς
609 887 706 962 είλκε.
730 890 842 979 ἐπειδή
855 892 892 961 δὲ
901 892 1109 981 ἐγεφυρώθη
1126 887 1217 958 ὁπό-

206 1021 274 1082 ρος,
289 991 437 1084 κορμούς
449 993 561 1074 ξύλων
571 997 834 1078 καταπρίσαντες
845 991 900 1059 καὶ
910 990 1112 1079 ποιήσαντες
1125 997 1216 1064 ίσονς

206 1101 263 1182 τῆς
277 1098 407 1182 σχεδίης
426 1101 473 1185 τῷ
489 1094 583 1184 εύρει
594 1094 710 1186 κόσμφ
726 1096 924 1162 ἐπετίθεσαν
938 1093 1136 1181 κατύπερθε
1153 1099 1216 1160 τῶν

206 1195 322 1266 όπλων
335 1203 397 1264 τοῦ
413 1196 533 1284 τόνον,
548 1199 667 1274 θέντες
683 1195 720 1264 δὲ
735 1197 850 1282 ἐπεξής
864 1198 1013 1264 ἐνθαῦτα
1029 1187 1130 1274 αύτις
1144 1197 1214 1262 έπε-

207 1297 378 1384 ξεύγνυον.
395 1295 594 1383 ποιήσαντες
606 1295 642 1363 δὲ
651 1300 757 1388 ταῦτα
766 1292 854 1381 ύλην
864 1292 1089 1380 ἐπεφόρησαν,
1102 1292 1214 1382 κόσμφ

206 1397 244 1466 δὲ
257 1398 375 1475 θέντες
391 1397 447 1464 καλ
461 1392 524 1482 τήν
536 1393 625 1481 ύλην
640 1397 707 1481 γήν
720 1391 950 1479 ἐπεφόρησαν,
972 1391 1214 1472 κατανάξαντες

205 1496 242 1562 δέ
253 1489 376 1580 καλτήν
386 1497 452 1578 γῆν
462 1488 621 1581 φραγμὸν
631 1496 841 1578 παρείρυσαν
853 1493 957 1557 ἐνθεν
966 1491 1021 1556 καὶ
1033 1494 1152 1576 ἐνθεν,
1163 1491 1214 1554 ἵνα

205 1593 249 1677 μή
263 1591 424 1677 φοβέηται
438 1586 480 1655 τὰ
490 1584 656 1674 ὑποζύγια
667 1584 912 1674 τὴνθάλασσαν
920 1581 1155 1676 ύπερορέοντα
1165 1590 1215 1656 καλ

159 1699 191 1755 λλ
208 1692 239 1756 οί
253 1689 359 1755 ίπποι.
388 1683 447 1766 Ὡς
461 1688 498 1755 δέ
518 1686 559 1754 τά
573 1711 609 1754 τε
623 1691 692 1754 τῶν
706 1687 884 1774 γεφυρέων
901 1684 1149 1755 κατεσκεύαστο
1165 1687 1214 1753 καί

205 1784 246 1854 τά
262 1787 339 1872 περὶ
353 1781 413 1853 τόν
419 1783 546 1873 Ἄθων,
563 1788 598 1852 ολ
609 1809 646 1852 τε
655 1786 748 1871 χυτοὶ
761 1787 838 1871 περὶ
848 1780 889 1851 τά
903 1784 1050 1872 στόματα
1060 1791 1121 1873 τής
1137 1784 1216 1854 διά·

206 1909 317 1974 ρυχος,
332 1889 367 1952 οδ
375 1889 433 1971 τής
442 1885 557 1974 βηχίης
570 1886 700 1951 ε’ίνεκεν
711 1883 929 1972 ἐποιήθησαν,
941 1887 998 1952 ἵνα
1009 1880 1053 1972 μή
1067 1885 1215 1971 πιμπλῇ-

205 2010 259 2054 ται
274 1982 315 2054 τὰ
330 1984 476 2070 στόματα
490 1990 553 2053 τού
568 1982 768 2074 ὀρύγματος,
784 1987 839 2054 καί
853 1983 936 2073 αὐτή
950 1983 972 2074 ἡ
987 1991 1114 2075 διῶρυξ
1130 2010 1215 2054 παν-

205 2085 323 2160 τελέως
339 2084 545 2169 πεποιημένη
562 2079 750 2170 ἠγγέλλετο,
768 2084 918 2152 ἐνθαῦτα
930 2090 1132 2173 χειμερίσας,
1150 2083 1215 2170 ἅμα

205 2185 251 2269 τῷ
266 2185 340 2267 ἐαρι
350 2182 663 2266 παρεσκευασμένος
674 2176 692 2248 ό
704 2178 844 2268 στρατός
853 2184 890 2250 ἐκ
901 2189 969 2250 τῶν
974 2186 1139 2272 Σαρδίων
1151 2180 1215 2269 ὡρ-

205 2282 288 2362 μᾶτο
302 2275 605 2364 έλέωνές”Αβυδον.
625 2274 811 2371 ὁρμημένῳ
828 2283 867 2348 δέ
882 2286 917 2350 ot
928 2278 947 2350 ὁ
959 2280 1053 2370 ἥλιος
1068 2281 1215 2353 ἐκλιπόν

205 2372 267 2463 τήν
281 2377 318 2442 ἐκ
335 2381 396 2442 τοῦ
418 2371 569 2463 ούρανοῦ
584 2378 687 2464 ἕδρην
708 2374 841 2466 άφανής
854 2371 899 2466 ἦν
913 2377 986 2449 οὔτ’
1006 2383 1217 2468 ἐπινεφέλων

205 2474 332 2545 ἐόντων
343 2480 478 2561 αίθρίης
489 2499 525 2543 τε
539 2471 580 2543 τά
597 2476 756 2563 μάλιστα,
778 2473 850 2545 άντῖ
870 2474 995 2567 ἡμέρης
1014 2503 1049 2547 τε
1063 2476 1129 2560 νύξ
1145 2482 1216 2566 ἐγέ-

205 2600 291 2644 νετο.
308 2571 414 2643 ίδόντι
427 2573 464 2642 δὲ
475 2575 530 2643 καί
540 2573 687 2661 μαθόντι
697 2580 795 2642 τοῦτο
808 2581 853 2665 τςδ
864 2579 969 2665 Ξέρξη
980 2578 1133 2665 ἐπιμελὲς
1145 2580 1215 2664 ἐγέ-

206 2700 298 2761 νετο,
321 2675 377 2743 καὶ
392 2683 498 2762 είρετο
515 2671 595 2753 τούς
608 2672 754 2761 μάγους,
776 2672 813 2742 τό
831 2678 942 2744 ἐθέλοι
955 2685 1162 2764 προφαίνειν
1179 2676 1213 2746 τό

205 2774 331 2861 φάσμα.
361 2778 395 2841 οί
407 2772 443 2840 δὲ
460 2778 621 2860 ἔφραζον,
647 2769 693 2851 (ὃς
706 2770 841 2859 Ἕλλησι
861 2775 1077 2862 προδεικνύει
1098 2774 1216 2853 ὁθεὸς

205 2877 354 2951 ἐκλειφιν
364 2876 432 2938 τῶν
443 2876 579 2958 πολίων,
587 2870 740 2957 λέγοντες
749 2867 846 2957 ἥλιον
858 2870 942 2939 εἶναι
947 2870 1118 2962 Ἑλλήνων
1129 2900 1213 2958 προ-

205 2972 360 3056 δέκτορα,
375 2967 521 3056 σελήνην
532 2968 568 3037 δέ
579 2969 703 3054 σφέων.
725 2968 922 3055 πυθόμενος
932 2972 968 3039 δὲ
979 2980 1083 3041 ταῦτα
1099 2971 1212 3055 ὁΞέρ-

156 3084 190 3139 38
207 3070 263 3154 ξης
277 3064 456 3155 περιχαρής
469 3064 535 3135 ἐών
550 3066 695 3135 ἐποιέετο
709 3063 772 3153 τήν
787 3072 909 3137 ἐλασιν.
935 3066 993 3149 Ὡς
1004 3067 1036 3137 δ’
1051 3069 1210 3159 ἐξήλαυνε

203 3162 265 3250 τήν
280 3167 454 3253 στρατιήν,
469 3165 604 3243 Πύθιος
617 3161 636 3231 ὁ
648 3161 761 3245 Λυδός
775 3166 1033 3255 καταρρωδήσας
1046 3166 1084 3236 τό
1100 3170 1139 3236 ἐκ
1153 3173 1211 3234 τοῦ

205 3261 354 3346 ούρανοῦ
365 3264 483 3350 φάσμα
494 3266 671 3349 ἐπαερθείς
684 3289 720 3330 τε
734 3278 819 3333 τοῖσι
834 3264 1008 3353 δωρήμασι
1018 3262 1134 3335 ἐλθόν
1147 3290 1211 3333 πα-

205 3356 247 3442 ρὰ
263 3360 384 3444 Ξέρξεα
399 3365 491 3446 έλεγε
504 3360 600 3428 τάδε·
618 3352 659 3427 Ὦ
674 3364 832 3449 δέσποτα,
848 3370 985 3452 χρηίσας
999 3362 1044 3432 άν
1056 3391 1116 3433 τευ
1128 3372 1211 3453 βον-

204 3463 324 3544 λοίμην
340 3472 468 3545 τυχεῖν,
485 3455 523 3527 τό
538 3460 591 3528 σοί
601 3458 661 3545 μέν
675 3459 824 3549 ἐλαφρὸν
835 3463 991 3549 τυγχάνει
1006 3460 1064 3531 ἐὸν
1079 3460 1213 3549 ὑπουρ-
