2500 3925
176 274 240 341 324
555 251 805 320 HERODOTI

134 455 166 513 71
267 435 377 521 Ταφαί
399 428 435 498 δὲ
459 430 526 494 νῦν
550 414 717 509 βασιλέων
739 413 776 480 έν
792 410 947 497 Γέρροισι
965 406 1046 487 είσί,
1096 403 1128 481 ές
1143 400 1175 468 τό

180 534 397 627 Βορυσθένης
409 529 476 597 ἐστὶ
487 512 712 610 προσπλωτός.
737 512 898 592 ἐνθαῦτα,
913 492 1177 585 έπεάνσφιάπο-

180 636 274 725 θάνη
291 630 309 702 δ
327 624 502 720 βασιλεῦς,
524 618 656 707 όρυγμα
676 618 737 699 γῆς
760 610 844 697 μέγα
863 601 1051 688 ὀρύσσουσι
1067 591 1178 679 τετρά-
1222 631 1224 678 3

182 756 312 824 γωνον,
339 730 472 813 ἑτοίμου
499 720 535 789 δὲ
559 721 660 786 τοῦτο
683 707 882 795 ποιήσαντες
907 695 1180 785 ἀναλαμβάνουσι
1222 727 1224 824 ρ

180 831 241 903 τόν
252 824 392 917 νεκρόν,
410 812 729 903 κατακεκηρωμένον
744 808 806 891 μὲν
818 799 857 869 τό
875 805 988 885 σῶμα,
1003 792 1181 883 τηνδὲνη-
1222 833 1224 898 η

184 929 249 1001 δῦν
275 926 536 1011 ἀνασχισθεῖσαν
556 915 612 981 καί
632 912 881 992 καθαρθεῖσαν,
909 898 1016 982 πλέην
1037 890 1181 976 κυπέρου

184 1030 393 1116 κεκομμένου
409 1025 464 1091 καί
477 1014 690 1104 θυμιήματος
706 1005 762 1073 καί
777 997 912 1069 σελίνου
932 994 1122 1082 σπέρματος
1135 988 1184 1054 καὶ

184 1128 332 1216 ἀνήσου,
348 1116 625 1211 συνερραμμένην
637 1106 760 1190 ὀπίσω,
773 1102 829 1170 καὶ
840 1101 1013 1183 κομίζουσι
1027 1093 1065 1160 ἐν
1080 1086 1185 1175 ἁμάξη

186 1232 219 1309 ές
236 1226 317 1296 ἀλλο
333 1228 442 1299 έθνος.
467 1223 502 1286 οἳ
519 1212 550 1283 δ’
574 1209 617 1280 ἀν
637 1206 887 1294 παραδέξωνται
903 1194 1111 1283 κομισθέντα
1129 1184 1186 1254 τόν

186 1323 326 1415 νεκρόν,
348 1328 480 1391 ποιεῦσι
502 1314 607 1397 τάπερ
629 1315 663 1378 οί
674 1303 843 1395 βασιλήιοι
853 1297 1009 1368 Σκύθαι·
1031 1298 1095 1362 τοῦ
1109 1286 1187 1365 ὠτός

187 1424 453 1511 ἀποτάμνονται,
474 1422 586 1505 τρίχας
605 1413 869 1497 περικείρονται,
892 1401 1074 1486 βραχίονας
1096 1415 1188 1477 περι-

188 1524 387 1611 τάμνονται,
409 1520 561 1605 μέτωπον
577 1513 632 1581 καὶ
653 1511 730 1593 ρλνα
750 1497 1037 1588 καταμύσσονται,
1066 1487 1123 1561 διά
1139 1496 1189 1573 τῆς

184 1626 358 1717 ἀριστερῆς
366 1610 617 1708 χειρόςόίστοῦς
627 1604 868 1695 διαβυνέονται.
882 1601 1044 1668 ἐνθεῦτεν
1053 1591 1192 1677 δὲκομί-

186 1736 276 1814 ζουσι
291 1727 327 1792 έν
340 1726 382 1810 τῇ
396 1715 503 1805 ἀμάξη
515 1712 577 1781 τόν
589 1710 694 1778 νέκυν
710 1711 771 1774 τοῦ
789 1698 941 1790 βασιλέος
955 1700 988 1777 ἐς
1001 1693 1086 1763 ἀλλο
1099 1697 1195 1768 ἔθνος

188 1832 255 1895 τῶν
269 1822 424 1911 ἀρχουσι·
447 1822 482 1887 οί
497 1818 536 1886 δέ
549 1836 610 1902 σφι
626 1815 779 1894 ἕπονται,
802 1806 835 1883 ές
851 1798 932 1879 τοῦς
946 1796 1119 1887 πρότερον
1133 1786 1192 1880 ἦλ-

187 1934 264 1996 θον.
289 1920 391 1994 ἐπεάν
402 1922 438 1992 δὲ
449 1918 576 1995 πάντας
588 1911 792 1999 περιέλθωσι
801 1900 863 1972 τόν
875 1902 981 1970 νέκυν
991 1900 1191 1981 κομίζοντες,

189 2029 226 2094 έν
246 2025 402 2110 Γέρροισι
428 2025 546 2105 ἔσχατα
571 2009 842 2096 κατοικημένοισί
866 2008 930 2071 είσι
953 2004 1022 2066 τῶν
1051 1995 1192 2076 ἐθνέων,

188 2128 256 2191 νῦν
271 2117 429 2208 ἀρχουσι,
451 2120 506 2185 καί
527 2118 564 2183 έν
584 2119 659 2202 τῇσι
678 2113 812 2196 ταφῇσι.
846 2105 902 2170 καί
922 2105 1070 2182 ἔπειτεν,
1094 2089 1192 2162 έπεάν

188 2221 294 2289 θέωσι
311 2215 372 2286 τόν
382 2218 486 2284 νέκυν
501 2218 538 2283 έν
551 2219 626 2303 τῇσι
640 2210 767 2298 θηκησι
782 2206 834 2274 ἐπὶ
848 2201 1023 2288 στιβάδος,
1037 2194 1194 2282 παραπή-

190 2325 304 2400 ξαντες
318 2313 435 2404 αίχμάς
457 2320 560 2389 ἔνθεν
581 2312 637 2380 καὶ
656 2315 760 2378 ἔνθεν
773 2310 835 2372 τοῦ
849 2305 974 2387 νεκροῦ
990 2297 1077 2380 ξύλα
1091 2294 1196 2376 ῦπερν

190 2426 337 2489 τείνουσι
348 2420 402 2486 καὶ
415 2423 543 2485 ἔπειτεν
554 2415 626 2502 ῥιψὶ
637 2402 933 2491 καταστεγάζουσι,
945 2401 984 2466 έν
997 2399 1034 2466 δὲ
1044 2403 1087 2486 τῇ
1099 2401 1197 2482 λοιπῇ

191 2515 379 2608 εῦρυχωρίη
394 2521 451 2603 τῆς
467 2512 577 2602 θήκης
598 2517 667 2578 των
682 2505 880 2575 παλλακέων
894 2525 931 2569 τε
951 2505 1033 2585 μίαν
1049 2493 1198 2564 ἀποπνί-
1222 2474 1224 2601 ρ

193 2625 306 2702 ξαντες
319 2617 489 2686 θάπτουσι
505 2616 561 2682 καὶ
576 2608 638 2680 τόν
652 2605 807 2693 οίνοχόον
821 2604 876 2671 καί
890 2598 1055 2686 μάγειρον
1073 2599 1131 2663 καὶ
1144 2599 1199 2662 ίκ-
1222 2606 1224 2709 ρ

193 2717 344 2804 ποκόμον
359 2718 414 2784 καὶ
431 2715 591 2802 διήκονον
603 2713 658 2778 καί
669 2702 919 2794 ἀγγελιηφόρον
932 2701 988 2768 καὶ
1001 2701 1131 2774 ἵππους
1146 2698 1200 2762 καὶ
1222 2744 1224 2787 ,

192 2828 260 2890 τόν
275 2819 386 2889 ἀλλων
401 2814 561 2886 ἁπάντων
575 2806 725 2898 ἀπαρχάς
740 2808 796 2874 καὶ
808 2803 933 2889 φιάλας
947 2800 1108 2887 χρυσέας·
1140 2793 1201 2881 ἀρ-
1222 2806 1224 2877 j

192 2921 286 3011 γύρφ
298 2919 335 2987 δὲ
346 2916 446 2986 οῦδὲν
461 2914 540 2985 οῦδὲ
553 2918 664 3002 χαλκῷ
675 2911 845 2996 χρέονται·
868 2909 972 2971 ταῦτα
984 2904 1022 2969 δὲ
1033 2899 1201 2986 ποιήσαν-
1222 2966 1224 2969 .

192 3045 246 3097 τες
261 3024 357 3104 χοῦσι
372 3016 494 3094 πάντες
507 3020 601 3101 χῶμα
615 3013 717 3097 μέγα,
741 3003 977 3092 ἀμιλλεόμενοι
990 3004 1049 3071 καί
1065 3009 1202 3087 προθυ-

149 3137 183 3193 ⁷2
193 3119 351 3206 μεόμενοι
364 3115 407 3195 ὡς
419 3115 575 3203 μέγιστον
590 3117 735 3196 ποιῆσαι.
776 3105 951 3175 Ἐνιαυτοῦ
966 3102 1003 3170 δὲ
1017 3122 1202 3188 περιφερο-

192 3227 298 3308 μένου
323 3213 417 3296 αύτις
442 3221 576 3284 ποιεῦσι
605 3208 754 3281 τοιόνδε·
789 3202 950 3294 λαβόντες
974 3208 1044 3270 τῶν
1072 3204 1202 3268 λοιπῶν

191 3317 413 3404 θεραπόντων
436 3311 513 3392 τοῦς
534 3308 814 3400 ἐπιτηδεωτάτους
839 3310 888 3396 (οί
910 3308 948 3372 δέ
975 3309 1039 3372 είσι
1061 3299 1202 3370 Σκύθαι

193 3416 357 3499 έγγενέες·
380 3404 475 3482 οῦτοι
495 3409 560 3499 γάρ
582 3407 622 3498 δὴ
644 3408 877 3497 θεραπεύουσι
890 3403 974 3483 ’τοῦς
992 3400 1039 3472 ἀν
1063 3395 1203 3478 αῦτόςὸ

192 3507 350 3596 flamme
363 3511 521 3600 κελεύσῃ,
544 3510 778 3597 ἀργυρώνητοι
794 3507 830 3574 δὲ
852 3501 913 3574 οῦκ
936 3509 1003 3571 είσί
1014 3522 1077 3587 σφι
1094 3501 1203 3584 θερά-
