2500 3925
238 245 300 308 ουν
619 245 874 325 ιιιιεοοοει

237 410 402 497 βάρβαροι
417 404 517 476 οὐδέν
531 411 577 476 ἔτι
590 421 706 493 στῖφος
716 407 916 495 έποιήσαντο
930 409 1096 489 πεσόντος
1107 418 1191 480 τοῦτο

237 535 311 598 χεος
325 507 403 578 οὔτε
413 535 463 588 τις
473 505 586 576 αὐτῶν
596 505 699 596 ἀλκής
709 509 882 594 έμέμνητο,
897 505 1089 591 ἀλύκταζόν
1099 538 1131 578 τε
1140 507 1192 579 οἶιέι

239 611 340 704 όλίγφ
356 611 453 703 χάρφ
468 613 697 700 πεφοβημένοι
711 637 747 679 τε
762 613 818 680 καί
827 615 948 680 πολλαὶ
957 612 1123 700 μυριάδες
1133 639 1193 680 καε-

238 714 377 800 λημέυαι
398 707 602 806 ἀνθρώπων.
634 716 746 797 παρῆν
771 737 808 778 τε
826 725 912 778 τοῖσι
928 708 1070 800 Ἕλλησι
1089 713 1193 800 φονεύει

156 898 160 906 .
238 815 327 884 οὕτω
340 813 424 882 ὥστε
437 813 616 901 τριήκοντα
629 813 807 900 μυριάδων
820 821 975 900 στρατοῦ,
990 818 1193 882 καταδεοοσίιε

236 918 412 1002 τεσσέρων,
423 909 482 992 τάς
492 918 577 998 έχων
588 908 786 1000 Ἀρτάβαζος
796 918 929 999 ἔφευγε,
940 939 1013 980 τιιν
1023 920 1170 997 λοιπόνμ
1186 916 1194 959 ἕ

236 1027 323 1100 τρεῖς
339 1012 489 1099 χιλιάδας
502 1011 750 1098 περιγενέσθαι.
780 1013 1066 1096 Λακεδαιμονίων
1079 1010 1114 1078 δὲ
1127 1011 1193 1076 τόνὲι

236 1111 395 1198 Σπάρτης
406 1107 581 1178 ἀπέθανον
592 1113 626 1176 οί
640 1108 763 1187 πάντες
776 1111 815 1176 έν
825 1114 865 1198 τή
875 1115 1032 1199 συμβολῇ
1048 1104 1101 1187 εἷς
1109 1111 1154 1175 καὶ
1163 1110 1194 1172 ίιε

235 1210 392 1298 νήκοντα,
411 1209 600 1296 Τεγεητέων
612 1205 648 1274 δέ
660 1207 846 1293 ἑκκαίδεκα,
858 1205 1058 1294 Ἀθηναίων
1069 1207 1105 1276 δέ
1119 1205 1192 1275 δόοιι

238 1305 453 1392 πεντήκοντα.

187 1419 216 1480 λι
316 1405 507 1493 Ἠρίστευσε
522 1405 558 1474 δέ
571 1411 641 1474 τῶν
654 1405 838 1495 βαρβάρων
854 1401 949 1486 πεζός
963 1404 1031 1491 μὲν
1047 1401 1194 1489 ὁΠεροέο.

234 1506 335 1583 ἵππος
349 1503 385 1570 δὲ
398 1497 419 1590 ἡ
432 1505 583 1587 Σακέων,
599 1498 685 1589 ἀνήρ
701 1503 737 1569 δὲ
751 1505 879 1590 λέγεται
891 1501 1112 1588 Μαρδόνιος·
1129 1499 1195 1582 ‘mis

122 1647 129 1656 -
233 1627 305 1670 νων
322 1601 375 1689 δέ,
396 1597 537 1688 ἀγαθῶν
558 1601 752 1688 γενομένων
772 1603 828 1669 καλ
851 1601 1049 1687 Τεγεητέων
1072 1601 1126 1667 καί
1140 1595 1195 1678 Ἀθη-

233 1708 355 1786 ναίων,
376 1695 624 1788 ὑπερεβάλοντο
646 1696 748 1788 ἀρετή
762 1697 1036 1784 Λακεδαιμόνιοι.
1073 1690 1195 1783 ἀλλρμδ

233 1797 347 1870 οὐδενί
358 1805 420 1886 ἔχω
432 1797 715 1886 ἀποσημήνασθαι
726 1795 882 1877 ’ἅπαντες
891 1793 957 1884 γάρ
968 1787 1069 1865 οὗτοι
1080 1793 1151 1874 τοός
1159 1772 1201 1860 τιό

232 1895 376 1977 ἑωυτοὺς
390 1900 541 1989 ἐνίκων,
557 1895 607 1967 ότι
624 1897 661 1965 δέ
675 1891 758 1966 κατὰ
772 1893 809 1965 τδ
824 1893 1049 1984 ίσχυρότατον
1064 1898 1195 1983 προσηνεί·

230 1996 363 2086 ’χθησαν
378 1996 577 2065 καὶτούτων
591 1994 789 2083 ἐκράτησαν.
813 1999 869 2064 καὶ
882 1994 1018 2083 ἀριστος
1034 1998 1195 2083 έγένετομι·

230 2105 299 2189 κρῷ
311 2094 547 2184 Ἀριστόδημος
557 2092 642 2165 κατά
652 2095 789 2182 γνόμας
798 2094 858 2176 τὰς
866 2093 1041 2183 ἡμετέρας,
1058 2093 1098 2175 ὃς
1108 2098 1196 2176 έκθερ

232 2195 409 2279 μοπυλέων
429 2202 554 2281 μοῦνος
572 2202 642 2263 τῶν
658 2200 858 2282 τριηκοσίων
879 2195 1000 2271 σωθεὶς
1021 2192 1093 2281 εἶχε
1113 2192 1196 2265 όνειδσ

231 2294 286 2360 καί
300 2289 442 2377 ἀτιμίην.
466 2288 547 2378 μετά
562 2293 598 2359 δὲ
613 2297 735 2360 τοῦτον
747 2287 948 2379 ἠρίστευσαν
961 2289 1196 2365 Ποσειδάνιόςτλ

231 2392 285 2459 καὶ
296 2389 476 2459 Φιλοκύων
489 2392 544 2459 καί
555 2387 802 2478 Ἀμομφάρετος
812 2390 1034 2485 Σπαρτιήτης.
1061 2397 1196 2473 καίτοιγε

230 2492 373 2577 νομένης
392 2489 510 2577 λέσχης
531 2486 567 2569 ὃς
586 2493 718 2576 γένοιτο
733 2486 846 2558 αὐτῶν
862 2490 1011 2577 ἀριστος,
1035 2488 1197 2578 έγνωσανιῖ

230 2587 497 2677 παραγενόμενοι
515 2592 755 2675 Σπαρτιητέων
772 2584 1009 2676 Ἀριστόδημον
1031 2592 1098 2675 μὲν
1113 2586 1196 2678 βουλό

229 2710 334 2775 μενον
349 2695 503 2774 φανερῶς
522 2685 711 2757 ἀποθανεῖν
731 2690 768 2757 έκ
784 2695 842 2775 τῆς
860 2688 1054 2775 παρεούσης
1075 2695 1110 2757 οί
1121 2694 1196 2771 αίτίης,

229 2782 413 2854 λνσσίοντά
422 2806 459 2850 τε
469 2788 523 2853 καὶ
538 2786 715 2855 ἐκλιπόντα
728 2783 791 2874 τήν
803 2786 899 2867 τάξιν
913 2791 994 2873 ἔργα
1005 2784 1195 2868 ἀποδέξασθαι

228 2880 372 2967 μεγάλα,
394 2882 624 2951 Ποσειδώνιον
645 2886 681 2953 δὲ
708 2882 750 2952 οά
769 2884 979 2971 βουλόμενον
999 2883 1195 2974 ἀποθνήσκειν

228 2976 335 3064 ἀνδρα
351 2980 510 3062 γενέσθαι
525 2978 676 3069 ἀγαθόν·
697 2985 847 3072 τοσούτω
860 2991 980 3053 τοῦτον
994 2984 1084 3057 εἶναι
1097 2986 1193 3074 ἀμείνο

227 3070 310 3143 ἀλλά
326 3080 430 3142 ταῦτα
449 3078 511 3164 μὲν
534 3082 588 3149 καλ
611 3084 734 3176 φθόνῳ
755 3078 800 3149 ἀν
820 3092 963 3173 είποιεν,
989 3079 1086 3155 οὗτοι
1104 3078 1194 3155 δὲτοδ

226 3176 380 3253 κατέλεξα
391 3174 528 3265 πάντες,
541 3178 629 3267 πλήν
640 3178 891 3269 Ἀριστοδήμου,
904 3190 972 3250 τῶν
982 3180 1193 3253 ἀποθανόντων

225 3275 263 3340 έν
275 3272 380 3363 ταότη
390 3281 430 3365 τῇ
444 3277 541 3366 μάχη,
558 3287 660 3367 τίμιοι
675 3281 841 3368 έγένοντο,
853 3279 1090 3369 Ἀριστόδημος
1102 3282 1133 3350 δὲ
1141 3289 1193 3368 βου

225 3370 364 3454 λόγονος
373 3371 561 3446 ἀποθανεῖν
572 3378 629 3447 διά
639 3378 702 3466 τήν
713 3385 961 3469 προειρημένην
971 3388 1083 3470 αίτίην
1093 3382 1192 3452 οὐκέτι·

175 3481 211 3538 ⁷2
228 3469 330 3556 μήθη.
355 3463 458 3539 Οὗτοι
469 3473 532 3559 μὲν
542 3482 610 3543 τῶν
621 3479 848 3569 ένΠλαταιήσι
864 3479 1192 3566 οὐνομαστότατοιέγὲ·
