2500 3925
375 216 458 272 ιιε.
491 216 512 271 1.
547 214 645 273 οπο.
675 221 817 279 εε-εε
1049 212 1095 287 47

106 370 233 457 ἐλάσσω,
250 372 376 455 ζάοντα
392 375 472 460 πυρί
489 375 608 460 διδοίη,
624 371 709 458 πρός
724 400 760 443 τε
775 376 922 447 τούτοισι
938 383 1093 449 δείσαντα

106 466 159 555 τῆν
180 475 266 538 τίσιν
287 474 341 540 καὶ
362 472 616 559 ἐπιλεξάμενον,
638 470 683 551 ὡς
703 471 805 543 ούδέν
825 485 875 563 είη
898 485 966 547 τῶν
979 480 1017 545 ἐν
1030 474 1093 547 άν-

108 568 262 653 θριόποισι
280 568 453 658 ἀσφαλέως
474 578 567 659 ἔχον,
590 572 743 643 κελεύειν
762 576 945 661 σβεννύναι
958 574 1020 665 τῆν
1033 602 1092 644 τα-

104 673 209 753 χίστην
228 666 265 738 τό
288 670 469 758 καιόμενον
489 679 558 761 πῦρ
573 674 629 741 καὶ
649 673 882 760 καταβιβάζειν
896 675 1048 761 Κροῖσόν
1057 697 1093 743 τε

104 766 154 831 καί
166 764 242 844 τούς
255 765 337 853 μετά
353 776 511 858 Κροίσου.
547 773 603 840 καὶ
622 765 703 850 τούς
723 775 961 859 πειρωμένους
975 772 1017 841 ού
1031 774 1095 841 δύ-

104 872 222 929 νασθαι
243 868 289 931 ἔτι
311 872 373 933 τοῦ
392 864 500 955 πνρδς
519 870 744 955 ἐπικρατῆσαι.
785 863 951 937 Ἐνθαῦτα
964 874 1144 958 λέγεταιςτ

104 956 163 1029 ὑπὸ
178 964 300 1035 Λυδῶν
313 969 461 1048 Κροίσου
479 962 636 1049 μαθόντα
656 960 719 1051 τῆν
733 964 853 1051 Κύρου
873 968 1093 1054 μετάγνωσιν,

102 1054 144 1137 ὡς
164 1056 233 1144 ὥρα
248 1058 357 1127 πάντα
374 1061 435 1147 μὲν
451 1058 558 1149 ἄνδρα
572 1062 762 1149 σβεννύντα
781 1058 819 1131 τό
840 1070 926 1154 πῦρ,
948 1068 1095 1152 δυναμέ·

103 1183 180 1235 νονς
200 1157 237 1225 δέ
261 1155 372 1227 ούκέτι
393 1168 609 1248 καταλαβεῖν,
638 1159 868 1247 ἐπιβώσασθαι
895 1161 956 1232 τόν
975 1162 1095 1233 Ἀπόλ-

101 1265 187 1322 λωνα
212 1256 489 1345 ἐπικαλεόμενον,
515 1267 549 1326 εί
568 1262 603 1325 τί
623 1262 658 1326 οἱ
676 1263 915 1346 κεχαρισμένον
932 1264 967 1342 ἐξ
989 1259 1096 1329 αύτοῠ

100 1353 265 1441 ἐδωρήθη,
279 1362 488 1443 παραστῆναι
499 1358 554 1425 καλ
567 1355 741 1444 ῥύσασθαί
751 1383 810 1442 μιν
824 1359 860 1425 ἐκ
873 1365 935 1426 τοῦ
948 1358 1095 1447 παρεόν-

100 1477 151 1531 τος
164 1458 282 1530 κακοῦ.
312 1450 373 1521 τόν
387 1454 449 1540 μὲν
464 1454 656 1541 δακρύοντα
670 1456 903 1525 ἐπικαλέεσθαι
922 1455 983 1525 τόν
997 1452 1094 1542 θεόν,

99 1553 132 1617 ἐκ
160 1550 196 1618 δὲ
224 1556 358 1639 αύθρίης
383 1578 419 1620 τε
443 1554 498 1620 καλ
520 1558 679 1639 νηνεμίης
699 1557 921 1641 σννδραμίειν
941 1557 1096 1641 ἐξαπίνης

100 1653 200 1737 νέφεα
214 1650 271 1717 καλ
286 1652 433 1737 χειμῶνά
446 1678 481 1719 τε
495 1660 745 1739 καταρραγῆναι
762 1655 816 1721 καὶ
834 1645 910 1722 ὗσαι
925 1651 1022 1721 ὕδατι
1034 1661 1097 1721 λα-

97 1750 265 1841 βροτάτῳ,
287 1757 558 1840 κατασβεσθῆναί
573 1776 609 1819 τε
631 1748 693 1837 τῆν
707 1751 828 1837 πυρῆν.
870 1747 958 1818 οὕτω
975 1746 1015 1837 δῆ
1032 1776 1098 1835 μα-

96 1848 207 1917 θόντα
227 1845 289 1917 τόν
303 1856 438 1936 Κῦρον,
465 1846 509 1928 ὡς
529 1859 579 1935 είη
601 1846 620 1917 ὁ
636 1858 780 1938 Κροῖσος
794 1852 849 1916 καὶ
861 1845 1026 1934 θεοφιλὴς
1042 1847 1098 1913 καὶ

97 1943 183 2034 άνῆρ
203 1943 351 2036 ἀγαθός,
367 1946 638 2035 καταβιβάσαντα
654 1943 759 2017 αὐτόν
772 1942 838 2014 dud
854 1951 911 2033 τῆς
925 1950 1033 2032 πυρῆς
1049 1952 1099 2012 εί-

95 2056 218 2132 ρεσθαι
234 2044 331 2112 τόδε·
371 2053 511 2131 Κροῖσε,
532 2050 580 2124 τίς
602 2065 640 2114 σε
654 2043 849 2132 ἀνθρώπων
863 2040 1031 2129 ἀνέγνωσε
1045 2043 1098 2110 ἐπὶ

93 2149 157 2228 γῆν
168 2139 235 2228 τῆν
251 2137 334 2229 έμῆν
344 2142 633 2229 στρατευσάμενον
648 2147 807 2229 πολέμιον
821 2139 895 2209 ἀντὶ
909 2147 1011 2227 φίλον
1026 2140 1098 2225 ἐμοὶ

94 2247 318 2330 καταστῆναις
334 2238 370 2309 Ὁ
386 2241 421 2308 δὲ
437 2239 523 2308 εἶπε·
550 2235 590 2310 Ὦ
604 2248 761 2330 βασιλεῦ,
776 2239 841 2327 ἐγώ
856 2246 960 2308 ταῦτα
974 2241 1098 2327 ἔπρηξα

94 2347 131 2428 τῇ
153 2347 199 2428 σῆ
219 2339 283 2426 μὲν
304 2335 514 2428 εὐδαιμονίη,
540 2348 580 2429 τῆ
601 2343 771 2426 ἐμεωυτοῦ
792 2342 828 2408 δὲ
842 2342 1098 2425 κακοδαιμονίῃ·

92 2449 201 2516 αίτιος
218 2439 253 2506 δὲ
270 2437 399 2505 τούτων
413 2439 542 2523 ἐγένετο
558 2435 576 2506 ὁ
591 2436 759 2526 Ἑλλήνων
772 2435 853 2516 θεὸς
875 2439 1028 2523 ἐπαείρας
1042 2436 1099 2519 ἐμὲ

93 2533 353 2622 στρατεύεσθαι.
394 2530 504 2612 οὐδεὶς
530 2531 596 2622 μὰρ
619 2534 708 2604 οὕτω
732 2532 874 2620 ἀνόητός
895 2535 981 2618 ἐστι,
1008 2529 1099 2609 ὅστις

91 2633 248 2718 πόλεμον
265 2628 330 2717 πρὸ
347 2630 481 2718 είρῆνης
495 2634 653 2718 αἱρέεται·
681 2635 717 2702 έν
732 2631 793 2719 μέν
807 2628 871 2718 γάρ
885 2635 925 2719 τῆ
941 2631 1100 2720 οίῆπαῑδες

92 2729 174 2810 τὸύς
188 2733 335 2817 πατέρας
349 2729 537 2816 θάπτουσι,
559 2733 591 2798 ἐι
614 2731 649 2798 δέ
663 2740 709 2822 τῷ
725 2736 759 2800 ολ
772 2732 910 2817 πατέρες
925 2725 1005 2806 τούς
1021 2741 1100 2794 παί-

93 2833 164 2908 δας.
198 2825 284 2896 ἀλλὰ
299 2834 402 2895 ταῦτα
418 2833 554 2914 δαίμοσί
565 2856 597 2896 κι
609 2857 629 2892 υ
644 2835 744 2915 φίλον
763 2821 808 2916 ῆν
826 2825 914 2895 οὕτω
930 2830 1097 2913 γενέσθαι.

88 2923 124 2991 ‘0
146 2926 213 3012 μὲν
232 2931 338 2993 ταῦτα
354 2931 466 3012 ’έλεμε,
491 2931 604 3014 Κύρος
629 2926 663 2994 δὲ
685 2922 790 2994 αὐτόν
811 2926 915 3004 λύσας
936 2925 1051 2992 κάτισέ
1064 2949 1100 2990 τε
1116 2938 1152 2992 88

95 3021 200 3108 ἐγγύς
215 3025 342 3091 ἑωυτοῦ
357 3025 412 3091 καὶ
426 3023 532 3107 κάρτα
549 3025 586 3092 ἐν
601 3032 707 3113 κολλῆ
723 3028 913 3112 προμηθείη
929 3020 1002 3108 εἶχε,
1019 3018 1102 3088 άπε-

97 3121 263 3206 θοόυμαξέ
278 3145 314 3188 τε
328 3117 435 3205 ὁρέων
452 3126 506 3190 καὶ
521 3120 621 3202 αύτός
637 3125 693 3192 ,ιαλ
708 3128 743 3193 οί
756 3125 832 3208 περὶ
849 3123 977 3189 ἐκεῖνον
992 3121 1102 3200 ἐόντες

99 3216 233 3297 πάντες.
262 3213 280 3282 ὁ
295 3217 331 3286 δέ
345 3226 486 3309 συννοίη
500 3222 653 3308 ἐχόμενος
674 3218 793 3307 ῆσνχος
806 3211 860 3305 ῆν.
886 3214 967 3304 μετὰ
983 3223 1018 3286 δὲ
1030 3221 1103 3287 ἐπο-

102 3325 261 3404 στραφείς
281 3343 316 3385 τε
337 3322 392 3386 καὶ
414 3321 568 3406 ίδόμενος
588 3319 667 3400 τούς
693 3323 819 3406 Πέρσας
838 3313 876 3384 τό
899 3323 966 3384 τῶν
979 3321 1103 3384 Λυδῶν

102 3411 189 3482 άστυ
213 3422 422 3504 κεραΐζοντας
468 3415 553 3485 εἷπε·
593 3412 634 3484 Ὦ
649 3423 805 3506 βασιλεύ,
831 3414 970 3497 κότερον
994 3419 1104 3502 λέγειν
