2500 3925
355 221 442 277 ιιε.
477 220 548 276 vm.
581 219 681 279 οΑΡ.
713 228 852 286 ιι-ιε,
1049 213 1111 280 231

93 387 226 467 λαμυε,
241 376 384 469 ἀτρέμας
396 405 432 448 τε
447 376 537 465 εἶχον
550 374 609 459 τάς
619 378 714 467 νέας,
729 386 789 450 καί
797 400 858 468 σφι
869 378 1034 469 ἀπεχρᾶτο
1047 410 1108 453 ιια-

93 485 166 557 nds·
179 476 368 567 πρήσσουσι
387 475 531 566 ἡσυχίην
547 474 644 564 ἀγειν
662 479 699 545 έν
714 484 759 570 τῷ
773 477 940 563 παρεόντι.
970 493 1055 550 τοῖσι
1072 482 1109 551 δέ

95 571 238 664 Ἕλλησι
257 572 448 662 ἐπεβοήθεον
469 580 543 658 νέες
557 589 646 662 τρεῖς
660 578 715 645 καὶ
735 579 942 665 πεντήκοντα
956 578 1105 649 Ἀττικαί.

91 666 202 741 αὗταί
214 699 250 743 τε
270 673 312 764 δή
327 692 432 762 σφεας
446 676 641 762 ἐπέρρωσαν
655 671 874 765 ἀπικόμεναι,
891 679 945 747 καὶ
960 674 1028 766 ἀμα
1045 675 1108 763 ἀγ

92 781 191 861 γελίη
213 775 362 843 ἐλθοῦσα
379 771 425 853 ὡς
442 778 511 842 τοῖν
531 773 714 861 βαρβάρων
730 779 765 843 σί
783 774 1029 864 περιπλώοντες
1043 773 1106 864 τήν

94 870 250 960 Εὔβοιαν
258 872 382 952 πάντες
393 881 509 958 είησαν
518 872 762 959 διεφθαρμένοι
773 870 839 941 ἀπὸ
850 881 911 943 τοῦ
921 878 1107 963 γενομένου

94 978 268 1058 χειμῶνος.
285 968 492 1058 φυλάξαντες
505 968 545 1058 δή
556 968 619 1057 τὴν
632 968 739 1059 αὐτήν
751 969 845 1060 ὥρην
855 973 1024 1054 πλείοντες
1030 976 1106 1043 έπέ-

94 1093 203 1142 πεσον
213 1076 314 1158 νηυσί
323 1080 511 1162 Κιλίσσῃσι,
523 1072 647 1153 ταύτας
656 1073 693 1141 δὲ
706 1078 976 1162 διαφθείραντες,
992 1072 1036 1155 ὡς
1047 1072 1106 1143 εὐ-

14 1217 15 1220 =
93 1171 210 1259 φρόνη
234 1172 382 1259 ἐγένετο,
410 1168 590 1241 ἀπέπλωον
616 1168 723 1240 ὀπίσω
748 1172 802 1241 έπὶ
828 1170 864 1241 τό
887 1170 1102 1261 Ἀρτεμίσιον.

97 1277 202 1359 Τρίτῃ
217 1270 254 1339 δέ
268 1267 373 1359 ἡμέρῃ
389 1269 504 1339 δεινόν
517 1296 549 1338 τι
562 1268 783 1357 ποιησάμενοι
796 1274 830 1339 οί
841 1274 1018 1360 στρατηγοὶ
1035 1278 1102 1339 των
1120 1280 1150 1333 15

13 1441 14 1448 ,
92 1367 280 1457 βαρβάρων
294 1370 371 1448 νέας
385 1367 474 1437 οὕτω
486 1388 546 1456 σφι
557 1365 672 1454 ὀλίγας
683 1374 908 1454 λυμαίνεσθαι
920 1373 974 1438 καὶ
984 1367 1022 1437 τδ
1037 1365 1103 1437 ἀπδ

94 1469 226 1553 Ξέρξεω
245 1471 472 1554 δειμαίνοντες
494 1464 558 1535 οὐκ
577 1464 760 1555 ἀνέμειναν
781 1472 829 1536 έτι
850 1465 930 1548 τοὺς
942 1465 1104 1556 Ἕλληνας

95 1570 202 1657 μα’χης
213 1566 320 1656 ἄρξαι,
333 1567 417 1638 ἀλλά
430 1567 760 1656 παρακελευσάμενοι
772 1565 856 1637 κατὰ
867 1572 970 1655 μέσον
979 1566 1104 1657 ἡμέρης

95 1666 223 1756 ἀνήγου
234 1664 293 1747 τάς
303 1668 390 1747 νέας.
407 1671 587 1737 συνέπιπτε
599 1666 635 1736 δέ
648 1666 731 1737 ὥστε
742 1675 817 1757 τῇσι
832 1665 950 1757 αάτήσι
962 1665 1103 1757 ἡμέρῃσι

11 1815 12 1850 3
91 1763 154 1845 τάς
171 1771 354 1851 ναυμαχίας
370 1770 526 1853 γίνεσθαι
542 1764 666 1845 ταύτας
686 1769 741 1835 ιιαλ
761 1763 820 1846 τάς
835 1772 1030 1853 πεζομαχίας
1044 1763 1103 1845 τὰς

10 1927 11 1936 ,
95 1867 133 1933 έν
148 1863 395 1953 Θερμοπάλῃσι.
424 1857 469 1952 ήν
485 1863 522 1933 δέ
541 1870 605 1943 πᾶς
619 1861 637 1932 ὁ
657 1861 751 1951 ἀγοάν
770 1880 855 1935 τοῖσι
871 1864 953 1936 κατά
969 1866 1102 1935 θάλασ-

92 1986 158 2031 σαν
172 1966 321 2051 περὶτοῦ
336 1959 507 2051 Εὐρίπου,
522 1960 635 2048 ὥσπερ
651 1977 735 2032 τοῖσι
750 1960 835 2051 ἀμφὶ
850 1968 1025 2050 Λεωνίδην
1039 1959 1102 2050 τήν

95 2058 237 2150 ἐσβολήν
252 2060 448 2147 φυλάσσειν.
478 2062 587 2147 οἱμὲν
608 2058 648 2147 δὴ
670 2061 934 2146 παρεκελεύοντο
953 2057 1040 2138 ὅπως
1054 2054 1099 2146 μή

92 2158 283 2247 παρήσουσι
303 2160 337 2238 ές
352 2156 414 2246 τήν
427 2156 569 2228 Ἐλλάδα
583 2156 663 2238 τούς
677 2158 888 2247 βαρβάρους,
913 2161 947 2226 οί
962 2155 994 2225 δ’
1013 2153 1100 2236 ὅκως

94 2258 129 2327 τό
140 2255 336 2347 Ἑλληνικὸν
346 2259 535 2347 στράτευμα
550 2263 808 2345 διαφθείραντες
818 2262 880 2324 τοῦ
891 2253 1001 2344 πόρου
1016 2279 1100 2342 κρα-

93 2358 315 2448 τήσουσι.’Ὡς
329 2362 366 2430 δὲ
380 2361 558 2448 ταξάμενοι
574 2366 609 2429 οί
621 2363 750 2449 Ξέρξεω
764 2361 953 2444 έπὲπλωον,
975 2360 1010 2424 οί
1020 2353 1097 2424 ‘'El-
1117 2359 1147 2413 ¹⁶

66 2447 75 2463 ’
94 2467 190 2545 ληνες
204 2455 346 2545 ἀτρέμας
361 2457 451 2546 εἶχον
461 2456 546 2545 πρὸς
560 2466 606 2549 τῷ
620 2456 819 2547 Ἀρτεμισίῳ.
842 2460 876 2524 οί
884 2453 920 2523 δὲ
933 2452 1099 2543 βάρβαροι

93 2555 265 2643 μηνοειδές
277 2554 475 2642 ποιήσαντες
489 2561 557 2622 τῶν
572 2561 660 2623 νεῶν
675 2555 883 2637 έκυιιλέοντο,
900 2549 945 2630 ὡς
959 2549 1100 2636 περιλά·

94 2659 186 2740 βοιεν
203 2647 336 2731 αὐτούς.
368 2653 530 2722 ἐνθεῦτεν
545 2656 579 2719 οί
588 2648 746 2738 Ἕλληνες
762 2650 979 2720 έπανέπλωόν
993 2675 1029 2718 τε
1043 2651 1099 2718 καὶ

92 2755 304 2841 συνέμισγον.
333 2754 371 2821 έν
392 2751 495 2840 ταύτῃ
510 2760 551 2841 τῇ
571 2759 737 2841 ναυμαχίη
752 2750 977 2840 παραπλήσιοι
994 2747 1097 2836 ἀλλή·

94 2861 178 2922 λοισι
193 2850 359 2939 έγένοντο.
383 2848 480 2939 ὁγάρ
494 2855 623 2936 Ξέρξεω
639 2848 779 2939 στρατὸς
793 2847 859 2920 ὑπὸ
877 2850 1045 2939 μεγάθεός
1061 2876 1097 2919 τε

94 2954 145 3021 ιιαλ
159 2950 307 3040 πλήθεος
318 2949 419 3031 αὐτὸς
433 2949 493 3019 ὑπ’
510 2955 639 3021 ἑωυτοῦ
651 2958 775 3040 ἔπιπτε,
790 2951 1050 3039 ταρασσομένων
1060 2978 1096 3022 τε

95 3059 158 3120 τῶν
172 3060 261 3121 νεῶν
271 3056 326 3121 καί
337 3055 628 3139 περιπιπτουσέων
643 3058 718 3142 περὶ
729 3053 891 3144 ἀλλήλας·
914 3054 1004 3142 ὅμως
1013 3058 1096 3142 μέν·

95 3177 141 3218 τοι
161 3147 288 3237 ἀντεῖχε
305 3153 360 3221 καὶ
381 3150 445 3220 οὐκ
467 3151 549 3222 εἷκε·
578 3151 693 3223 δεινὸν
713 3152 778 3241 γάρ
798 3161 906 3242 χρῆμα
921 3157 1099 3223 έποιεῦντδ

94 3244 156 3317 δπδ
173 3255 262 3317 νεῶν
282 3247 405 3338 ὀλίγων
421 3253 454 3331 ές
475 3250 589 3340 φυγήν
609 3255 804 3340 τράπεσθαι.
824 3255 954 3323 ’πολλαὶ
969 3255 1032 3341 μέν
1052 3252 1093 3342 δὴ

94 3343 335 3436 τῶνἙλλήνων
346 3350 419 3429 νέες
430 3355 676 3452 διεφθείροντο,
689 3354 805 3422 πολλοὶ
817 3353 852 3422 δέ
862 3348 995 3441 ἀνδρες,
1010 3359 1095 3422 πολ-
