2500 3925
184 178 247 243 246
564 184 815 242 HERODOTI

183 348 360 431 μιστοκλέα
383 341 589 431 ἀπικόμενον
607 346 659 413 ἐπὶ
681 340 744 431 τήν
764 369 824 413 νεα
845 351 951 431 είρετο
976 348 1203 431 Μνησίφιλος

183 439 269 530 ἀνήρ
280 439 468 531 Ἀθηναῖος,
485 440 505 509 ὅ
514 468 547 511 τι
559 461 620 529 σφι
631 451 681 530 εἴη
693 444 972 530 βεβουλευμένον.
995 442 1203 527 πυθόμενος

183 543 219 610 δὲ
230 538 314 629 πρδς
323 538 439 628 αὐτοῦ,
455 537 499 620 ὥς
511 548 561 627 εἴη
574 542 778 627 δεδογμένον
789 536 928 626 ἀνάγειν
942 536 1005 619 τάς
1021 539 1111 617 νέας
1124 534 1204 620 πρὸς

180 643 242 711 τὸν
253 638 389 728 Ἰσθμόν
399 643 455 710 καί
462 638 527 728 πρὸ
539 640 866 729 τήςΠελοποννήσου
878 641 1109 727 ναυμαχέειν,
1118 636 1203 706 εἷπε·

182 737 235 807 Οὔ
248 764 299 808 τοι
311 737 387 827 ἀρα,
404 735 449 827 ήυ
463 736 645 828 ἀπαείρωσι
657 738 715 819 τάς
726 742 804 820 νέας
814 736 880 807 ἀπδ
889 748 1112 826 Σαλαμῖνος,
1127 734 1203 805 οὐδὲ

179 841 255 923 περὶ
266 845 342 926 μιής
352 844 399 908 έτι
411 844 568 924 πατρίδος
577 840 809 928 ναυμαχήσεις.
826 837 909 908 κατά
920 836 989 927 γάρ
1001 837 1113 917 πόλις
1126 839 1203 905 ἕκα-

180 960 251 1008 στοι
272 939 467 1028 τρέψονται,
497 943 552 1009 καὶ
573 938 651 1009 οὔτε
674 942 777 1028 σφέας
798 938 1021 1027 Εὐρυβιάδης
1044 938 1203 1023 κατέχειν

178 1039 356 1128 δυνήσεται
371 1036 449 1109 οὔτε
458 1065 508 1119 τις
521 1036 717 1126 ἀνθρώπων
731 1038 831 1117 ἀλλος
843 1036 927 1105 ὥστε
938 1033 985 1124 μή
1000 1032 1047 1103 οὐ
1060 1038 1202 1102 διασκε-

177 1140 344 1223 δασδήναι
355 1134 419 1224 τήν
429 1138 598 1225 στρατιήν,
607 1135 785 1207 ἀπολέεταί
791 1163 827 1205 τε
836 1134 857 1225 ἡ
866 1132 985 1215 Ἑλλάς
997 1132 1200 1223 ἀβουλίῃσι.

177 1231 252 1303 ἀλλ’
268 1243 301 1304 εί
310 1260 361 1313 τις
375 1240 442 1303 έστι
457 1237 599 1323 μηχανή,
608 1243 660 1303 ίθι
675 1232 731 1301 κοιλ
745 1232 855 1321 πειρέο
865 1235 995 1320 διαχέαι
1010 1227 1058 1299 τά
1070 1238 1202 1320 βεβου-

175 1334 336 1420 λευμένα,
351 1330 394 1419 ήν
405 1358 471 1412 κως
482 1333 570 1423 δυ’νη
582 1331 775 1420 ἀναγνῶσαι
786 1330 1013 1420 Εὐρυβιάδην
1018 1337 1201 1419 μεταβου-

126 1446 161 1501 58
177 1430 362 1500 λούσασθαι
377 1430 462 1501 ὥστε
476 1430 582 1501 αὐτοῦ
596 1431 736 1519 μένεειν.
766 1430 883 1519 Κάρτα
897 1426 937 1517 δή
956 1435 1006 1522 τῷ
1023 1436 1197 1515 Θεμιστο

174 1534 248 1599 κλέῑ
260 1528 359 1619 ἤρεσε
373 1530 394 1622 ἡ
409 1530 584 1620 ὑποθήκη,
600 1533 656 1600 καὶ
666 1527 768 1599 οὐδὲν
782 1525 867 1616 πρὸς
877 1533 983 1595 ταῦτα
996 1522 1201 1613 ἀμειψόμε-

61 1709 64 1714 ,
173 1654 233 1707 νος
245 1625 297 1715 ήλε
311 1630 364 1697 έπλ
378 1625 441 1715 τήν
453 1631 513 1697 νέα
526 1626 589 1715 τήν
598 1624 829 1716 Εὐρυβιάδεω.
850 1624 1067 1713 ἀπικόμενος
1080 1626 1124 1693 δὲ
1137 1630 1200 1709 ἔφη

173 1728 305 1796 ἐθέλειν
315 1732 350 1797 οί
358 1727 475 1797 κοινόν
485 1754 516 1796 τι
528 1733 663 1815 πρῆγμα
678 1732 844 1815 συμμίξαι.
869 1724 887 1796 ὁ
902 1724 934 1795 δ’
949 1722 1068 1794 αὐτὸν
1087 1728 1128 1805 ές
1139 1720 1198 1809 τήν

171 1831 232 1896 νέα
246 1830 378 1898 ἐκέλευε
391 1829 535 1917 έσβάντα
545 1830 667 1915 λέγειν,
683 1838 716 1897 εί
724 1854 755 1897 τι
769 1826 885 1897 ἐθέλει.
914 1830 1080 1895 έυθαῦτα
1097 1818 1119 1893 ὁ
1135 1833 1197 1893 Θε-
1242 1852 1243 1863 ’

170 1932 364 2015 μιστοκλέης
383 1927 603 2017 παριζόμενός
620 1932 654 1998 οί
672 1932 844 2016 καταλέγει
865 1926 980 1997 έκεῑνά
1003 1953 1043 1996 τε
1067 1926 1198 2010 πάντα,

168 2027 209 2096 τὰ
226 2028 350 2117 ήκουσε
370 2035 608 2116 Μνησιφίλου,
633 2033 760 2099 ἑωυτοῦ
781 2029 1002 2116 ποιεόμενος,
1026 2031 1092 2097 καὶ
1109 2025 1198 2096 ἄλλα
1242 2041 1243 2076 ³

168 2126 274 2196 πολλά
289 2131 497 2215 προστεθεὶς,
513 2130 546 2207 ές
561 2125 580 2195 δ
594 2126 763 2214 ἀνέγνωσε
773 2134 915 2217 χρηΐζων
926 2133 964 2196 ἐκ
978 2153 1018 2195 τε
1033 2134 1102 2216 τής
1119 2123 1199 2205 νεδς

167 2229 304 2315 ἐκβῆναι
324 2230 477 2307 συλλέξαι
490 2253 527 2295 τε
545 2225 625 2307 τοδς
645 2225 849 2316 στρατηγοὺς
869 2229 903 2307 ές
922 2224 960 2294 τὰ
984 2229 1196 2316 συνέδριον.

117 2343 152 2399 59
163 2321 221 2403 Ὡς
237 2330 273 2394 δὲ
287 2323 353 2414 ἀρα
368 2332 635 2414 συνελέχθησαν,
651 2328 732 2415 πρίν
747 2322 770 2414 ή
783 2324 844 2394 τὸν
854 2323 1093 2415 Εὐρυβιάδην
1106 2350 1198 2412 προ·

163 2435 277 2495 θεῖναι
288 2425 457 2515 τὸνλόγον
466 2435 535 2496 τῶν
545 2430 675 2497 εἵνεκεν
683 2428 852 2516 συνήγαγε
863 2425 943 2507 τοδς
954 2427 1196 2518 στρατηγούς,

163 2523 286 2606 πολλδς
296 2518 341 2615 ήν
351 2522 661 2615 δΘεμιστοκλὲηςέν
670 2540 756 2595 τοῖσι
768 2526 898 2612 λόγοισι
911 2520 966 2594 οἷα
977 2525 1099 2613 κάρτα
1114 2525 1196 2594 δεό-

162 2649 271 2708 μενος.
295 2629 450 2714 λέγοντος
465 2625 501 2695 δὲ
515 2622 622 2693 αὐτοῦ
637 2623 655 2694 ὁ
670 2633 854 2713 Κορίνθιος
869 2623 1065 2712 στρατηγὸς
1078 2623 1196 2695 Ἀδεί-

161 2749 286 2807 μαντος
299 2722 317 2791 ὁ
330 2723 474 2793 Ὠκύτου
490 2723 577 2794 εἶπε·
594 2719 635 2793 ’.Ω
647 2726 895 2812 Θεμιστόκλεες,
911 2728 949 2794 ἐν
964 2739 1059 2794 τοῖσι
1075 2721 1193 2812 ἀγῶσι

161 2827 195 2889 οί
204 2823 521 2910 προεξανιστάμενοι
532 2827 732 2912 ῥαπίζονται.
756 2821 823 2892 ὁδδ
841 2819 1089 2910 ἀπολυόμενος
1103 2830 1192 2912 ἔφη·

111 2934 146 2988 60
163 2925 208 2988 Οί
220 2922 259 2989 δέ
272 2947 310 3009 γε
327 2923 639 3012 ἐγκαταλειπόμενοι
655 2923 697 2994 οὔ
713 2928 968 3013 στεφανοῦνται.
1009 2927 1107 2996 Τότε
1128 2927 1193 3016 μὲν

159 3016 264 3106 ήπίως
276 3018 361 3104 πρὸς
380 3020 441 3092 τὸν
454 3030 644 3110 Κορίνθιον
660 3022 838 3113 ἀμείψατο,
859 3022 945 3110 πρδς
966 3027 1005 3094 δὲ
1025 3024 1099 3095 τόυ
1115 3025 1192 3096 Εὐ-

158 3117 427 3208 ρυβιάδηνέλεγε
444 3125 582 3192 ἐκείνων
596 3126 658 3211 μέν
673 3121 785 3193 οόκέτι
800 3122 902 3192 οὐδὲν
915 3130 988 3192 τῶν
1002 3127 1191 3216 πρότερον
1242 3113 1243 3132 ³

157 3216 362 3307 λεχθέντων,
385 3217 429 3300 ὥς
449 3218 552 3290 έπεάν
572 3219 755 3308 ἀπαείρωσι
777 3221 842 3292 ἀπδ
857 3231 1080 3314 Σαλαμῖνος,
1108 3233 1190 3296 διοι-

157 3312 353 3400 δρήοονται·
373 3321 571 3408 παρεόντων
583 3321 649 3409 γάρ
660 3329 729 3391 τῶν
743 3322 927 3410 συμμάχων
943 3320 1010 3392 οὐκ
1022 3329 1146 3413 ἔφερέ
1156 3328 1191 3394 ολ

155 3408 282 3498 κόσμον
297 3413 420 3486 οάδένα
439 3423 671 3507 κατηγορέειν·
697 3416 715 3488 ὁ
739 3421 775 3490 δὲ
795 3419 901 3489 ἀλλον
921 3421 1035 3508 λόγου
1055 3433 1188 3512 εἴχετο,
