2500 3925
365 292 452 351 ΗΒ.
483 292 528 349 ΠΙ.
561 292 660 350 CAP.
693 296 834 356 87-91.
1030 290 1091 355 ΠΜ

108 443 193 516 ούόέν
204 447 317 535 φόρου
332 452 427 537 κέρι,
446 446 531 518 ἀλλά
552 454 644 538 δῶρα
664 448 816 539 ἀγίνεον·
839 451 895 521 όιά
916 454 953 521 δὲ
965 452 1093 539 ταύτην

107 542 158 631 τήν
168 550 312 628 ἐπίταξιν
324 555 387 616 τού
400 547 513 636 φόρου
523 550 578 617 καὶ
592 550 807 640 παραπλήσια
820 550 925 640 ταύτης
938 547 1023 618 ἀλλα
1036 550 1092 617 λέ-

104 667 188 732 γουσι
200 649 347 735 Πέρσαι,
371 644 416 726 ῶς
431 657 575 731 Δαρεῖος
590 649 654 734 μὲν
667 640 712 737 ήυ
727 647 891 736 κάαηλος,
908 645 1092 735 Καμβύσης

103 744 133 813 λέ
150 748 327 835 δεσπότης,
347 753 462 831 Κῦρος
486 746 523 815 δὲ
544 745 671 836 πατὴρ,
692 744 710 817 ὁ
732 752 812 835 μὲν,
834 744 887 816 ὅτι
907 743 1093 833 έκατήλευε

101 841 197 912 τάυια
210 842 253 913 τά
266 846 462 933 πρήγματα,
485 841 504 914 ὁ
519 846 557 913 δὲ
571 842 623 913 ὅτι
637 845 779 931 χαλεαός
794 872 830 913 τε
844 836 888 932 ήν
903 846 958 913 καί
971 840 1093 929 ὀλίγω-

102 966 164 1027 ρος,
185 939 261 1012 ὁδὶ
287 940 338 1012 ότι
359 939 458 1030 ήιτιός
479 970 516 1011 τε
539 943 596 1011 καὶ
614 938 736 1028 ἀγαθά
758 962 818 1030 σφι
844 944 954 1013 ττάντα
970 944 1093 1031 έμηχα-
1151 970 1155 978 ·

101 1039 220 1127 νήσαιο.
263 1037 344 1109 ’Λιιό
359 1040 421 1128 μὲν
435 1039 476 1129 δή
493 1039 617 1111 Ἰῶνων
638 1044 693 1111 καὶ
707 1040 902 1131 Μαγνήτων
916 1047 986 1111 τῶν
999 1042 1037 1109 έν
1051 1044 1092 1128 τῇ
1106 1056 1141 1111 90

97 1134 176 1229 ’Λσίη
189 1143 246 1209 καί
260 1142 413 1209 Αἰολέων
425 1142 481 1208 καὶ
497 1146 623 1227 Καρῶν
639 1143 695 1209 καὶ
710 1146 847 1210 Λυκίων
862 1140 918 1209 καί
928 1140 1092 1209 Μιλυέων

98 1240 145 1306 καί
156 1239 358 1326 Παμφύλων
375 1234 437 1329 (εἷς
452 1236 517 1326 γάρ
531 1231 577 1327 ήν
593 1243 629 1308 οί
642 1241 840 1327 τεταγμένος
854 1238 960 1326 φόρος
977 1229 1090 1317 οὗτος)

97 1335 226 1423 προσήιε
243 1337 440 1423 τετρακόσια
459 1338 606 1406 τάλαντα
623 1334 798 1425 ἀργυρίου.
827 1334 924 1426 ὁμέν
938 1333 979 1422 δή
997 1340 1091 1422 αρῶ-

96 1458 144 1512 τος
168 1426 271 1515 ούτός
297 1440 333 1505 οί
354 1432 459 1524 νομός
482 1436 695 1525 κατεστήκεε·
727 1431 793 1505 ἀκό
820 1434 858 1503 δὲ
877 1440 1012 1503 Μυσῶν
1036 1436 1092 1501 καὶ

95 1535 209 1599 Λυδῶν
223 1536 282 1601 καί
291 1540 470 1603 Λασονίων
483 1536 539 1603 καί
548 1539 730 1622 Καβαλέων
744 1534 800 1603 καί
811 1529 994 1621 ’Πγευνέων
1008 1556 1092 1600 στεν-

95 1630 225 1699 τακόσια
246 1629 409 1701 τάλαντα·
437 1630 542 1720 νομός
564 1632 721 1718 δεύτερος
743 1622 851 1711 οὗτος.
884 1627 951 1700 ἀπό
969 1627 1092 1699 om-

96 1735 300 1815 λησιιοντίων
315 1737 384 1797 τῶν
405 1732 457 1799 έιτί
477 1728 568 1811 δεξιὰ
592 1727 776 1798 έσαλῶοντι
797 1730 853 1799 καὶ
867 1734 1013 1817 Φρυγῶν
1036 1729 1092 1797 καὶ

94 1832 245 1913 Θρηίκων
259 1834 328 1896 τῶν
343 1831 379 1896 έν
393 1836 433 1917 τῇ
445 1826 536 1918 ’Λσίη
547 1831 602 1898 καί
611 1826 852 1915 Παφλαγόνων
865 1830 920 1896 καί
931 1835 1093 1914 Μαριαν-

94 1928 201 1995 έυυῶυ
218 1928 276 1996 καὶ
292 1933 432 2012 Συρίων
446 1927 605 2016 ἑξήκοντα
626 1930 683 1998 καί
697 1926 872 2016 τριηκόσια
887 1918 931 2015 ήυ
946 1925 1091 1995 ια’λαυτα

95 2025 209 2108 φόρος·
238 2024 344 2112 νομός
359 2035 469 2114 τρίτος
489 2020 595 2106 ούτυς.
630 2023 697 2095 ἀπὸ
718 2024 754 2094 δέ
770 2032 920 2095 Κιλίκων
940 2027 1037 2094 ἵααοι
1056 2050 1092 2094 τε

93 2127 200 2193 λευκοί
215 2125 377 2212 ἑξήκοντα
391 2127 446 2194 καὶ
460 2123 664 2214 τριηκόσιοι,
687 2124 826 2212 έκοὶστης
840 2121 965 2212 ἡμέρης
980 2114 1026 2204 εἷς
1038 2149 1091 2210 γι-

93 2220 246 2309 νόμενος,
267 2225 322 2291 καὶ
336 2222 481 2293 τάλαντα
498 2221 665 2311 ἀργυρίου
679 2223 890 2292 πεντακόσια,
911 2221 1041 2292 τούτων
1055 2222 1093 2290 δὲ

92 2321 331 2405 τεσσεράκοντα
346 2323 408 2408 μέν
421 2325 478 2392 καί
488 2318 608 2390 ἑκατόν
618 2324 652 2400 ές
661 2318 724 2407 τήν
735 2323 973 2409 φρουρέουσαν
986 2325 1092 2390 ἰἀκου

91 2417 147 2506 τήν
162 2426 323 2506 Κιλικίην
338 2420 451 2508 χῶρην
465 2417 703 2506 ἀναισιμοῦτο,
724 2417 765 2487 τά
782 2419 818 2488 δέ
838 2419 1013 2507 τριηκόσια
1035 2421 1090 2487 καί

91 2519 247 2607 ἑξήκοντα
257 2525 392 2610 Δαρείφ
407 2521 538 2604 έφοίτα·
561 2513 665 2604 νομός
675 2518 828 2604 τέταρτος
841 2509 948 2596 οὗτος.
971 2513 1038 2586 ἀτό
1053 2517 1088 2585 δέ
1104 2524 1136 2580 91

91 2623 292 2706 Ποσειόηίου
305 2619 439 2705 πόλιος,
459 2615 522 2705 τήν
535 2615 730 2705 Ἀμφίλοχος
745 2615 764 2686 ὁ
777 2615 967 2708 ’Λμφιάρεοι
984 2627 1090 2688 οίκισε

91 2715 139 2785 ἔτ’
165 2716 301 2804 οὔροισι
324 2732 410 2786 τοῖσι
430 2724 579 2786 Κιλίκων
603 2743 640 2786 τε
661 2719 718 2785 καλ
736 2717 879 2803 Σύρων,
900 2713 1089 2805 ἀρξάμενον
1141 2717 1144 2723 ’

92 2817 152 2888 ἀπό
167 2819 292 2904 ταύτης
306 2822 402 2907 μέχρι
416 2819 609 2907 Λίγύιιτου,
625 2815 714 2906 ιτλήυ
725 2825 843 2906 μοίρης
856 2825 914 2905 τής
927 2815 1090 2905 ’Λραβίων
1141 2883 1147 2895 ,

91 2927 205 3007 (ταῦτα
225 2918 292 3006 γὰρ
312 2911 357 3006 ἦν
378 2916 525 3004 ἀτελέα),
547 2917 754 3007 πεντήκοντα
774 2920 830 2987 καί
844 2915 1016 3004 τριηκόσια
1030 2913 1090 2981 τά-

91 3027 192 3087 λαυτα
207 3018 314 3107 φόρος
328 3010 388 3105 ήν·
411 3024 481 3087 ἔστι
495 3021 532 3087 δὲ
547 3021 585 3088 έν
602 3025 649 3109 τῶ
670 3025 763 3110 νομῷ
776 3017 884 3110 τούτφ
899 3021 1041 3101 Φοινίκη
1054 3041 1089 3082 τε

91 3124 177 3186 πᾶσα
197 3123 253 3188 καὶ
266 3125 378 3205 Συρίη
398 3114 419 3206 ή
434 3125 640 3206 Παλαιστίνη
658 3121 840 3204 καλεομένη
862 3117 917 3185 καὶ
934 3113 1088 3199 Κύπρος·

92 3213 192 3302 νομός
205 3219 351 3304 κέμτιτος
362 3209 469 3297 οὗτος.
494 3215 553 3287 ἀπ’
564 3218 741 3304 Λίγύτιτου
757 3218 792 3285 δὲ
803 3217 859 3285 καὶ
869 3212 1008 3303 Λιβύων
1021 3219 1089 3281 τῶν

91 3317 277 3401 προσεχέων
287 3314 448 3408 Λίγύιιτφ
463 3319 519 3386 καί
529 3317 689 3404 Κυρήνης
703 3341 738 3386 τε
752 3315 807 3384 καὶ
817 3312 950 3401 Βάρκης
965 3315 1013 3395 (ές
1023 3309 1088 3400 γάρ

91 3407 148 3477 τόν
173 3412 360 3498 Αίγύπτιον
391 3410 499 3500 νομὸν
531 3406 631 3482 αύται
656 3414 889 3496 ἐκεκοσμέατο)
910 3412 1089 3480 ἑπτακόσια

93 3509 228 3594 προσήιε
241 3508 406 3596 τάλαντα,
425 3511 529 3598 ιτάρεξ
544 3517 605 3579 τοῦ
620 3513 657 3578 έκ
671 3515 729 3594 τῆς
744 3511 889 3588 Μοίριος
904 3511 1020 3591 λίμνης
1035 3530 1089 3589 7⁵·
