2500 3925
117 245 177 309 102
490 253 743 313 HERODOTI

114 415 182 478 τῶν
195 417 312 497 μηνῶν
326 406 346 498 ἡ
359 408 457 498 λοιπη
471 418 563 480 πᾶσα
574 411 674 498 Ἀσίη.
697 411 787 482 οὕτω
800 421 995 502 τριτημορίη
1010 412 1031 503 ἡ
1044 412 1118 484 Ἀσ-

114 516 214 599 συρίη
228 508 319 597 χάρη
333 517 374 599 τῇ
389 511 514 597 δυνάμι
527 518 585 599 τῆς
598 508 701 599 άλλης
716 509 831 601 Ἀσίης.
854 515 910 584 καί
928 543 949 602 η
964 511 1047 602 ἀρχὴ
1062 522 1118 601 τῆς

113 607 222 696 χάρης
236 609 386 729 ταύτης,
391 605 455 696 την
465 635 497 678 οι
490 612 637 698 ’Πέρσαι
648 618 857 699 σατραπηίην
867 615 1067 699 καλέουσι,’
1050 614 1115 680 εστι

114 706 271 777 ἁπασέων
285 714 354 776 τάν
367 705 497 795 ἀρχέων
506 709 634 779 πολλόν
646 736 677 778 τι
688 708 897 831 κρατίστη,;
877 737 961 779 οκου
975 718 1116 797 Τριταν

115 812 274 899 ταίχμη
242 834 288 874 τω
274 803 501 894 Ἀρταβάζου
512 810 549 876 ἐκ
559 813 713 895 βασιλέος
724 815 832 896 ἔχοντι
845 836 906 879 τον
915 807 1024 897 νομόν
1037 818 1112 879 τοῦ·

115 935 174 976 τον
188 906 354 1024 ἀργυρίου
366 907 428 995 μέν
438 909 579 995 προσήιε
589 909 729 997 ἑκάστης
738 907 862 1036 ἡμέρης
876 908 1004 998 ἀρτάβη
1015 910 1115 997 μεστη

113 1016 150 1095 (η
113 1003 202 1092 (δέ
217 1004 346 1096 ἀρτάβη
360 1011 483 1094 μέτρον
497 1005 556 1077 ἐὰν
564 1007 736 1095 Περσικόν
745 1013 862 1097 χωρέει
872 1007 1054 1096 μεδίμνου’
1048 1021 1117 1078 Ατ-

113 1113 210 1175 τικοῦ
232 1110 335 1176 πλέον
349 1111 469 1193 χοίνιξι
488 1109 576 1194 τρισί
586 1104 781 1196 Ἀττικῇσι),
802 1111 899 1176 ’ίπποι
913 1110 952 1176 δέ
965 1111 1000 1176 οἱ
1012 1105 1116 1176 αὐτοῦ
1222 1173 1229 1192 ,

112 1198 200 1292 ἦσαν
220 1209 303 1294 ἰδίη,
323 1205 428 1290 πάρεξ
448 1212 516 1273 τῶν
535 1213 817 1292 πολεμιστηρίων,
839 1211 874 1276 οί
893 1208 955 1294 μέν
975 1204 1117 1292 ἀναβοί·

112 1329 229 1382 νοντες
242 1298 301 1380 τάς
313 1303 438 1389 θηλέας
452 1298 659 1390 ὀκτακόσιοι,
674 1307 711 1372 ac
723 1305 760 1372 δὲ
774 1303 970 1392 βαινόμεναι
986 1308 1118 1385 ἑξακισ-

73 1453 77 1460 ·
111 1410 212 1489 χίλιαι
233 1404 289 1471 καί
312 1401 445 1488 μύριαι·
467 1398 625 1488 ἀνέβαινε
643 1398 709 1486 γάρ
731 1405 867 1481 ἕκαστος
886 1410 954 1470 τῶν
969 1406 1111 1490 ἐρσένων

111 1498 242 1568 τούτων
257 1509 361 1568 εἰκοσι
376 1502 509 1577 ἵππους.
532 1505 649 1566 κυνῶν
663 1499 699 1566 δὲ
710 1497 860 1570 Ἰνδικῶν
874 1508 1014 1570 τοσοῦτο
1029 1499 1070 1587 δή
1084 1528 1113 1568 τι

114 1605 245 1685 πλῆθος
265 1599 437 1684 ἐτρέφετο,
460 1595 544 1666 ὥστε
556 1600 709 1684 τέσσερες
727 1606 795 1667 τῶν
815 1601 852 1668 έν
871 1605 916 1689 τῷ
932 1604 1034 1691 πεδίφ
1048 1608 1118 1668 κώ-

113 1722 174 1782 μαι
187 1693 328 1781 μεγάλαι
338 1701 407 1762 τῶν
417 1693 529 1765 ἀλλων
540 1697 656 1763 ἐοῦσαι
670 1692 798 1774 ἀτελέες
808 1710 894 1764 τοῖσι
905 1699 982 1766 κυσὶ
993 1720 1118 1784 προσε·

111 1791 267 1879 τετάχατο
288 1800 376 1862 σιτία
397 1796 563 1880 παρέχειν.
593 1801 730 1862 τοιαῦτα
754 1793 816 1881 μέν
836 1801 882 1885 τῷ
904 1794 1039 1882 ἀρχοντι
1057 1805 1116 1884 της

47 1908 95 1964 193
109 1900 312 1983 Βαβυλῶνος
324 1890 451 1980 ὑπῆρχε
465 1890 573 1960 ἐόντα.
595 1890 640 1960 ‘H
648 1891 684 1962 δὲ
693 1901 736 1981 γη
747 1900 815 1961 των
825 1890 1009 1979 Ἀσσυρίων
1019 1891 1114 1964 ὕεται

111 1994 173 2079 μὲν
196 1991 313 2084 όλίγςο,
337 1994 393 2061 καί
415 1989 453 2059 τδ
476 1994 640 2080 ἐκτρέφον
660 1990 723 2079 την
745 1996 838 2080 ῥίζαν
859 1999 920 2061 τοῦ
935 1998 1029 2060 σίτου
1046 1995 1116 2063 ἐστί
1138 2042 1143 2051 ·

111 2099 219 2159 τοῦτο.
244 2088 435 2176 ἀρδόμενον
456 2094 595 2212 μέντοι
584 2093 621 2159 ἐκ
642 2100 703 2159 του
717 2115 869 2177 ποταμου
856 2088 1066 2179 ἁδρύνεταί
1079 2118 1115 2161 τε

111 2185 149 2257 τό
164 2188 262 2277 ληίον
276 2192 332 2257 και
347 2194 565 2307 παραγίνεται
579 2185 598 2255 ὁ
614 2204 718 2275 σίτος,
741 2188 799 2276 οδ,
826 2187 972 2308 κατάπερ
1000 2192 1038 2259 ἐν
1051 2198 1117 2261 Ae-

110 2287 243 2379 γάπτφ,
265 2283 370 2354 αὐτον
384 2293 446 2356 τοῦ
460 2294 613 2375 ποταμοῦ
627 2280 868 2375 ἀναβαίνοντος
888 2288 970 2370 ἐς
932 2316 993 2369 τας
1007 2286 1116 2378 ἀρου·

111 2414 189 2471 ρας,
211 2381 294 2454 ἀλλά
317 2393 413 2473 χερσί
425 2412 460 2455 τε
477 2390 534 2455 καλ
550 2393 767 2473 κηλωνηίοισι
787 2384 980 2474 ἀρδόμενος.
1010 2416 1030 2477 η
1047 2416 1113 2476 γαρ

109 2489 309 2571 Βαβυλωνίη
333 2482 424 2571 χάρη
443 2492 552 2571 πάσα,
589 2481 737 2573 κατάπερ
764 2514 785 2574 η
804 2494 988 2574 Αίγυπτιη,
1009 2516 1115 2557 κατα-

108 2587 262 2669 τέτμηται
275 2585 309 2661 ἐς
323 2582 502 2672 διώρυχας·
524 2581 609 2654 καί
592 2611 613 2672 η
628 2592 765 2672 μεγίστη
778 2593 846 2654 τῶν
857 2584 1033 2672 διωρύχων
1044 2589 1116 2657 ἐστὶ

112 2682 365 2767 νηυσιπέρητος,
389 2680 474 2767 πρός
493 2680 810 2772 ἥλιοντετραμμένη
833 2682 893 2753 τὸν
911 2684 1116 2773 χειμερινὸν,

110 2785 213 2868 ἐσέχει
228 2782 265 2849 δὲ
289 2784 322 2859 ές
342 2779 446 2851 ἀλλον
470 2782 622 2870 ποταμόν
647 2788 684 2853 έιι
702 2792 764 2853 τοῦ
778 2782 981 2873 Εὐφρήτεω,
1005 2788 1038 2865 ἐς
1052 2783 1117 2854 τδν

112 2887 246 2965 Τίγριν,
270 2876 350 2963 παρ’
373 2877 413 2948 δν
425 2888 532 2961 Νίνος
550 2883 647 2961 πόλις
669 2894 791 3001 οἴκητο.
826 2890 895 2953 ἐστι
917 2885 953 2953 δέ
976 2888 1116 2970 χωρέων

108 2974 193 3064 αὕτη
209 2971 366 3045 ἁπασέων
379 3006 494 3070 μακρω
509 2978 627 3067 ἀρίστη
638 2988 706 3047 τῶν
719 2979 812 3067 ἡμεῖς
827 2986 923 3067 ίδμεν
933 2984 1117 3070 Δημητρος

108 3070 239 3195 καρπὸν
250 3073 476 3159 ἐκφέρειν.τά
487 3075 552 3164 γάρ
563 3076 604 3164 δη
616 3076 701 3147 ἀλλα
712 3081 851 3165 δένδρεα
865 3076 944 3148 οὐδὲ
958 3086 1117 3167 πειρᾶται

107 3170 214 3292 ἀρχην
229 3174 362 3260 φέρειν,
384 3172 462 3242 οὔτε
481 3180 607 3262 συκέην
624 3174 702 3243 οὔτε
723 3174 873 3262 άμπελον
892 3174 970 3245 οὔτε
985 3180 1113 3264 ἐλαίην.

106 3270 167 3342 τὸν
182 3270 219 3339 δὲ
234 3298 293 3357 της
305 3270 485 3361 Δήμητρος
505 3271 638 3359 καρπδν
653 3266 718 3342 ωδε
733 3271 845 3363 ἀγαθὴ
863 3278 1017 3363 ἐκφέρειν
1032 3278 1114 3365 ἐστὶ,

107 3371 191 3438 ωστε
209 3370 262 3437 ἐπὶ
281 3369 434 3457 διηκόσια
448 3368 566 3457 μὲν
531 3372 745 3463 τοπαράπαν
765 3370 935 3463 ἀποδιδοῖ,
953 3373 1056 3445 ἐπεάν
1076 3381 1115 3447 δε

105 3466 224 3555 ἀριστα
239 3465 322 3557 αὕτη
344 3472 468 3558 ἑωυτῆς
488 3473 616 3562 ἐνείκῃ,
640 3474 693 3543 έπί
712 3473 885 3562 τριηκόσια
901 3476 1043 3562 ἐκφέρει.
1070 3473 1110 3545 τά
