2500 3925
373 216 461 271 ιιι.
493 218 537 272 111.
571 216 670 277 cAP.
702 226 787 281 ιι-
800 229 844 285 ιι
1053 230 1116 297 237

110 396 175 441 τιον
207 378 270 444 καλ
304 372 397 466 ζῴων
418 376 664 461 ἐνυφασμένων
688 384 840 468 συχνῶν,
863 394 1116 477 κεκοσμημένον

108 468 273 563 δλχρυσςό
286 445 391 541 καλί
360 470 525 559 είρίοισι’
506 471 572 542 από
590 474 711 556 ξύλου·
732 486 801 547 τῶν
816 484 902 551 δὲ”
869 510 998 557 εινεκεν
1042 496 1115 559 θω-

108 571 200 654 μάσαι
227 569 343 658 ἄξιον,
372 569 592 691 ἁρπεδόνη
575 572 697 663 εκάστη
721 584 783 645 τοῦ
807 582 966 670 θώρηκος
990 590 1112 659 ποιίει

105 671 199 744 ἐοῦσα
219 668 289 756 γὰρ
309 668 412 791 λεπτη
434 676 500 757 ἔχει
521 669 711 759 ἁρπεδόνας
731 679 808 745 ἐν’
791 687 898 771 εωντῇ
920 694 1112 771 τριηκοσίας

105 771 151 837 καὶ
165 770 347 858 ἐξήκοντα,
364 771 473 849 πάσας
490 772 657 894 φανεράς
678 783 830 859 τοιοῦτος
845 782 958 867 ἕτερός
974 786 1042 851 ἐστι
1056 789 1112 854 καλ

104 866 155 935 τόν
175 871 215 936 ἐν
229 873 346 959 Λίνδῳ
363 867 511 957 ἀνέθηκε
525 878 566 960 τῇ
585 867 747 964 Ἀθηναίη
763 874 911 964 ’Ἀμασις
955 891 1113 952 Συνεπε-
1125 899 1160 955 48

104 966 243 1053 λάθοντο
260 967 298 1034 δὲ
314 972 376 1034 τοῦ
396 967 642 1054 στρατεύματος
663 977 725 1038 τοῦ
745 974 799 1042 ἐπλ
812 976 972 1063 Σάμον’
951 978 1036 1047 εόστε
1052 1006 1110 1068 γε-

106 1065 218 1132 νέσθαι
235 1068 292 1131 καλ
306 1072 488 1151 Κορίνθιοι
508 1067 712 1155 προθύμως
741 1069 890 1160 ὕβρισμα
909 1074 975 1163 γάρ
996 1080 1051 1147 καλ
1075 1080 1110 1159 ίς

104 1174 237 1255 νούσους
261 1171 330 1261 εἶχε
354 1176 391 1241 ἐκ
413 1178 485 1241 τόν
509 1180 653 1261 Σαμίων
674 1172 859 1262 γενόμενον
884 1185 980 1267 τρίτη
1006 1183 1108 1267 γενεῇ

106 1274 261 1363 πρότερον
274 1280 336 1342 τού
350 1272 593 1361 στρατεύματος
610 1274 745 1361 τούτου,
765 1274 861 1364 [κατὰ
880 1278 916 1345 δὲ
928 1277 988 1346 τόν
1001 1274 1109 1348 αύτόν

106 1376 223 1464 χρόνον
235 1380 298 1444 τού
316 1380 479 1464 κρητῆρος
486 1380 529 1462 τῇ
542 1373 680 1465 ἁρπαγῇ
697 1375 858 1465 γεγονός].
889 1385 1109 1466 Κερκυραίων

105 1476 164 1566 γὰρ
181 1482 304 1555 παῖδας
321 1482 531 1565 τριηκοσίους
550 1474 686 1563 ἀνδρῶν
704 1482 772 1544 τῶν
795 1476 941 1564 πρύτωυ
959 1488 1104 1565 Περίαν-

104 1584 177 1664 δρος
194 1577 212 1646 6
230 1579 393 1658 Κυψέλου
419 1579 451 1656 ἐς
470 1576 599 1664 Σάρδις
624 1576 798 1664 ἀπέπεμψε
821 1574 903 1665 παρ’
924 1576 1109 1667 Ἀλυάττην

106 1676 150 1745 ἐν’
170 1682 307 1801 ἐκτρμῄ
326 1676 626 1765 προσσχόντωνδλ
651 1676 762 1764 ἐςτὴν
780 1679 898 1768 Σάμον
916 1687 986 1748 τάν
1003 1677 1108 1765 άγόν-

106 1806 166 1846 των
182 1778 262 1859 τούς
281 1783 404 1857 παῖδας
422 1785 637 1865 Κορινθίων,
656 1778 845 1868 πυθόμενοι
862 1784 899 1849 οἱ
913 1781 1035 1860 Σάμιοι
1054 1777 1107 1848 ἐπ’

107 1876 164 1947 οἷσι
171 1875 309 1999 ἁγοίατο
320 1880 354 1957 ἐς
365 1869 514 1967 Σάρδις,
525 1885 640 1966 πρῶτα
652 1882 714 1966 μὲν
725 1878 805 1958 τούς
815 1884 936 1957 παῖδας
950 1881 1105 1958 ἐδίδαξαν

107 1984 174 2064 ιροῦ
189 1977 343 2060 ἅψασθαι
356 1975 560 2066 Ἀρτέμιδος,
582 2005 665 2065 μετα
654 1973 718 2047 δὲ
733 2006 776 2047 ου
764 1975 1057 2099 ’τιεριορίρντες’
1039 2003 1105 2047 απ-

108 2080 204 2146 ίλκειν
223 2074 304 2155 τούς
324 2080 433 2156 ικίτας
450 2080 487 2146 ἐκ
506 2084 569 2146 τού
582 2083 678 2163 ίροῦ,
701 2085 817 2146 σιτίων
833 2077 870 2146 δὲ
883 2075 963 2158 τούς
983 2081 1105 2158 παῖδας

107 2175 263 2263 ἐργόντων
279 2183 494 2263 Κορινθίων,
516 2178 715 2264 ἐποιήσαντο
734 2202 765 2246 οι
757 2176 937 2265 ’Σάμιοι“
922 2182 1043 2267 ορτήν,
1064 2185 1104 2267 τῇ

108 2280 154 2346 καλ
171 2284 235 2346 νῦν
249 2283 296 2345 ἔτι
312 2279 465 2364 χρίονται
480 2274 564 2345 κατὰ
579 2273 701 2344 ταύτά·
723 2274 847 2356 νυκτός
862 2275 928 2365 γάρ
949 2280 1104 2364 ἐπιγενο-

109 2382 211 2465 μένης,
227 2378 311 2446 ὅσον
326 2367 451 2465 χρόνον
466 2381 617 2445 ίκέτευον
632 2380 666 2444 ot
677 2381 808 2460 παῖδες,
824 2381 964 2445 ἵστασαν
978 2374 1101 2465 χορούς

109 2479 276 2564 παρθένων
290 2505 326 2546 τε
341 2479 397 2546 καλ
410 2474 549 2565 ἠιθέων,
564 2477 714 2555 ἱστάντες
729 2475 766 2545 δὲ
780 2475 860 2556 τούς
874 2474 996 2565 χορούς
1012 2503 1100 2566 τρω-

109 2573 159 2642 κτὰ
177 2575 329 2662 σησάμου
352 2603 387 2644 τε
412 2577 468 2644 καλ
492 2580 624 2664 μέλιτος
644 2574 844 2662 ἐποιήσαντο
868 2573 976 2662 νόμον
1002 2580 1103 2664 φέρε-

110 2685 193 2762 σθαι,
209 2679 266 2742 ἵνα
281 2671 484 2761 ἁρπάζοντες
500 2680 534 2743 oc
545 2681 613 2742 τῶν
628 2678 849 2761 Κερκυραίων
862 2679 977 2754 παῖδες
995 2679 1103 2760 ἔχοιεν

111 2777 226 2864 τροφήν.
270 2780 303 2856 ἐς
320 2782 420 2863 τούτο
446 2773 585 2843 δὲτάδε
608 2776 755 2860 ἐγίνετο,
780 2769 851 2854 ἐςό
874 2777 908 2842 οί
925 2779 1103 2860 Κορίνθιοι

110 2881 165 2943 τόν
180 2883 312 2946 παίδων
335 2881 371 2946 οἱ
385 2875 529 2965 φύλακοι
547 2885 679 2962 οίχοντο
702 2871 939 2954 ἀπολιπόντες·
966 2873 1045 2952 τούς
1065 2871 1103 2940 δὲ

110 2976 250 3058 παῖδας’
232 2977 407 3065 απήγαγον
426 2979 459 3056 ἐς
477 2977 659 3065 Κέρκυραν
677 2978 713 3043 oc
728 2974 859 3063 Σάμιοι.
894 2979 941 3044 El
956 2975 1019 3059 μίν
1035 2999 1102 3039 νυν

110 3077 307 3196 Περιάνδρου
349 3077 608 3164 τελευτήσαντος
648 3089 733 3144 τοῖσι
777 3080 986 3161 Κορινθίοισι
1020 3078 1103 3158 φίλα

107 3166 142 3262 ἦν
156 3179 235 3269 πρὸς
252 3179 333 3260 τούς
351 3185 647 3267 Κερκυραίους,ο
629 3181 663 3246 οί
679 3171 774 3245 δὲ’
734 3203 799 3245 ουκ
817 3171 860 3242 άν
878 3171 1103 3258 συνελάβοντο

107 3285 156 3346 τού
188 3280 432 3370 στρατεύματος
467 3286 528 3347 τού
569 3277 625 3346 ἐπὶ
659 3277 777 3365 Σάμον
812 3275 933 3362 ταύτης
974 3278 1102 3342 εἵνεκεν

108 3384 155 3465 τῆς
170 3388 283 3469 αἰτίης.
324 3388 390 3450 νῦν
414 3381 452 3449 δὲ
477 3386 514 3448 αί
500 3380 543 3448 ίελ
574 3382 650 3448 ἐπεί
676 3405 712 3446 τε
736 3382 874 3445 ἔκτισαν
897 3402 958 3461 την
981 3381 1101 3460 νῆσον,

110 3483 164 3548 εἰσὶ
195 3483 357 3570 διάφοροι.
407 3480 536 3550 τούτων
572 3471 620 3546 ὧν
656 3481 783 3545 εἵνεκεν
811 3472 1100 3560 ἀπεμνησικάκεον
