2500 3925
269 228 355 287 LIB.
385 228 454 285 vm.
490 228 591 288 cAP.
628 234 809 305 1³6-140,
827 242 854 295 1.
1004 234 1064 297 283

33 416 178 479 γραφει
199 397 239 479 τῇ
260 395 404 478 μαχαίρῃ
424 390 457 466 ἐς
478 385 515 455 τὸ
533 392 657 474 ἔδαφος
678 396 740 456 τοῦ
756 399 852 460 οίκου
872 392 934 462 τόν
954 394 1064 483 ἥλιον,

33 487 263 576 περιγράψας
271 488 319 574 δέ,
328 490 361 565 ἐς
370 484 432 555 τὸν
439 485 570 553 ’κόλπον
581 487 652 571 τρὶς
662 483 875 573 ἀρυσάμενος
885 500 947 560 τοῦ
954 492 1063 582 ἡλίου,

33 588 283 658 ἀπαλλάσσετο
305 584 406 664 αι’πός
420 610 456 653 τε
476 586 531 652 καί
552 588 587 651 οί
604 581 676 669 μετ’
694 589 835 654 ἐκείνου.
875 593 919 657 Οἱ
939 593 1001 677 μέν
1022 589 1063 679 δὴ
1087 614 1137 670 138

35 685 212 774 ἀπηεσαν,
225 693 272 778 τῷ
287 686 323 755 δέ
337 685 468 772 βασιλέϊ
477 689 633 770 σημαίνει
646 708 696 762 τις
705 691 774 751 τῶν
785 690 973 777 παρέδρων,
990 686 1064 759 οἷόν

37 811 71 852 τι
90 790 209 871 χρῆμα
223 782 373 870 ποιήσειε
384 780 492 859 ὀπαῖς
505 783 560 847 καὶ
576 777 621 858 ὥς
632 777 698 848 σύν
710 780 780 874 νόφ
791 784 930 853 ἐκείνων
944 784 962 854 ό
975 790 1062 856 νεά·

38 908 146 961 τατος
162 881 263 969 λάβοι
279 879 320 949 τά
335 880 504 966 διδόμενα.
528 875 596 947 ὁδέ
608 886 713 946 ταῦτα
729 878 877 963 ἀκούσας
891 888 946 954 καὶ
961 884 1055 967 ὀξυν·

39 984 121 1060 θείς
136 983 260 1067 πέμπει
275 978 327 1049 ἐπ’
343 978 468 1059 αύτούς
481 982 601 1057 ἱππέας
614 976 827 1062 ἀπολέοντας.
863 986 1011 1074 ποταμός
1025 990 1066 1056 δέ

40 1084 116 1148 ἐστι
138 1083 178 1148 ἐν
192 1086 233 1169 τῇ
247 1080 339 1169 χάρη
356 1081 476 1169 ταύτῃ,
497 1084 545 1169 τῷ
563 1079 691 1147 θύουσι
712 1084 747 1148 οί
764 1082 895 1151 τούτων
913 1092 982 1154 τῶν
998 1084 1061 1154 ἀν·
1177 1092 1180 1101 “

41 1187 141 1268 δρῶν
155 1178 362 1267 ἀπ”Ἀργεος
375 1178 540 1268 ἀπόγονοι
555 1186 689 1271 σωτῆρι.
714 1173 830 1269 οὗτος,
855 1186 974 1253 ἐπείτε
990 1190 1059 1254 διέ-

42 1289 159 1367 βησαν
174 1284 209 1350 οί
226 1276 423 1368 Τημενίδαι,
446 1282 548 1368 μέγας
565 1276 655 1347 οὕτω
676 1279 781 1367 ἐρρύη
797 1279 883 1349 ἀσιε
903 1280 982 1363 τούς
1003 1286 1019 1352 ί
1041 1323 1060 1336 -

43 1383 130 1459 πίας
144 1378 190 1468 μη
204 1383 297 1460 οἵους
310 1407 346 1448 τε
360 1382 520 1467 γενέσθαι
534 1382 700 1466 διαβῆναι.
722 1383 755 1445 ολ
768 1380 804 1446 δὲ
816 1376 1014 1467 ἀπικόμενοι
1027 1384 1060 1459 ές

46 1477 158 1566 ἀλλην
180 1485 245 1567 γῆν
264 1485 322 1566 τῆς
335 1482 550 1565 Μακεδονίης
570 1486 713 1564 οἴκησαν
731 1480 832 1556 πέλας
851 1484 920 1545 τόν
939 1478 1059 1565 κήπων

46 1585 118 1645 τῶν
132 1580 326 1665 λεγομένων
341 1576 425 1648 εἶναι
437 1582 557 1646 Μίδεω
571 1582 632 1644 τοῦ
643 1579 802 1663 Γορδίεω,
820 1578 857 1645 ἐν
871 1591 956 1645 τοῖσι
971 1578 1058 1663 φύε·
1144 1605 1148 1615 “

46 1702 103 1742 ται
125 1673 297 1762 αὐτόματα
315 1677 401 1763 ῥόδα
407 1728 417 1762 ,
438 1680 476 1744 ἓν
495 1679 636 1758 ἕκαστον
656 1680 734 1761 ἐχον
755 1673 913 1761 ἐξήκοντα
934 1675 1057 1762 φύλλα,

49 1776 138 1865 ὀδμῇ
151 1804 187 1846 τε
201 1775 436 1866 ὑπερφέροντα
449 1785 518 1846 τῶν
533 1776 654 1846 ἀλλων.
679 1779 716 1845 ἐν
729 1776 878 1846 τούτοισι
893 1781 948 1845 καὶ
963 1773 1061 1845 &Et-¹

49 1875 152 1962 ληυός
173 1891 259 1945 τοῖσι
275 1878 411 1966 κη’ποισι
425 1876 512 1966 ἥλω,
538 1873 582 1956 ὡς
596 1880 726 1964 λέγεται
747 1874 814 1944 ὑπὸ
835 1876 1055 1947 Μακεδόνων.

53 1973 137 2058 ὑπὲρ
153 1978 189 2044 δὲ
200 1983 268 2044 τῶν
279 1977 398 2064 κη’πωυ
409 1971 510 2065 ούρος
519 1980 638 2063 κέεται,
656 1979 802 2065 Βέρμιον
813 1973 953 2064 ούνομα,
972 1974 1058 2064 ἀβα-

56 2097 112 2141 ιον
125 2072 191 2142 ύπό
208 2083 378 2163 χειμῶνος.
407 2078 569 2144 ἐνδεύιεν
583 2076 619 2144 δὲ
634 2073 850 2162 ὁρμεόμενοι,
873 2073 917 2155 ὡς
930 2074 1058 2162 ταύτην

54 2178 165 2260 ἔσχον,
181 2177 443 2262 κατεστρέφοντο
460 2177 514 2243 καὶ
528 2173 591 2261 τὴν
605 2173 711 2261 ἀλλην
722 2179 950 2263 Μακεδονίην.
977 2173 1056 2243 ’And
1077 2189 1127 2246 139

56 2269 175 2340 τούτου
196 2270 237 2358 δὴ
263 2280 324 2340 τοῦ
345 2279 539 2361 Περδίκκεω
560 2271 776 2361 Ἀλέξανδρος
798 2266 863 2342 ὦδε
887 2275 1056 2363 ἐγεγόνεε

52 2367 215 2457 Ἀμύντεω
235 2389 312 2452 παῖς
331 2369 376 2460 ἦν
392 2372 622 2462 Ἀλέξανδρος,
649 2373 812 2462 Ἀμύντης
833 2377 869 2443 δέ
890 2375 1055 2462 Ἀλκέτεω,

53 2465 204 2536 Ἀλκέτεω
215 2469 252 2537 δέ
262 2468 370 2558 πατὴρ
385 2465 430 2556 ἦν
439 2470 605 2559 Ἀέροπος,
621 2479 682 2539 τοῦ
694 2473 730 2539 δέ
742 2479 917 2558 Φίλιππος,
935 2480 1056 2542 Φιλίπ-

57 2593 122 2636 που
138 2569 173 2637 δέ
193 2566 360 2657 Ἀργαῖος,
380 2578 442 2640 τού
465 2571 501 2639 δὲ
521 2576 709 2659 Περδίκκης
730 2569 748 2640 ὁ
769 2571 975 2659 κτησάμενος
995 2571 1057 2660 τὴν

58 2693 166 2754 aemv-

133 2764 301 2854 Ἐγεγόυεε
311 2771 373 2857 μέν
383 2766 424 2857 δὴ
437 2760 503 2837 ὦδε
514 2767 729 2854 Ἀλέξανδρος
739 2765 758 2837 ὁ
770 2765 950 2858 Ἀμύντεω,
965 2767 1009 2850 ὡς
1020 2770 1057 2839 δέ
1076 2789 1126 2842 14λ

60 2863 186 2934 ἀπίκετο
205 2871 239 2947 ές
254 2866 320 2948 τάς
336 2865 480 2958 Ἀθήνας
502 2865 737 2955 ἀποπεμφθεὶς
757 2865 824 2935 ύπὸ
841 2875 1053 2958 Μαρδονίου,
1068 2879 1099 2960 α)

60 2969 144 3050 ἔλεγε
156 2965 249 3035 τάδε·
276 2966 414 3056 Ἀνδρες
429 2967 619 3057 Ἀθηναῖοι,
639 2967 837 3056 Μαρδόνιος
857 2969 937 3038 τάδε
950 2973 1056 3056 λέγει·

59 3059 140 3147 Ἐμοὶ
154 3062 288 3152 ἀγγελίη
301 3065 376 3155 ἥκει
386 3066 478 3156 παρά
489 3073 643 3156 βασιλέος
659 3074 804 3154 λέγουσα
826 3068 930 3136 οὕτω
956 3067 1058 3156 Ἀθη-

64 3171 175 3230 ναίοισι
189 3160 247 3243 τάς
262 3163 455 3254 ἁμαρτάδας
471 3166 530 3247 τάς
544 3169 577 3248 ἐξ
598 3170 737 3236 ἐκείνων
752 3168 785 3245 ἐς
803 3167 859 3253 ἐμὲ
876 3169 1058 3254 γενομένας

65 3260 161 3342 πόσας
173 3271 313 3352 μετίημι.
336 3274 402 3334 νύν
416 3294 452 3335 τε
464 3260 539 3353 ὦδε,
555 3267 743 3353 Μαρδόνιε,
759 3272 860 3334 ποίεε.
883 3266 1057 3351 τοῦτομὲν

65 3359 187 3450 ιηνγῆν
196 3383 258 3450 σφι
269 3362 405 3453 ἀπόδος,
420 3373 519 3434 τοῦτο
530 3367 567 3434 δέ
578 3364 685 3452 ἀλλην
695 3363 779 3454 πρός
793 3364 897 3455 ταύτῃ
909 3365 1058 3432 ἑλέσθων

67 3456 159 3547 αύτοί,
168 3458 286 3549 ἥντινα
297 3458 341 3530 ἀν
352 3466 504 3551 ἐθέλωσι,
516 3463 628 3544 ἐόντες
640 3462 831 3551 αὐτόνομοι.
856 3462 911 3552 ίρά
922 3489 958 3531 τε
969 3460 1059 3530 πάν-
