2500 3925
367 250 459 307 ΗΒ,
485 249 531 307 VI.
565 247 664 308 GAP.
696 255 837 314 70-75.
1066 249 1106 313 ⁹1

97 431 186 493 τεος,
202 409 238 476 οἵ
248 433 310 496 περ
325 406 413 495 εἶχον
424 411 581 494 μέγιστον
592 408 731 497 κράτος·
754 406 936 496 άγαγόντες
951 413 992 479 δέ
1003 432 1110 499 σφεας

97 509 130 587 ές
153 514 218 595 γῆν
239 506 300 597 τήν
316 504 467 593 Ἀττικήν
487 505 693 595 παραθήκην
717 508 950 578 κατατίθέαται
975 511 1009 588 ές
1028 506 1109 588 τούς

97 611 270 696 ἐχθίστους
280 607 479 697 Αἰγινήτῃσι
491 604 701 695 Ἀθηναίους.
724 606 820 677 Μετὰ
833 607 870 677 δέ
883 615 988 679 ταῦτα
998 617 1107 679 Κλεο-
1122 630 1156 688 74

97 709 198 792 μένεα
217 707 376 776 ἐπάιστον
391 705 577 793 γενόμενον
592 707 880 796 κακοτεχνήσαντα
895 709 928 786 ές
941 708 1108 796 Δημάρη-

96 835 157 877 τον
174 813 270 897 δεῖμα
294 815 392 897 ἔλαβε
407 810 663 895 Σπαρτιητέων,
684 810 740 877 καὶ
754 805 911 894 ὑπεξέσχε
926 810 960 887 ές
976 817 1108 877 Θεσσα-

95 912 182 994 λίην.
206 909 368 975 ἐνθεῦτεν
382 906 419 975 δέ
430 902 634 993 άπικόμενος
648 907 682 986 ές
692 903 755 994 τήν
764 903 943 994 Ἀρκαδίην
958 906 1107 993 νεύτερα

96 1010 241 1093 ἔπρησσε
251 1005 438 1095 πρήγματα,
448 1002 607 1084 σνντστὺς
618 1001 866 1093 τοὺςἈρκάδας
876 1009 930 1075 ἐπὶ
939 1013 979 1095 τῇ
987 1003 1108 1092 Σπάρ-

93 1131 145 1194 τη,
162 1100 285 1182 ἄλλους
295 1130 331 1172 τε
340 1103 465 1192 ὅρκους
476 1105 660 1192 προσάγων
671 1123 732 1191 σφι
742 1097 765 1191 ή
775 1106 838 1191 μέν
849 1107 995 1187 ἕψεσθαί
1002 1125 1108 1190 σφεας

94 1199 184 1292 αὐτῷ
195 1207 235 1293 τῇ
243 1194 286 1271 ἄν
295 1201 477 1292 ἐξηγέηται,
487 1202 544 1275 καλ
554 1200 596 1294 δή
605 1201 663 1275 καί
675 1203 893 1291 έςΝάνακριν
906 1202 1007 1272 πόλιν
1018 1202 1105 1287 πρό-

93 1309 206 1385 θυμος
218 1291 264 1387 ἦν
280 1308 348 1368 τῶν
365 1298 537 1389 Ἀρκάδων
551 1299 632 1380 τούς
648 1308 874 1389 προεστεῶτας
889 1299 1034 1389 ἀγινέων
1051 1303 1105 1380 έξ-

94 1404 221 1483 ορκοῦν
235 1394 273 1465 τό
289 1395 422 1485 Στυγός
436 1397 539 1486 ὕδωρ.
561 1400 599 1466 έν
610 1398 647 1465 δέ
661 1397 764 1485 ταύτη
774 1405 815 1488 τῇ
825 1397 904 1468 πόλι
913 1399 1042 1485 λέγεται
1057 1395 1104 1464 εί-

93 1522 150 1565 ναι
162 1494 217 1564 ὑτί
232 1494 404 1582 Ἀρκάδων
414 1496 451 1566 τό
458 1495 592 1584 Στυγός
604 1495 709 1585 ὕδωρ,
717 1500 772 1567 καὶ
784 1496 825 1586 δή
834 1501 888 1568 καί
894 1505 963 1568 ἔστι
972 1499 1106 1568 τοιόνδε
1153 1523 1157 1529 ·

94 1623 142 1666 τι·
164 1595 257 1685 ὕδωρ
275 1594 391 1684 ὀλίγον
409 1598 618 1686 φαινόμενον
633 1599 669 1666 έκ
684 1598 806 1685 πέτρης
820 1598 929 1680 στάζει
943 1600 977 1678 ές
990 1597 1105 1686 ἄγκος,

93 1692 131 1762 τό
149 1695 184 1763 δέ
199 1692 301 1781 άγκος
322 1700 477 1786 αίμασιής
491 1724 541 1777 τις
561 1699 713 1782 περιθέει
730 1697 863 1777 κύκλος.
889 1694 911 1785 ή
928 1697 964 1766 δὲ
978 1697 1106 1766 Νάνα-

93 1817 183 1880 κρις,
199 1794 237 1861 έν
251 1792 325 1884 τῇή
342 1793 431 1884 πηγή
448 1794 534 1883 αὑτη
550 1796 708 1883 τυγχάνει
725 1798 844 1883 ἐοῦσα,
859 1796 957 1876 πόλις
967 1797 1035 1866 ἐστὶ
1048 1803 1106 1884 τῆς

90 1890 264 1980 Ἀρκαδίης
274 1889 491 1988 πρὸςΦενεβ.
501 1894 1104 1984 ΜαθόντεςδέΛακεδαιμόνιοιΚλεο-
1120 1905 1153 1962 75

93 1995 196 2079 μένεα
215 1998 320 2061 ταῦτα
346 1995 541 2083 πρήσσοντα
561 2001 709 2083 κατῆγον
734 1992 840 2063 αὑτόν
863 2000 1032 2075 δείσαντες
1052 1996 1106 2063 έπί

94 2105 178 2160 τοῖσι
194 2088 323 2161 αὑτοῖσι
332 2096 364 2173 ές
373 2095 554 2183 Σπάρτην,
568 2110 654 2164 τοῖσι
665 2097 721 2164 καὶ
732 2095 899 2182 πρότερον
912 2088 1001 2183 ήρχε.
1024 2120 1106 2162 κατ·

97 2192 239 2262 ελθόντα
255 2194 291 2262 δέ
308 2192 414 2263 αὐτόν
434 2193 553 2265 αὐτίκα
568 2192 715 2284 ὑπέλαβε
731 2201 834 2283 μανίη
850 2200 989 2280 νοῦσος,
1005 2194 1104 2262 έόντα

96 2294 148 2362 καὶ
174 2291 340 2378 πρότερον
361 2291 656 2382 ὑπομαργότερον·
688 2292 775 2373 ὅκως
795 2291 861 2381 γάρ
885 2316 950 2385 τεφ
972 2290 1106 2377 ίντύχοι

92 2393 350 2479 Σπαρτιητέων,
371 2395 529 2480 ένέχρανε
549 2395 582 2472 ές
601 2389 640 2462 τό
661 2393 844 2478 πρόσωπον
863 2387 901 2457 τό
922 2394 1101 2475 σκῆπτρον.

94 2498 254 2559 ποιεῦντα
268 2493 304 2561 δὲ
315 2489 421 2561 αὐτόν
431 2500 535 2562 ταῦτα
548 2492 603 2561 καὶ
615 2490 925 2577 παραφρονήσαντα
936 2491 1060 2573 έδησαν
1071 2488 1106 2553 οί

94 2587 320 2676 προσήκοντες
335 2590 372 2657 έν
387 2586 491 2679 ξύλφ·
515 2586 583 2656 ὑδέ
597 2590 709 2667 δεθεὶς
721 2585 782 2654 τόν
797 2586 951 2674 φύλακον
966 2610 1104 2672 μουνω-

93 2688 199 2756 θέντα
216 2682 301 2754 ίδτδν
313 2690 382 2753 τῶν
397 2683 510 2755 ἄλλων
523 2694 611 2755 αίτεε
627 2685 812 2772 μάχαιραν,
836 2681 878 2753 οὑ
891 2687 1102 2772 βουλομένου

94 2788 130 2856 δέ
143 2784 184 2854 τά
198 2792 314 2871 πρῶτα
325 2794 386 2855 τοῦ
398 2786 556 2875 φυλάκου
571 2787 702 2855 διδόναι
715 2785 847 2875 ήπείλεε
860 2784 902 2854 τά
913 2811 972 2873 μιν
986 2787 1104 2862 λυθείς

93 2885 241 2973 ποιήσει,
257 2887 290 2965 ές
304 2882 324 2953 ὑ
341 2890 452 2965 δείσας
466 2883 525 2966 τάς
540 2883 679 2967 άπειλάς
693 2882 711 2955 δ
724 2885 875 2975 φύλακος
888 2878 948 2975 (ήν
958 2880 1023 2971 γάρ
1034 2890 1104 2951 τῶν

97 3008 144 3064 τις
159 2988 336 3072 εἱλωτέων)
352 2988 443 3055 διδοί
456 2990 491 3054 οί
501 2984 680 3074 μάχαιραν.
700 2986 891 3071 Κλεομένης
903 2982 938 3051 δέ
949 2988 1102 3067 παραλα-

94 3079 166 3170 βάν
180 3081 241 3151 τόν
256 3089 395 3173 σίδηρον
408 3082 525 3173 ήρχετο
541 3086 657 3154 έκτῶν
671 3085 825 3172 κνημέων
841 3079 969 3151 ἑωυτόν
978 3078 1104 3168 λωβεό-

93 3207 209 3268 μενος·
225 3183 417 3271 ἐπιτάμνων
426 3181 492 3272 γάρ
504 3179 588 3251 κατά
599 3189 704 3271 μήκος
714 3181 773 3263 τάς
784 3181 910 3268 σάρκας
923 3178 1102 3268 προέβαινε

94 3284 131 3349 έκ
147 3286 215 3349 τῶν
230 3286 385 3369 κνημέων
399 3286 432 3363 ές
446 3280 527 3363 τούς
540 3282 686 3370 μηρούς,
702 3285 739 3352 έκ
754 3286 791 3351 δέ
804 3287 873 3349 τῶν
887 3285 1004 3367 μηρῶν
1020 3283 1053 3358 ές
1066 3302 1103 3345 τε

92 3375 133 3454 τά
148 3382 235 3467 ίσχία
254 3378 382 3462 καὶτὰς
398 3381 567 3471 λαπάρας,
590 3385 623 3463 ές
644 3378 712 3461 ’δές
730 3379 793 3469 τήν
808 3379 952 3466 γαστέρα
968 3372 1103 3445 άπίκετο

96 3484 150 3550 καὶ
166 3480 292 3569 ταύτην
306 3480 561 3569 καταχορδεύων
583 3479 735 3550 άπέθανε
754 3478 866 3569 τρόπφ
881 3474 1040 3569 τοιούτφ,
1063 3473 1110 3557 ὥς
