2500 3925
333 264 420 322 LIB.
452 264 473 321 Ι.
508 262 608 319 cAP.
642 266 819 324 ἰδέ-158.
1038 254 1079 319 81

75 432 127 507 δες
139 430 294 504 Αἰολίδες
312 422 437 510 πόλιες,
453 424 515 503 ἔξω
529 426 598 491 τῶν
614 420 654 488 έν
667 416 787 509 τῇἼδη
796 424 1002 507 οἰκημένων·
1023 444 1082 488 κι-

76 528 252 613 γωρίδαται
264 518 330 609 γὰρ
345 512 463 589 αὗται·
491 523 528 588 αἰ
547 519 584 587 δὲ
600 514 660 597 τάς
680 516 806 605 νήσους
828 522 962 604 ἔχουσαι
982 518 1081 587 πέντε

76 622 132 708 μέν
154 618 270 699 πόλιες
292 616 356 707 τήν
369 617 502 707 Λέσβον
525 620 684 705 νέμονται
704 611 780 703 (τήν
793 611 859 704 γάρ
873 617 974 704 ἕκτην
988 619 1026 686 έν
1042 623 1082 707 τῇ

79 722 189 810 Λέσβῳ
201 719 398 805 οἰκεομένην
410 713 567 805 Ἀρίσβαν
577 711 832 803 ἠνδραπόδισαν
843 722 1082 803 Μηθυμναῖοι,

77 814 189 895 ἰόντας
203 812 395 904 ὁμαίμους),
412 817 450 884 έν
467 816 599 907 Τενέδῳ
613 814 652 881 δέ
665 818 724 900 μία
736 815 878 881 οἰκέεται
895 812 1009 901 πόλις,
1027 818 1083 884 καί

75 917 110 983 έν
132 919 210 1004 τῇσι
253 906 526 1001 Ἐκατοννήσοισι
550 912 772 1001 καλεομένῃσι
797 908 881 1000 ἀλλη
901 916 970 1000 μία.
1015 921 1085 983 Λε-

75 1020 198 1100 σβίοισι
211 1019 275 1101 μέν
288 1039 356 1081 νυν
371 1016 427 1083 καί
445 1016 631 1082 Τενεδίοισι
669 1010 755 1080 κατά
775 1036 839 1098 περ
850 1008 976 1082 Ἰαόνων
996 1028 1083 1083 τοῖσι

73 1107 128 1189 τάς
151 1107 282 1199 νήσους
306 1116 436 1198 έχουσι,
460 1104 505 1200 ήν
525 1107 641 1179 δεινδν
662 1108 773 1177 ουδέν.
805 1116 881 1199 τῇσι
895 1112 932 1181 δέ
945 1114 1084 1201 λοιπῇσι

73 1208 186 1278 πόλισι
198 1209 276 1278 ἕαδε
286 1208 481 1299 κοινῇἽωσι
491 1212 645 1295 ἕπεσθαι,
656 1214 697 1297 τῇ
714 1201 758 1275 ἀν
768 1199 864 1277 οὗτοι
874 1211 1080 1298 ἐξηγέωνται.

148 1304 212 1386 Ὡς
241 1306 277 1375 δέ
297 1303 457 1377 ἀπίκοντο
479 1309 513 1387 ές
534 1302 597 1395 τήν
611 1302 777 1391 Σπάρτην
797 1311 866 1374 τῶν
887 1304 1011 1377 Ἰοένων
1028 1309 1084 1377 καί
1098 1323 1148 1377 15²

75 1406 227 1475 Αἰολέων
243 1409 278 1475 οί
290 1403 425 1493 ἀγγελοι
437 1401 535 1491 (κατὰ
553 1401 618 1491 γάρ
635 1400 675 1490 δή
688 1402 787 1489 τάχος
802 1395 847 1492 ἦν
860 1413 965 1475 ταῦτα
975 1427 1084 1493 πρησ-

75 1500 227 1589 σόμενα),
251 1504 381 1571 εἵλοντο
394 1500 460 1591 πρό
477 1500 617 1570 πάντων
630 1499 748 1586 ’λέγειν
764 1497 826 1568 τόν
840 1505 1014 1591 Φωκαιέα,
1037 1513 1083 1595 τῷ

75 1598 206 1688 οὔνομα
226 1590 272 1688 ἦν
292 1598 484 1687 Πύθερμος.
524 1596 541 1668 ὁ
564 1600 601 1667 δὲ
623 1596 823 1685 πορφύρεόν
846 1626 882 1668 τε
900 1595 975 1689 εἷμα
989 1625 1086 1690 περι-

76 1695 279 1786 βαλόμενος,
301 1695 345 1777 ἀς
368 1692 413 1767 ἀν
432 1696 691 1785 πυνθανόμενοι
713 1706 862 1767 αλείστοι
883 1701 1086 1771 συνέλθοιεν

76 1796 327 1887 Σπαρτιητέων,
345 1800 401 1865 καί
415 1793 579 1876 καταστάς
590 1801 683 1882 έλεγε
694 1793 801 1864 πολλοὶ
813 1798 990 1886 τιμωρέειν
1001 1800 1087 1866 ἑωυ-

76 1910 157 1976 τοῖσι
171 1901 327 1986 χρηίζων.
372 1897 633 1986 Λακεδαιμόνιοι
652 1895 688 1967 δέ
704 1893 746 1965 οὔ
767 1922 833 1977 κως
848 1894 993 1988 ήκουον,
1015 1894 1084 1968 ἀλλ’

75 1992 218 2078 ἀπέδοξέ
236 2015 299 2084 σφι
318 1995 363 2086 μή
386 1998 561 2086 τιμωρέειν
574 1996 678 2067 Ἴωσι.
718 2000 751 2064 οἰ
770 1997 833 2083 μέν
855 1993 895 2084 δή
914 1994 1087 2068 ἀπαλλάσ·

76 2116 194 2183 σοντο,
218 2096 480 2184 Λακεδαιμόνιοι
501 2097 537 2166 δὲ
553 2095 770 2184 ἀπωσόμενοι
790 2104 858 2166 τῶν
869 2096 994 2168 Ἰόνων
1008 2095 1088 2177 τοδς

77 2189 242 2282 ἀγγέλους
264 2191 354 2281 ὅμως
377 2191 575 2265 ἀπέστειλαν
596 2195 850 2288 πεντηκοντέρῳ
874 2193 1019 2284 ἀνδρας,
1043 2191 1089 2274 ὡς

76 2295 135 2380 μέν
149 2295 225 2382 ἐμοὶ
238 2292 358 2380 δοκέει,
373 2294 605 2373 κατασκόπους
619 2300 688 2362 τῶν
697 2319 734 2361 τε
747 2292 867 2377 Κόρου
880 2292 1088 2382 πρηγμάτων

76 2397 128 2464 καί
140 2392 281 2481 Ἰωνίης.
315 2390 513 2484 ἀπικόμενοι
537 2395 574 2462 δέ
596 2387 690 2465 οὗτοι
713 2395 746 2472 ές
761 2390 922 2462 Φιόκαιαν
940 2400 1089 2479 ἔπεμπον

77 2497 108 2574 ἐς
122 2494 257 2581 Σάρδις
272 2495 387 2582 σφέων
407 2491 521 2564 αὐτῶν
540 2491 601 2563 τόν
624 2490 870 2580 δοκιμοότατον,
896 2498 942 2583 τῷ
959 2489 1090 2577 οὕνομα

78 2586 119 2683 ήν
131 2601 325 2684 Λακρίνης,
348 2591 532 2683 ἀπερεοντα
552 2592 659 2683 Κόρη)
679 2594 957 2675 Λακεδαιμονίων
980 2591 1090 2676 ῥῆσιν,

78 2701 135 2784 γῆς
154 2691 385 2782 τήςἘλλάδος
403 2697 569 2782 μηδεμίαν
590 2690 692 2758 πόλιν
715 2687 936 2775 σιναμωρέειν
962 2681 1006 2765 ὡς
1028 2680 1093 2752 αό-

79 2803 144 2864 τῶν
165 2791 210 2864 οὐ
232 2797 497 2881 περιοψομένων.
546 2797 660 2860 Ταῦτα
687 2787 841 2866 εἰπόντος
861 2795 923 2856 τοῦ
946 2784 1155 2874 κήρυκοςιθθ

80 2903 210 2986 λέγεται
226 2902 347 2982 Κῦρον
362 2899 555 2984 έπείρεσθαι
572 2889 652 2971 τούς
666 2888 853 2975 παρεόντας
869 2893 903 2957 οί
911 2885 1092 2974 Ἑλλήνων,

80 3005 166 3078 τίνες
183 2994 297 3076 ἐόντες
312 2992 491 3078 ἅνθρωποι
505 2986 766 3077 Λακεδαιμόνιοι
780 2989 836 3055 καὶ
853 2982 949 3054 κόσοι
962 2990 1093 3068 πλῆθος

80 3105 185 3166 ταῦτα
212 3097 328 3186 ἑωυτῷ
355 3090 636 3182 προαγορεύουσι.
680 3081 947 3169 πυνθανόμενον
973 3079 1012 3147 δέ
1034 3103 1093 3164 μιν

82 3202 188 3265 εἰπεῖν
202 3191 288 3283 πρὸς
301 3190 362 3262 τόν
382 3189 514 3281 κήρυκα
534 3186 596 3258 τόν
611 3183 847 3271 Σπαρτιήτην·
893 3175 967 3248 Οάκ
982 3174 1095 3246 έδεισό

81 3321 129 3364 κω
144 3293 273 3379 ἄνδρας
286 3291 479 3378 τοιούτους,
503 3293 590 3358 τοίσί
602 3289 671 3355 ἐστι
683 3290 791 3374 χοῖρος
811 3282 849 3348 έν
864 3278 949 3365 μέση
961 3282 1002 3366 τῇ
1015 3273 1095 3344 πόλι

84 3390 359 3481 ἀποδεδεγμένος,
375 3391 407 3470 ές
420 3386 482 3460 τόν
493 3384 735 3474 συλλεγόμενοι
746 3377 913 3467 ἀλλήλους
930 3371 1096 3463 όμνόντες

85 3489 307 3573 έξαπατέουσι.
325 3479 473 3578 τολσι,ήν
485 3483 549 3574 έγοδ
564 3482 720 3570 ὑγιαίνω,
735 3477 776 3549 οὐ
791 3475 831 3546 τά
844 3475 969 3627 ’ίοένωὸν
982 3473 1097 3544 πόθεα

168 3603 268 3642 mou.
283 3586 303 3640 l.
