2500 3925
368 201 448 258 ΗΒ.
486 201 549 259 v111.
584 202 678 259 CAP.
713 208 851 259 51—57.
1014 196 1077 260 245

55 378 208 461 ρίπτεον
223 368 369 451 ἑωυτούς
381 369 466 438 κατὰ
480 375 543 439 τοῦ
555 381 680 460 τείχεος
690 372 779 442 κάτω
793 371 849 439 καὶ
864 376 1079 463 διεφθείρον-

53 499 111 558 το,
133 476 173 541 οέ
187 471 226 541 δέ
244 475 277 554 ἐς
294 470 332 541 τό
343 473 491 573 μέγαρον
503 474 722 561 κατέφευγον.
742 476 811 543 τεόν
824 471 862 540 δέ
871 474 1033 562 Περσέων
1047 476 1082 541 ολ

54 572 310 662 ἀναβεβηκότες
333 574 547 663 πρῶτονμὲν
565 572 746 662 έιράπουτο
771 572 854 665 πρὸς
878 571 937 653 τάς
960 572 1081 660 πάλας,

53 674 190 755 ταότας
204 674 243 743 δέ
256 671 447 756 ἀνοίξαντες
459 674 538 756 τοός
556 677 665 755 έκέτας
684 674 855 765 έφόνευόν·
875 676 948 743 ἐπεὶ
966 675 1007 744 δέ
1022 696 1082 762 σφι

56 778 189 857 πάντες
199 777 438 866 κατέστρωντο,
450 774 487 846 τό
503 776 580 867 ίρόν
596 772 799 864 συλήσαντες
813 777 1002 867 ἐνέπρησαν
1015 778 1080 843 πά-

58 899 130 948 σαν
153 904 216 966 την
240 875 431 966 ἀκρόπολιν.
463 877 566 967 Σχοδν
590 878 629 948 δέ
652 876 838 956 παντελέως
861 876 920 956 τάς
934 873 1078 964 Ἀθήνας
1095 894 1128 947 5⁴

59 980 195 1068 Ξέρξης
212 977 385 1066 ἀπέπεμψε
409 980 442 1057 ές
461 982 581 1051 Σοῦσα
603 978 747 1067 ἄγγελον
772 978 874 1047 ἱππέα
889 972 1080 1071 Ἀρταβάνῳ

60 1077 270 1166 ἀγγελέοντα
286 1078 349 1166 τήν
366 1080 560 1169 παρεοῦσάν
578 1101 638 1170 σφι
655 1078 849 1172 εὐπρηξίην.
877 1076 944 1147 ἀπό
965 1078 1003 1147 δὲ
1020 1084 1079 1166 τῆς

60 1181 210 1269 πέμψιος
227 1182 287 1249 τοῦ
305 1179 450 1270 κήρυκος
467 1183 608 1272 δευτέρη
626 1178 733 1273 ἡμέρη
752 1180 962 1266 συγκαλέσας
977 1174 1080 1266 Ἀθη·

62 1287 175 1351 ναίων
187 1280 266 1361 τούς
279 1280 447 1368 φυγάδας,
462 1284 575 1374 ἑωυτῷ
589 1284 628 1352 δέ
643 1284 836 1371 ἑπομένους,
855 1280 987 1350 ἐκέλευε
1000 1280 1080 1370 τρό-

63 1408 120 1475 πφ
133 1388 183 1475 τῷ
197 1381 346 1473 σφετέρῳ
358 1384 465 1451 θῦσαι
481 1382 522 1451 τά
536 1383 592 1473 ίρά
607 1382 797 1470 ἀναβάντας
811 1382 844 1461 ές
857 1381 919 1469 τήν
932 1378 1082 1471 ἀκρόπο-

65 1492 134 1571 λιν,
149 1493 217 1553 εἴτε
230 1480 272 1569 δή
286 1472 334 1550 ἀν
347 1480 427 1564 ὄψιν
438 1482 513 1552 τινά
528 1484 612 1553 ίδόυ
626 1487 788 1554 ἐνυπνίου
804 1482 989 1552 ἐνετέλλετο
998 1486 1082 1550 ταῦ-

65 1612 119 1669 τα,
139 1593 205 1652 είτε
222 1582 279 1651 καὶ
294 1581 455 1670 έυθάμιόν
469 1585 505 1653 ol
515 1584 646 1671 ἐγένετο
664 1582 869 1674 ἐμπρήσαντι
885 1581 923 1651 τό
938 1581 1023 1672 ἱρόν.
1050 1584 1086 1651 ol

73 1684 108 1753 δέ
132 1682 283 1770 φυγάδες
305 1687 374 1752 τῶν
388 1680 579 1772 Ἀθηναίων
604 1688 766 1774 έποίησαν
788 1684 830 1753 τά
854 1682 1081 1771 ἐντεταλμένα.

74 1790 143 1855 Τοῦ
161 1783 200 1853 δέ
219 1787 346 1855 εἵνεκεν
363 1784 493 1855 τούτων
507 1786 732 1876 ἐπεμνήσθην,
751 1785 879 1876 φράσω.
908 1788 977 1853 ἔστι
990 1783 1028 1852 έν
1040 1788 1082 1873 τῇ
1099 1801 1133 1853 ⁶5

69 1882 231 1976 ἀκροπόλι
243 1884 348 1976 ταάτη
360 1879 531 1977 Ἐρεχθέος
544 1893 604 1957 τοῦ
622 1888 779 1976 γηγενέος
797 1885 980 1974 λεγομένου
999 1882 1084 1953 εἶναι

71 1985 171 2076 νηός,
196 1988 297 2078 ἐντῷ
316 1989 409 2075 έλαίη
427 2015 462 2058 τε
479 1989 536 2058 καὶ
551 1987 707 2060 θάλασσα
725 1993 795 2077 ἐυι,
820 1987 860 2057 τά
884 1987 983 2073 λόγος
1007 1981 1080 2074 παρ’

68 2087 259 2177 Ἀθηναίων
273 2089 487 2159 Ποσειδέωνά
504 2091 605 2160 τεκαὶ
617 2088 805 2180 Ἀθηναίην
818 2092 993 2179 ἐρίσαντας
1007 2088 1084 2177 περὶ

73 2197 129 2278 τῆς
146 2187 254 2277 χάρης
267 2187 433 2280 μαρτόρια
448 2191 581 2260 θέσθαι.
608 2190 734 2280 ταύτην
748 2183 872 2278 ἀυτήν
887 2192 1002 2277 έλαίην
1015 2183 1085 2276 ἀμα

74 2295 120 2382 τῷ
134 2288 225 2382 ἀλλφ
239 2294 301 2379 δρα
312 2293 472 2379 κατέλαβε
482 2296 715 2382 ἐμπρησθῆναι
726 2289 795 2362 ἀπὸ
805 2296 874 2361 τῶν
886 2288 1083 2381 βαρβάρων·

77 2391 213 2480 δευτέρη
227 2390 264 2460 δέ
273 2389 380 2481 ήμέρφ
394 2391 460 2462 ἀπὸ
470 2399 528 2483 τῆς
544 2394 723 2483 έμπρήσιος
734 2392 925 2480 Ἀθηναίων
939 2395 974 2460 ολ
984 2389 1083 2460 θόειν

76 2485 141 2560 ὑπό
155 2491 306 2577 βασιλέος
315 2492 528 2582 κελευόμενοι
542 2492 587 2574 ὣς
596 2492 764 2582 ἀνέβησαν
778 2496 811 2572 ές
826 2492 863 2561 τὸ
878 2490 964 2580 έρόν,
980 2489 1086 2579 ω”ρεου

77 2581 219 2679 βλαστόν
229 2593 267 2659 ἐκ
275 2597 337 2660 τοῦ
347 2595 516 2682 στελέχεος
529 2593 611 2663 ὅσον
620 2621 656 2662 τε
669 2607 836 2682 πηχυαίου
849 2589 1085 2679 ἀναδεδραμη·

80 2691 164 2761 κότα.
194 2683 298 2764 Οὗτοι
314 2694 377 2779 μέν
394 2721 461 2764 νον
478 2699 584 2764 ταῦτα
601 2701 761 2782 έφρασαν.

154 2798 197 2865 Οἱ
212 2794 251 2862 δέ
270 2795 306 2861 έν
320 2793 665 2883 ΣαλαμϊυιἝλληνες,
685 2791 730 2874 (ός
749 2815 808 2884 σφι
826 2793 1022 2881 ἐξηγγέλθη,
1041 2787 1086 2874 ὥς
1102 2809 1136 2863 56

82 2901 151 2982 ἔσχε
165 2893 205 2964 τά
224 2894 301 2984 περὶ
313 2893 377 2982 τήν
391 2894 563 2984 Ἀθηνέων
580 2894 776 2986 ἀκρόπολιν,
796 2898 829 2977 ἐς
846 2897 1007 2965 τοσοῦτον
1020 2893 1086 2962 θό-

83 3001 180 3082 ρυβον
197 2990 370 3083 ἀπίκοντο,
386 2993 469 3066 ὥστε
487 3003 569 3067 ένιοι
584 3000 862 3086 τάν,στρατηγων
875 2992 956 3065 οὐδὲ
973 3021 1086 3084 κυρω-

84 3101 178 3182 θῆναι
195 3102 314 3184 ἕμενου
338 3095 376 3166 τό
400 3104 622 3188 προκείμενον
639 3104 793 3188 πρῆγμα,
811 3091 889 3166 ’ἀλλ’
914 3101 947 3175 ές
971 3090 1087 3176 τετάς

85 3197 156 3278 νέας
179 3195 354 3265 ἐσέπιπτον
375 3200 432 3267 κοιλ
456 3203 547 3269 ίστία
569 3197 721 3288 ἠείροντο
745 3195 790 3279 ἀς
807 3193 1086 3284 ἀποθευσόμενοι.

85 3303 167 3367 τοίσί
180 3323 214 3366 τε
231 3295 522 3390 ὑπολειπομένοισι
538 3297 653 3371 αὐτόν
681 3297 837 3390 έκυράθη
861 3296 925 3388 πρό
944 3302 1006 3367 τοό
1021 3291 1086 3367 Ἰσ-

89 3405 172 3488 θμοῦ
184 3398 392 3487 ναυμαχέειν.
418 3400 481 3484 νόξ
498 3429 534 3472 τε
548 3406 689 3490 ἐγίνετο,
706 3402 763 3470 καὶ
776 3407 813 3470 οἳ
823 3401 1037 3479 διαλυθέντες
1052 3401 1087 3467 ἐκ

88 3506 141 3570 τοῦ
158 3506 338 3591 συνεδρίου
350 3501 521 3591 έσέβαιυον
540 3506 573 3585 ἐς
590 3502 650 3584 τάς
673 3503 760 3582 νέας.
786 3497 953 3572 Ἐνθαῦια
970 3498 1012 3589 δή
1023 3509 1084 3570 Θε-
1104 3519 1136 3570 57
