2500 3925
318 230 405 287 οιε.
435 230 480 285 111.
513 228 612 285 σαι).
645 233 818 291 ιιι-ατ.
1007 220 1069 291 271

89 385 218 473 ποταμόν
231 385 407 455 ἐκδιδόντα
428 388 462 465 ἐς
474 384 654 455 θάλασσαν
673 383 735 473 τὴν
754 383 838 473 πρός
851 390 975 475 βορέην
989 382 1070 455 ἄνευ

91 512 156 572 μον,
168 483 222 552 ἀπ’
240 483 319 553 ὔτευ
333 481 371 553 τό
386 483 548 572 ἤλεκτρον
561 490 686 570 φοιτᾶν
699 484 798 571 λόγος
813 486 897 572 έστλ,
913 483 990 555 οὔτε
1005 484 1069 573 νή·

92 606 156 663 σονς
172 582 242 651 οἶδα
264 588 504 671 Κασσιτερίδας
526 583 662 671 ἐούσας,
683 586 719 653 έκ
741 590 809 653 τοῖν
834 581 852 653 6
875 590 1083 669 κασσίτερος-

90 680 153 768 ἡμῐν
166 688 269 772 φοιτᾷ.
290 689 390 749 τοῦτο
404 684 467 769 μὲν
477 679 543 769 γάρ
557 680 577 750 6
590 680 765 770 Ἠριδανός
775 678 858 751 αὐτὰ
875 684 1067 769 κατηγορέει

90 779 118 847 ιδ
131 778 267 866 οὔνομα,
289 777 334 858 ὦς
349 785 418 848 ἔστι
434 778 631 866 Ἑλληνικὸν
651 784 706 850 καί
727 777 769 849 σύ
785 781 976 869 βάρβαρον,
1000 776 1065 849 ὐπδ

88 882 209 963 ποιητέω
224 882 264 946 δέ
273 903 365 955 τινος
384 883 543 964 ποιηθέν·
569 886 667 947 τοῦτο
684 878 720 949 δὲ
737 875 877 957 οὐδενός
894 876 1066 949 αὐτόπτεω

89 981 249 1066 γενομένου
280 977 427 1065 δύναμαι
461 973 604 1046 άκοῦσαι
640 982 736 1046 τοῦτο
771 977 953 1063 μελετὲων,
978 978 1066 1059 ὅκως

87 1076 220 1145 θάλασσά
236 1078 304 1143 έστι
318 1072 360 1145 τά
378 1076 530 1144 ἐπέκεινα
549 1080 606 1162 τῆς
623 1072 798 1163 Εὐρώπης,
829 1079 862 1159 έξ
880 1078 1016 1167 ἐσχάτης
1031 1076 1063 1147 δ’

84 1169 124 1242 όν
135 1173 154 1241 ὔ
166 1202 199 1243 τε
212 1181 404 1260 κασσίτερος
420 1170 501 1259 ἡμῖν
522 1180 622 1263 φοιτᾷ
640 1176 695 1241 καὶ
710 1172 747 1242 τό
770 1172 939 1262 ἤλεκτρον.
973 1173 1067 1265 Πρδς
1084 1198 1131 1257 τις

83 1274 112 1341 δε
125 1272 241 1361 ὔρκτου
255 1278 312 1359 τῆς
326 1270 492 1359 Εὐρώπης
506 1279 619 1362 πολλῷ
633 1300 664 1339 τι
682 1281 833 1353 πλεῖστος
846 1272 970 1363 χρυσός
984 1282 1065 1361 φαί-

81 1400 159 1440 νεται
178 1371 251 1441 ἑόν.
285 1369 373 1449 ὅκως
392 1371 455 1457 μὲν
473 1370 668 1457 γινόμενος,
698 1368 760 1438 οὐκ
782 1376 845 1457 ἔχω
865 1369 945 1441 οὐδὲ
965 1379 1063 1442 τοῦτο

80 1471 224 1558 ότρεκὲως
239 1468 345 1553 εἶπαι,
368 1473 497 1556 λέγεται
513 1470 550 1537 δὲ
564 1466 650 1538 ὔπὲκ
666 1477 733 1539 τῶν
748 1478 889 1559 γρυπῶν
904 1468 1063 1558 ἁρπάζειν

77 1567 282 1658 Ἀριμασπούς
295 1568 422 1656 ἄνδρας
434 1570 734 1657 μουνοφθάλμους.
758 1577 918 1658 πείθομαι
933 1570 969 1641 δὲ
983 1570 1063 1642 οὐδὲ

78 1679 179 1757 τοῦτο,
211 1670 300 1749 ὅκως
326 1669 590 1758 μουνόφθαλμοι
616 1668 737 1760 ὔνδρες
762 1674 924 1761 φύονται,
957 1674 1063 1761 φάσιν

78 1775 193 1854 ἔχοντες
211 1766 275 1856 τὴν
296 1767 402 1855 ὔλληυ
431 1765 552 1855 ὁμοίην
581 1782 666 1837 τοῖσι
688 1766 817 1839 ὔλλοισι
839 1768 1061 1857 άνθριόπσισι.

75 1871 106 1933 αι’
117 1868 149 1934 δὲ
165 1859 213 1935 όν
228 1870 372 1954 ἐσχατιαὶ
385 1876 495 1935 οίκασι
506 1873 756 1955 περικληίουσαι
767 1864 828 1953 τὴν
837 1863 943 1955 άλλην
949 1868 1062 1957 χώρην

74 1972 120 2036 καὶ
135 1967 226 2048 ἑντός
242 1966 448 2055 ἀπέργουσαι
469 1966 510 2036 τά
527 1969 687 2037 κάλλιστα
707 1970 867 2037 δοκέοντα
881 1965 963 2055 ἡμῖν
978 1967 1063 2038 εἶναι

74 2069 120 2134 καλ
131 2067 341 2136 σπανιώτατα
358 2073 446 2152 ἔχειν
471 2064 511 2133 τά
529 2067 625 2135 αὐτά.

134 2164 224 2234 Ἐστι
240 2169 277 2234 δὲ
297 2169 413 2234 πεδίον
435 2167 472 2234 έυ
491 2172 531 2254 τῇ
549 2163 639 2254 Ἀσίη
653 2174 949 2258 περικεκληιμένον
969 2167 1064 2255 οὔρεϊ
1083 2185 1128 2242 11⁷

72 2266 249 2350 πάντοθεν,
269 2265 453 2352 διασφάγες
473 2267 510 2335 δὲ
528 2273 590 2335 τοῦ
610 2266 729 2354 οὔρεός
747 2276 809 2340 είσι
826 2274 941 2340 πέντε·
961 2276 1060 2338 τοῦτο

71 2365 102 2435 τό
115 2372 229 2436 πεδίον
243 2358 288 2453 ἦν
303 2365 365 2452 μὲν
381 2392 458 2435 κοτε
471 2374 690 2456 Χορασμίων,
714 2371 751 2438 έν
773 2369 904 2459 οὔροισι
921 2367 978 2438 έδν
993 2375 1060 2438 τούν

69 2473 260 2555 Χορασμίων
286 2492 322 2534 τε
345 2463 457 2534 αὐτῶν
478 2469 534 2534 καὶ
553 2463 738 2553 Ὑρκανίων
758 2471 813 2536 καὶ
831 2467 984 2555 Πάρθων
1005 2469 1061 2534 καὶ

71 2569 265 2653 Σαραγγέων
282 2566 337 2634 καὶ
354 2571 574 2653 Θαμαναίων,
607 2568 715 2636 έπείτε
742 2568 780 2631 δὲ
799 2569 927 2655 Πέρσαι
948 2573 1060 2654 ἔχουσι

70 2663 99 2732 τό
113 2666 243 2753 κράτος,
259 2667 327 2733 ἐστὶ
341 2671 402 2732 τοῦ
417 2665 579 2754 βασιλέος.
603 2666 640 2733 έκ
651 2662 691 2752 δὴ
709 2658 758 2734 όν
771 2672 833 2733 τοῦ
847 2670 1060 2752 περικληίου·

70 2790 115 2842 τος
133 2763 252 2851 οὔρεος
272 2763 396 2831 τσότου
416 2766 483 2852 ρἑι
504 2759 652 2850 ποταμὸς
674 2765 792 2852 μέγας,
821 2763 950 2852 οὔνομα
971 2765 1010 2832 δέ
1028 2767 1063 2831 οἵ

70 2861 250 2949 ἐστι”Ακης·
272 2853 372 2940 οὔτος
380 2862 547 2949 πρότερον
564 2863 627 2950 μὲν
644 2859 785 2946 ὔρδεσκε
802 2866 1061 2950 διαλελαμμένος

70 2967 224 3046 πενταχοῦ
244 2965 313 3027 τῶν
330 2962 515 3048 εἰρημένων
537 2961 667 3028 τοῦτων
686 2957 744 3040 τάς
764 2960 890 3048 χώρας,
913 2957 969 3028 διά
985 2963 1060 3027 δια-

71 3059 187 3145 σφάγος
201 3054 367 3145 άγόμενος
388 3058 527 3145 ἑκάστης
541 3057 725 3146 ἑκάστοισι,
752 3062 859 3128 έπείτε
881 3059 917 3128 δὲ
931 3054 997 3126 ὑπὸ
1014 3061 1060 3146 τῷ

71 3157 170 3246 Πέρση
184 3157 264 3241 είσὶ,
275 3154 467 3225 πεπόνθασι
481 3155 630 3223 τοιόνδε·
651 3153 709 3235 τάς
721 3155 909 3242 διασφάγας
919 3160 986 3222 τῶν
999 3149 1061 3222 οὔ·

71 3260 144 3340 ρὲων
159 3258 314 3343 ἐνδείμας
334 3253 352 3324 6
370 3252 528 3343 βασιλεῦς
548 3257 657 3334 πόλας
680 3254 735 3326 ἐπ’
756 3255 876 3342 ἑκάστη
898 3252 1060 3340 διασφάγι

72 3361 191 3445 ἔστησε,
213 3353 502 3444 άποκεκληιμὲνου
516 3357 553 3426 δὲ
566 3364 628 3425 τοῦ
643 3354 764 3434 ὔδατος
781 3361 839 3443 τῆς
853 3353 1006 3436 διεξόδου
1022 3347 1059 3422 τό

71 3463 174 3526 τεδίου
187 3453 225 3524 τδ
243 3451 338 3534 έντδς
352 3462 420 3524 τῶν
438 3454 570 3543 οὐρέων
583 3459 726 3543 πέλαγος
739 3461 883 3542 γίνεται,
906 3453 1060 3522 ἐνδιδόν-
