2500 3925
175 308 218 373 20
402 312 405 317 “
558 300 796 363 ΗΕΒΟΒΟΉ

180 481 240 551 τόν
257 478 322 569 γάρ
340 477 382 566 δή
402 480 515 567 ἕτερον
540 472 786 563 διεφθαρμένω
809 463 874 538 ούκ
898 466 989 537 εἷναί
1007 494 1064 550 μοι
1086 470 1180 553 λογί·

128 600 162 652 39
179 590 279 706 ζρμαι.
322 577 503 667 Ἀμείβιται
532 574 710 662 δνεηνίης
733 575 870 640 τοισίδε·
902 566 1182 656 Συγγνοέμην
1111 564 1182 655 μὲν

180 676 207 752 ιό
225 681 329 770 πάτερ
346 707 412 765 τοι,
442 677 547 748 ίδόντι
570 702 610 762 γε
633 674 712 756 ὀψιν
731 670 910 758 τοιαύτην,
936 669 1013 758 περὶ
1039 666 1096 756 ἐμ)
1111 694 1182 755 φυ-

179 782 284 900 λακήν
308 788 408 869 ἔχειν
446 777 484 847 τό
516 776 554 847 δὲ
584 774 626 845 ού
651 772 852 863 μανθάνεις,
883 768 968 839 άλλά
998 768 1122 855 λέληθέ
1145 788 1183 835 σε

181 876 219 947 τό
235 876 386 966 ὄνειρον,
411 880 471 963 ἐμέ
486 896 539 946 σοι
555 880 689 946 δίκαιόν
711 878 781 947 ἐστι
797 875 945 961 φράζειν.
989 868 1055 958 φής
1076 889 1127 933 τοι
1144 864 1180 930 τό

182 974 317 1063 όνειρον
341 972 408 1043 ὑπὸ
429 982 546 1063 αἰχμῆς
567 978 721 1064 σιδηρέης
744 975 850 1062 φάναι
876 971 933 1057 ἐμὲ
955 965 1181 1054 τελευτήσειν·

183 1074 244 1156 ὑός
259 1076 295 1145 δὲ
309 1091 398 1145 κοῖαι
412 1080 474 1163 μέν
495 1104 510 1145 ε
511 1084 557 1146 σι
570 1092 692 1165 χεῖρες,
707 1083 782 1163 κοίη
797 1074 834 1143 δε
847 1069 945 1160 αἰχμή
959 1069 1106 1157 σιδηρέη,
1120 1059 1184 1181 τήν

184 1172 227 1243 06
248 1177 385 1261 φοβέαι;
426 1181 456 1243 εἰ
475 1175 515 1263 μὲ
517 1203 538 1243 ν
557 1175 622 1264 γάρ
639 1174 706 1244 ὑπο
694 1171 859 1251 ὀδόντος
875 1198 926 1240 τοι
943 1168 1014 1238 εδπε
1027 1160 1184 1251 τελευτή-

184 1292 256 1340 σειν
273 1298 313 1359 με
327 1300 347 1361 η
335 1268 471 1341 άλλου
487 1299 557 1359 τευ,
571 1300 590 1341 ο
607 1299 639 1340 τι
653 1274 761 1364 τούτῳ
776 1270 862 1355 οἶκε,
879 1276 963 1359 χρῆν
978 1266 1020 1355 δή
1036 1286 1074 1334 σε
1087 1265 1184 1332 ποιέ-

184 1398 234 1440 ειν
247 1398 287 1439 τα
276 1369 442 1490 πριέεις·
470 1378 536 1438 νῦν
551 1369 618 1440 δέ’
601 1372 664 1439 υπ’
684 1378 809 1496 αἰχμῆς.
851 1360 1003 1439 ἐπείτε
977 1394 1026 1437 ων
1043 1360 1085 1434 ού
1097 1359 1184 1450 πρὸς

138 1490 173 1545 ιο
183 1466 336 1557 άνδροις“
320 1484 400 1558 ημῖν
415 1466 570 1555 γίνεται’
553 1497 574 1556 η
589 1469 688 1556 μάχη,
705 1472 798 1555 μέτες
811 1493 861 1555 με.
886 1467 1067 1556 Ἀμείβεται
1078 1471 1185 1550 Κροί-

183 1589 257 1648 σος·
281 1562 321 1637 Ὦ
335 1580 411 1654 παῖ,
432 1574 501 1635 ἔστι
518 1575 557 1657 τῇ
570 1592 612 1654 με
625 1573 723 1657 νικᾷς
736 1567 876 1653 γνύμην
891 1564 1092 1653 άτοφαίνων
1106 1563 1184 1645 περὶ

182 1676 243 1739 τοῦ
265 1672 443 1739 ἐνυπνίου·
475 1667 518 1749 ὡς
541 1662 590 1739 τόν
610 1673 827 1757 νενικημένος
839 1667 907 1739 ύπό
925 1671 981 1738 σέο
997 1663 1184 1755 μεταγινό-
1242 1697 1243 1728 ς

139 1788 171 1843 41
183 1789 262 1856 σκω,
279 1773 414 1855 μετίημί
423 1771 461 1836 τέ
473 1788 511 1836 σε
526 1771 611 1838 ίόναι
625 1772 679 1837 έπί
696 1767 758 1856 τήν
772 1768 888 1856 άγρην.
911 1777 1017 1847 Ελτας
1033 1766 1069 1834 δὲ
1078 1770 1184 1832 ταῦτα

184 1867 202 1937 6
218 1875 361 1956 Κροῖσος
375 1873 618 1957 μεταπέμπεται
635 1867 696 1938 τόν
710 1869 831 1957 Φρύγα
843 1868 1045 1954 Ἄδρηστον,
1063 1862 1163 1933 άπικο
1178 1904 1184 1911 -
1242 1861 1243 1920 ι

182 1971 272 2059 μένῳ
288 1971 327 2037 δέ
337 1974 372 2037 ολ
383 1972 471 2055 λέγει
487 1972 584 2040 τάδε·
617 1969 797 2057 Ἄδρηστε,
819 1967 885 2055 ἐγοό
900 1988 938 2036 σε
951 1971 1108 2053 συμφορῇ
1121 1988 1184 2031 πε-

182 2067 374 2153 πληγμένον
388 2065 535 2157 άχάριτι,
558 2071 623 2156 τήν
636 2095 688 2136 τοι
702 2065 765 2136 ούκ
782 2066 948 2153 ὀνειδίζω,
965 2065 1114 2152 ἐκάθηρα
1128 2066 1186 2130 καί

184 2170 317 2234 οίκίοισι
338 2162 585 2253 ὑποδεξάμενος
607 2173 671 2253 ἔχω
694 2169 849 2253 παρέχων
874 2173 986 2234 πᾶσαν
1011 2162 1183 2249 δαπάνην·

184 2267 249 2331 νῦν
271 2256 320 2330 όν
348 2260 505 2350 ’ὀφείλεις
525 2263 592 2352 γάρ
613 2267 693 2350 ἐμεῦ
717 2264 985 2351 προποιήσαντος
1005 2259 1129 2350 χρηστά
1149 2263 1185 2338 ές

184 2363 220 2430 σὲ
231 2367 401 2448 χρηστοῖσί
408 2387 450 2447 με
460 2358 667 2449 ἀμείβεσθαι·
678 2358 831 2447 φύλακον
841 2361 960 2441 παιδός
974 2381 1012 2428 σε
1025 2367 1087 2428 τοῦ
1101 2362 1185 2444 ἐμοῦ

183 2469 302 2548 χρηίζω
324 2462 483 2545 γενέσθαι
504 2463 537 2539 ἐς
557 2461 666 2548 ἄγρην
688 2459 913 2547 ὁρμεομένου,
939 2459 986 2546 μή
1005 2484 1093 2537 τινες
1113 2455 1183 2525 κατ’

184 2553 609 2646 ὁδόν[ιιλῶπες]καιιούργοι
626 2563 679 2628 ἐπὶ
692 2560 812 2646 δηλήσι
823 2560 973 2646 φανέωσι
982 2555 1074 2644 ὑμῖν.
1100 2553 1187 2641 πρὸς

185 2659 222 2728 δὲ
242 2660 349 2748 τούτῳ
370 2661 425 2727 καὶ
439 2661 479 2728 σε’
489 2684 542 2728 τοι
554 2661 663 2748 χρεόν
680 2662 748 2728 ἐστι
763 2661 848 2728 ίέναι
862 2665 948 2728 ἔνθα
964 2655 1186 2745 άπολαμπρύ-

184 2784 258 2826 υεαι
273 2772 355 2824 τοῖσι
372 2763 515 2843 ἔργοισι·
544 2758 715 2847 πατριύτόν
730 2783 766 2825 τε
780 2758 845 2844 γάρ
860 2764 914 2825 τοί
926 2759 994 2826 ἐστι
1009 2759 1065 2825 καὶ
1078 2775 1185 2844 προσ-

140 2877 174 2930 42
186 2859 233 2926 ε’τι
249 2854 343 2943 ῥύμη
360 2852 512 2944 ὑπάρχει.
545 2855 727 2946 Ἀμείβεται
738 2854 959 2944 δ”Αδρηστος
984 2850 1024 2925 Ὦ
1035 2861 1187 2944 βασιλεῦ,

184 2953 292 3032 άλλως
312 2955 374 3039 μὲν
395 2961 498 3040 ἔγωγε
520 2954 565 3024 άν
586 2955 651 3025 οὐκ
663 2955 721 3043 ήία
734 2958 769 3035 ές
788 2953 916 3025 άεθλον
929 2956 1078 3026 τοιόνδε·
1107 2954 1187 3024 ούτε

183 3054 248 3141 γάρ
263 3061 422 3144 συμφορῇ
437 3062 548 3145 τοιῇδε
562 3059 768 3145 κεχρημένον
787 3057 880 3135 οίκός
894 3059 962 3125 ἐστι
977 3059 1010 3135 ές
1024 3055 1188 3145 ὁμήλικας

184 3147 224 3222 εὖ
243 3153 455 3240 πρήσσοντας
475 3158 579 3243 ίέναι,
606 3156 685 3224 οότε
706 3153 745 3223 τό
766 3156 952 3243 βούλεσθαι
972 3154 1081 3244 πάρα,
1101 3165 1183 3224 πολ-

184 3259 266 3341 λαχή
279 3277 314 3320 τε
329 3247 372 3318 άν
388 3262 480 3337 ἴσχον
495 3254 673 3339 ἐμεωυτόν.
705 3260 772 3321 νῦν
786 3252 842 3339 δὲ,
875 3257 981 3322 ἐπείτε
1011 3252 1055 3321 σύ
1079 3253 1188 3321 σπεύ-

183 3356 252 3429 δεις
273 3352 329 3417 καὶ
349 3354 402 3417 δεῖ
419 3375 470 3417 τοι
484 3358 677 3438 χαρίζεσθαι
702 3349 842 3437 ’ὀφείλω
854 3351 919 3436 γάρ
933 3371 972 3419 σε
986 3348 1188 3440 ἀμείβεσθαι

183 3461 366 3537 χρηστοῖσι·
408 3449 534 3516 ποιέειν
556 3453 621 3535 εἰμὶ
645 3452 772 3536 ἑτοῖμος
791 3457 913 3537 ταῦτα,
939 3450 1042 3518 παῖδά
1061 3477 1098 3519 τε
1110 3450 1188 3539 σόν,

182 3545 242 3614 τόν
256 3546 463 3615 διακελεύεαι
476 3547 680 3634 φυλάσσειν,
701 3544 858 3635 άπήμονα
879 3554 939 3615 τοῦ
953 3549 1188 3634 φυλάσσοντος
