<?xml version="1.0" encoding="UTF-8"?>
<!DOCTYPE html PUBLIC "-//W3C//DTD XHTML 1.0 Transitional//EN"
    "http://www.w3.org/TR/xhtml1/DTD/xhtml1-transitional.dtd">
<html xmlns="http://www.w3.org/1999/xhtml" xml:lang="en" lang="en">
 <head>
  <title>
</title>
<meta http-equiv="Content-Type" content="text/html;charset=utf-8" />
  <meta name='ocr-system' content='tesseract 3.04.00' />
  <meta name='ocr-capabilities' content='ocr_page ocr_carea ocr_par ocr_line ocrx_word'/>
</head>
<body>
  <div class='ocr_page' id='page_1' title='image "./herodotihistori00dietgoog_0191.png"; bbox 0 0 2500 3925; ppageno 0'>
   <div class='ocr_carea' id='block_1_1' title="bbox 1055 2 1216 9">
    <p class='ocr_par' dir='ltr' id='par_1_1' title="bbox 1055 2 1216 9">
     <span class='ocr_line' id='line_1_1' title="bbox 1055 2 1216 9; baseline 0.012 -4"><span class='ocrx_word' id='word_1_1' title='bbox 1055 2 1216 9; x_wconf 54' lang='grc' dir='ltr'><strong><em>..Ἦ</em></strong></span> 
     </span>
    </p>
   </div>
   <div class='ocr_carea' id='block_1_2' title="bbox 384 246 1124 314">
    <p class='ocr_par' dir='ltr' id='par_1_2' title="bbox 384 246 1124 314">
     <span class='ocr_line' id='line_1_2' title="bbox 384 246 1124 314; baseline 0.005 -8"><span class='ocrx_word' id='word_1_2' title='bbox 384 248 853 310; x_wconf 71' lang='lat' dir='ltr'>Llss.11.cAP.1aa—141</span> <span class='ocrx_word' id='word_1_3' title='bbox 1062 246 1124 314; x_wconf 74' lang='grc'><strong><em>189</em></strong></span> 
     </span>
    </p>
   </div>
   <div class='ocr_carea' id='block_1_3' title="bbox 111 402 1190 3564">
    <p class='ocr_par' dir='ltr' id='par_1_3' title="bbox 111 402 1190 1476">
     <span class='ocr_line' id='line_1_3' title="bbox 189 402 1190 498; baseline 0.006 -24.048"><span class='ocrx_word' id='word_1_4' title='bbox 189 405 264 486; x_wconf 74' lang='grc' dir='ltr'><strong><em>Ως</em></strong></span> <span class='ocrx_word' id='word_1_5' title='bbox 277 403 311 475; x_wconf 89' lang='grc' dir='ltr'><strong><em>δ’</em></strong></span> <span class='ocrx_word' id='word_1_6' title='bbox 335 404 405 493; x_wconf 79' lang='grc' dir='ltr'><strong><em>ἀρα</em></strong></span> <span class='ocrx_word' id='word_1_7' title='bbox 429 414 581 492; x_wconf 85' lang='grc' dir='ltr'><strong><em>οίχεσθαι</em></strong></span> <span class='ocrx_word' id='word_1_8' title='bbox 605 402 669 474; x_wconf 82' lang='grc' dir='ltr'><strong><em>τόν</em></strong></span> <span class='ocrx_word' id='word_1_9' title='bbox 692 411 845 478; x_wconf 84' lang='grc' dir='ltr'><strong><em>Αίθίοπα</em></strong></span> <span class='ocrx_word' id='word_1_10' title='bbox 875 410 910 490; x_wconf 79' lang='grc' dir='ltr'><strong><em>ἐξ</em></strong></span> <span class='ocrx_word' id='word_1_11' title='bbox 932 411 1121 498; x_wconf 76' lang='grc' dir='ltr'><strong><em>Αἰγύπτου,</em></strong></span> <span class='ocrx_word' id='word_1_12' title='bbox 1138 431 1190 488; x_wconf 73' lang='grc' dir='ltr'><strong><em>ιιο</em></strong></span> 
     </span>
     <span class='ocr_line' id='line_1_4' title="bbox 116 497 1119 596; baseline 0.006 -24"><span class='ocrx_word' id='word_1_13' title='bbox 116 497 208 584; x_wconf 84' lang='grc' dir='ltr'><strong><em>ιιύτις</em></strong></span> <span class='ocrx_word' id='word_1_14' title='bbox 230 500 294 572; x_wconf 78' lang='grc' dir='ltr'><strong><em>τὸν</em></strong></span> <span class='ocrx_word' id='word_1_15' title='bbox 316 501 498 590; x_wconf 77' lang='grc' dir='ltr'><strong><em>τυφλόν”</em></strong></span> <span class='ocrx_word' id='word_1_16' title='bbox 474 527 591 590; x_wconf 83' lang='grc' dir='ltr'><strong><em>αρχειν</em></strong></span> <span class='ocrx_word' id='word_1_17' title='bbox 616 505 655 572; x_wconf 84' lang='grc' dir='ltr'><strong><em>ἐα</em></strong></span> <span class='ocrx_word' id='word_1_18' title='bbox 678 509 748 574; x_wconf 84' lang='grc' dir='ltr'><strong><em>τών</em></strong></span> <span class='ocrx_word' id='word_1_19' title='bbox 772 503 919 574; x_wconf 86' lang='grc' dir='ltr'><strong><em>ἐλέων’</em></strong></span> <span class='ocrx_word' id='word_1_20' title='bbox 901 507 1119 596; x_wconf 83' lang='grc' dir='ltr'><strong><em>απιιιόμενον,</em></strong></span> 
     </span>
     <span class='ocr_line' id='line_1_5' title="bbox 115 602 1120 696; baseline 0.004 -24"><span class='ocrx_word' id='word_1_21' title='bbox 115 610 199 672; x_wconf 74' lang='grc' dir='ltr'><strong><em>ἔνθα</em></strong></span> <span class='ocrx_word' id='word_1_22' title='bbox 218 603 432 690; x_wconf 77' lang='grc' dir='ltr'><strong><em>πεντήαοιπα</em></strong></span> <span class='ocrx_word' id='word_1_23' title='bbox 451 608 526 670; x_wconf 72' lang='grc' dir='ltr'><strong><em>ἔτεα</em></strong></span> <span class='ocrx_word' id='word_1_24' title='bbox 545 608 654 688; x_wconf 73' lang='grc' dir='ltr'><strong><em>νῆσον</em></strong></span> <span class='ocrx_word' id='word_1_25' title='bbox 673 602 785 689; x_wconf 89' lang='grc' dir='ltr'><strong><em>χώσας</em></strong></span> <span class='ocrx_word' id='word_1_26' title='bbox 810 606 925 696; x_wconf 74' lang='grc' dir='ltr'><strong><em>σποδῷ</em></strong></span> <span class='ocrx_word' id='word_1_27' title='bbox 945 630 981 674; x_wconf 91' lang='grc' dir='ltr'><strong><em>τε</em></strong></span> <span class='ocrx_word' id='word_1_28' title='bbox 1001 609 1057 676; x_wconf 79' lang='grc' dir='ltr'><strong><em>καὶ</em></strong></span> <span class='ocrx_word' id='word_1_29' title='bbox 1076 613 1120 696; x_wconf 75' lang='grc' dir='ltr'><strong><em>γῇ</em></strong></span> 
     </span>
     <span class='ocr_line' id='line_1_6' title="bbox 113 699 1119 789; baseline 0 -19"><span class='ocrx_word' id='word_1_30' title='bbox 113 711 217 770; x_wconf 88' lang='grc' dir='ltr'><strong><em>οίιιεε</em></strong></span> <span class='ocrx_word' id='word_1_31' title='bbox 239 700 330 782; x_wconf 82' lang='grc' dir='ltr'><strong><em>όιιως</em></strong></span> <span class='ocrx_word' id='word_1_32' title='bbox 347 700 415 788; x_wconf 87' lang='grc' dir='ltr'><strong><em>γάρ</em></strong></span> <span class='ocrx_word' id='word_1_33' title='bbox 436 705 470 770; x_wconf 90' lang='grc' dir='ltr'><strong><em>οί</em></strong></span> <span class='ocrx_word' id='word_1_34' title='bbox 485 707 610 786; x_wconf 78' lang='grc' dir='ltr'><strong>φοιτᾶν</strong></span> <span class='ocrx_word' id='word_1_35' title='bbox 636 715 730 770; x_wconf 80' lang='grc' dir='ltr'><strong><em>σίτου</em></strong></span> <span class='ocrx_word' id='word_1_36' title='bbox 754 699 899 786; x_wconf 74' lang='grc' dir='ltr'><strong><em>ἄγοντας</em></strong></span> <span class='ocrx_word' id='word_1_37' title='bbox 923 707 1119 789; x_wconf 71' lang='grc' dir='ltr'><strong><em>Αἰγυπτίων</em></strong></span> 
     </span>
     <span class='ocr_line' id='line_1_7' title="bbox 113 798 1119 890; baseline 0.002 -22"><span class='ocrx_word' id='word_1_38' title='bbox 113 800 158 880; x_wconf 77' lang='grc' dir='ltr'><strong><em>ὡς</em></strong></span> <span class='ocrx_word' id='word_1_39' title='bbox 177 801 346 870; x_wconf 70' lang='grc' dir='ltr'><em>ἑκάστοισι</em></span> <span class='ocrx_word' id='word_1_40' title='bbox 365 798 612 887; x_wconf 68' lang='grc' dir='ltr'><strong><em>προστετάχθαι</em></strong></span> <span class='ocrx_word' id='word_1_41' title='bbox 626 806 705 888; x_wconf 80' lang='grc' dir='ltr'><strong><em>σιγῇ</em></strong></span> <span class='ocrx_word' id='word_1_42' title='bbox 723 805 785 868; x_wconf 82' lang='grc' dir='ltr'><strong><em>τοῦ</em></strong></span> <span class='ocrx_word' id='word_1_43' title='bbox 798 805 982 886; x_wconf 81' lang='grc' dir='ltr'><strong><em>Αίθίοπος,</em></strong></span> <span class='ocrx_word' id='word_1_44' title='bbox 1004 802 1037 880; x_wconf 86' lang='grc' dir='ltr'><strong><em>ἐς</em></strong></span> <span class='ocrx_word' id='word_1_45' title='bbox 1057 799 1119 890; x_wconf 75' lang='grc' dir='ltr'><strong><em>τὴν</em></strong></span> 
     </span>
     <span class='ocr_line' id='line_1_8' title="bbox 114 895 1119 987; baseline 0.002 -21"><span class='ocrx_word' id='word_1_46' title='bbox 114 897 245 987; x_wconf 75' lang='grc' dir='ltr'><strong><em>δωρεὴν</em></strong></span> <span class='ocrx_word' id='word_1_47' title='bbox 265 899 418 968; x_wconf 77' lang='grc' dir='ltr'><strong><em>κελεύειν</em></strong></span> <span class='ocrx_word' id='word_1_48' title='bbox 438 901 544 984; x_wconf 83' lang='grc' dir='ltr'><strong><em>σφέας</em></strong></span> <span class='ocrx_word' id='word_1_49' title='bbox 563 899 618 966; x_wconf 81' lang='grc' dir='ltr'><strong><em>καὶ</em></strong></span> <span class='ocrx_word' id='word_1_50' title='bbox 642 895 771 966; x_wconf 84' lang='grc' dir='ltr'><strong><em>σποδὸν</em></strong></span> <span class='ocrx_word' id='word_1_51' title='bbox 791 903 947 984; x_wconf 74' lang='grc' dir='ltr'><strong><em>νομίζειν.</em></strong></span> <span class='ocrx_word' id='word_1_52' title='bbox 992 899 1119 987; x_wconf 88' lang='grc' dir='ltr'><strong><em>ταύτην</em></strong></span> 
     </span>
     <span class='ocr_line' id='line_1_9' title="bbox 111 991 1119 1085; baseline -0.001 -20"><span class='ocrx_word' id='word_1_53' title='bbox 111 996 173 1085; x_wconf 76' lang='grc' dir='ltr'><strong><em>τὴν</em></strong></span> <span class='ocrx_word' id='word_1_54' title='bbox 186 1003 294 1085; x_wconf 78' lang='grc' dir='ltr'><strong><em>νῆσον</em></strong></span> <span class='ocrx_word' id='word_1_55' title='bbox 308 994 418 1075; x_wconf 78' lang='grc' dir='ltr'><strong><em>οὐδεὶς</em></strong></span> <span class='ocrx_word' id='word_1_56' title='bbox 431 996 599 1084; x_wconf 83' lang='grc' dir='ltr'><strong><em>πρότερον</em></strong></span> <span class='ocrx_word' id='word_1_57' title='bbox 614 995 789 1082; x_wconf 74' lang='grc' dir='ltr'><strong><em>ἐδυνάσθη</em></strong></span> <span class='ocrx_word' id='word_1_58' title='bbox 809 991 1010 1083; x_wconf 82' lang='grc' dir='ltr'><strong><em>Ἀμυρταίον</em></strong></span> <span class='ocrx_word' id='word_1_59' title='bbox 1025 998 1119 1078; x_wconf 81' lang='grc' dir='ltr'><strong><em>ἐξευ-</em></strong></span> 
     </span>
     <span class='ocr_line' id='line_1_10' title="bbox 112 1087 1118 1184; baseline 0 -22"><span class='ocrx_word' id='word_1_60' title='bbox 112 1110 201 1183; x_wconf 76' lang='grc' dir='ltr'><strong><em>ρεῖν,</em></strong></span> <span class='ocrx_word' id='word_1_61' title='bbox 223 1092 299 1163; x_wconf 89' lang='grc' dir='ltr'><strong><em>ἀλλ’</em></strong></span> <span class='ocrx_word' id='word_1_62' title='bbox 324 1099 399 1162; x_wconf 78' lang='grc' dir='ltr'><strong><em>ἐτεα</em></strong></span> <span class='ocrx_word' id='word_1_63' title='bbox 413 1097 467 1163; x_wconf 79' lang='grc' dir='ltr'><strong><em>ἐπὶ</em></strong></span> <span class='ocrx_word' id='word_1_64' title='bbox 487 1090 613 1182; x_wconf 81' lang='grc' dir='ltr'><strong><em>πλίωῆ</em></strong></span> <span class='ocrx_word' id='word_1_65' title='bbox 628 1093 809 1164; x_wconf 74' lang='grc' dir='ltr'><strong><em>ἑπτακόσια</em></strong></span> <span class='ocrx_word' id='word_1_66' title='bbox 824 1091 887 1164; x_wconf 88' lang='grc' dir='ltr'><strong><em>ονίι</em></strong></span> <span class='ocrx_word' id='word_1_67' title='bbox 902 1089 1016 1164; x_wconf 79' lang='grc' dir='ltr'><strong><em>οἷοίτε</em></strong></span> <span class='ocrx_word' id='word_1_68' title='bbox 1029 1087 1118 1184; x_wconf 80' lang='grc' dir='ltr'><strong><em>ἦσαν</em></strong></span> 
     </span>
     <span class='ocr_line' id='line_1_11' title="bbox 111 1189 1117 1282; baseline 0.002 -22"><span class='ocrx_word' id='word_1_69' title='bbox 111 1191 218 1280; x_wconf 75' lang='grc' dir='ltr'><strong><em>αὐτὴν</em></strong></span> <span class='ocrx_word' id='word_1_70' title='bbox 237 1189 396 1280; x_wconf 77' lang='grc' dir='ltr'><strong><em>ἀνευρελν</em></strong></span> <span class='ocrx_word' id='word_1_71' title='bbox 409 1198 444 1262; x_wconf 82' lang='grc' dir='ltr'><strong><em>ολ</em></strong></span> <span class='ocrx_word' id='word_1_72' title='bbox 453 1191 615 1280; x_wconf 82' lang='grc' dir='ltr'><strong><em>πρότεροι</em></strong></span> <span class='ocrx_word' id='word_1_73' title='bbox 629 1193 809 1280; x_wconf 86' lang='grc' dir='ltr'><strong><em>γενόμενοι</em></strong></span> <span class='ocrx_word' id='word_1_74' title='bbox 825 1197 976 1281; x_wconf 72' lang='grc' dir='ltr'><strong><em>βασιλέες</em></strong></span> <span class='ocrx_word' id='word_1_75' title='bbox 993 1191 1117 1282; x_wconf 82' lang='grc' dir='ltr'><strong><em>Ἀμυρ-</em></strong></span> 
     </span>
     <span class='ocr_line' id='line_1_12' title="bbox 111 1287 1114 1382; baseline 0.002 -25"><span class='ocrx_word' id='word_1_76' title='bbox 111 1300 223 1358; x_wconf 83' lang='grc' dir='ltr'><strong><em>ταίου·</em></strong></span> <span class='ocrx_word' id='word_1_77' title='bbox 257 1287 388 1376; x_wconf 79' lang='grc' dir='ltr'><strong><em>οὕνομα</em></strong></span> <span class='ocrx_word' id='word_1_78' title='bbox 408 1289 571 1378; x_wconf 70' lang='grc' dir='ltr'><strong><em>δέταύτῃ</em></strong></span> <span class='ocrx_word' id='word_1_79' title='bbox 590 1297 632 1380; x_wconf 81' lang='grc' dir='ltr'><strong><em>τῇ</em></strong></span> <span class='ocrx_word' id='word_1_80' title='bbox 651 1291 744 1382; x_wconf 77' lang='grc' dir='ltr'><strong><em>νήσμ</em></strong></span> <span class='ocrx_word' id='word_1_81' title='bbox 766 1287 885 1378; x_wconf 82' lang='grc' dir='ltr'><strong><em>Ἐλβώ,</em></strong></span> <span class='ocrx_word' id='word_1_82' title='bbox 912 1293 1062 1378; x_wconf 83' lang='grc' dir='ltr'><strong><em>μέγαθος</em></strong></span> <span class='ocrx_word' id='word_1_83' title='bbox 1083 1289 1114 1359; x_wconf 87' lang='grc' dir='ltr'><strong><em>δ’</em></strong></span> 
     </span>
     <span class='ocr_line' id='line_1_13' title="bbox 112 1386 566 1476; baseline 0.004 -22"><span class='ocrx_word' id='word_1_84' title='bbox 112 1389 177 1455; x_wconf 82' lang='grc' dir='ltr'><strong><em>ἐστὶ</em></strong></span> <span class='ocrx_word' id='word_1_85' title='bbox 185 1386 303 1476; x_wconf 74' lang='grc' dir='ltr'><strong><em>πάντῃ</em></strong></span> <span class='ocrx_word' id='word_1_86' title='bbox 315 1391 397 1456; x_wconf 83' lang='grc' dir='ltr'><strong><em>δέπα</em></strong></span> <span class='ocrx_word' id='word_1_87' title='bbox 410 1392 566 1456; x_wconf 84' lang='grc' dir='ltr'><strong><em>σταδίων.</em></strong></span> 
     </span>
    </p>

    <p class='ocr_par' dir='ltr' id='par_1_4' title="bbox 111 1483 1182 3564">
     <span class='ocr_line' id='line_1_14' title="bbox 193 1483 1182 1574; baseline 0.006 -20"><span class='ocrx_word' id='word_1_88' title='bbox 193 1484 293 1554; x_wconf 82' lang='grc' dir='ltr'><strong><em>Μττά</em></strong></span> <span class='ocrx_word' id='word_1_89' title='bbox 319 1488 357 1555; x_wconf 73' lang='grc' dir='ltr'><strong><em>δὲ</em></strong></span> <span class='ocrx_word' id='word_1_90' title='bbox 375 1493 498 1554; x_wconf 85' lang='grc' dir='ltr'><strong><em>τούτου</em></strong></span> <span class='ocrx_word' id='word_1_91' title='bbox 517 1493 717 1574; x_wconf 78' lang='grc' dir='ltr'><strong><em>βασιλεῦσαι</em></strong></span> <span class='ocrx_word' id='word_1_92' title='bbox 736 1485 798 1556; x_wconf 81' lang='grc' dir='ltr'><strong><em>τόν</em></strong></span> <span class='ocrx_word' id='word_1_93' title='bbox 818 1489 892 1574; x_wconf 87' lang='grc' dir='ltr'><strong><em>ίρέα</em></strong></span> <span class='ocrx_word' id='word_1_94' title='bbox 913 1492 974 1553; x_wconf 81' lang='grc' dir='ltr'><strong><em>τοῦ</em></strong></span> <span class='ocrx_word' id='word_1_95' title='bbox 994 1483 1117 1572; x_wconf 88' lang='grc' dir='ltr'><strong><em>Ἡφαί-</em></strong></span> <span class='ocrx_word' id='word_1_96' title='bbox 1135 1505 1182 1560; x_wconf 71' lang='lat'><strong><em>141</em></strong></span> 
     </span>
     <span class='ocr_line' id='line_1_15' title="bbox 111 1581 1116 1674; baseline 0 -24"><span class='ocrx_word' id='word_1_97' title='bbox 111 1605 207 1670; x_wconf 85' lang='grc' dir='ltr'><strong><em>στου,</em></strong></span> <span class='ocrx_word' id='word_1_98' title='bbox 229 1591 276 1674; x_wconf 72' lang='grc' dir='ltr'><strong><em>τῷ</em></strong></span> <span class='ocrx_word' id='word_1_99' title='bbox 291 1583 422 1671; x_wconf 82' lang='grc' dir='ltr'><strong><em>ούνομα</em></strong></span> <span class='ocrx_word' id='word_1_100' title='bbox 435 1582 523 1653; x_wconf 75' lang='grc' dir='ltr'><strong><em>εἶναι</em></strong></span> <span class='ocrx_word' id='word_1_101' title='bbox 536 1586 703 1652; x_wconf 85' lang='grc' dir='ltr'><strong><em>Σεθώυ·</em></strong></span> <span class='ocrx_word' id='word_1_102' title='bbox 734 1581 796 1654; x_wconf 80' lang='grc' dir='ltr'><strong><em>τόν</em></strong></span> <span class='ocrx_word' id='word_1_103' title='bbox 810 1587 848 1655; x_wconf 89' lang='grc' dir='ltr'><strong><em>ἐν</em></strong></span> <span class='ocrx_word' id='word_1_104' title='bbox 862 1582 1014 1674; x_wconf 74' lang='grc' dir='ltr'><strong><em>ἀλογίῃσι</em></strong></span> <span class='ocrx_word' id='word_1_105' title='bbox 1029 1589 1116 1672; x_wconf 80' lang='grc' dir='ltr'><strong><em>ἐχειν</em></strong></span> 
     </span>
     <span class='ocr_line' id='line_1_16' title="bbox 111 1679 1116 1770; baseline 0.002 -23"><span class='ocrx_word' id='word_1_106' title='bbox 111 1682 413 1769; x_wconf 74' lang='grc' dir='ltr'><strong><em>παραχρησάμενον</em></strong></span> <span class='ocrx_word' id='word_1_107' title='bbox 439 1690 509 1750; x_wconf 83' lang='grc' dir='ltr'><strong><em>τών</em></strong></span> <span class='ocrx_word' id='word_1_108' title='bbox 536 1689 689 1770; x_wconf 86' lang='grc' dir='ltr'><strong><em>μαχίμων</em></strong></span> <span class='ocrx_word' id='word_1_109' title='bbox 713 1689 909 1770; x_wconf 75' lang='grc' dir='ltr'><strong><em>Αἰγυπτίων</em></strong></span> <span class='ocrx_word' id='word_1_110' title='bbox 940 1679 985 1762; x_wconf 74' lang='grc' dir='ltr'><strong><em>ὡς</em></strong></span> <span class='ocrx_word' id='word_1_111' title='bbox 1014 1679 1116 1750; x_wconf 72' lang='grc' dir='ltr'><strong><em>οὐδὲν</em></strong></span> 
     </span>
     <span class='ocr_line' id='line_1_17' title="bbox 112 1776 1117 1869; baseline -0.002 -21"><span class='ocrx_word' id='word_1_112' title='bbox 112 1781 316 1869; x_wconf 83' lang='grc' dir='ltr'><strong><em>δεησόμενον</em></strong></span> <span class='ocrx_word' id='word_1_113' title='bbox 336 1779 465 1867; x_wconf 79' lang='grc' dir='ltr'><strong><em>αύτών,</em></strong></span> <span class='ocrx_word' id='word_1_114' title='bbox 493 1779 578 1851; x_wconf 84' lang='grc' dir='ltr'><strong><em>ἀλλα</em></strong></span> <span class='ocrx_word' id='word_1_115' title='bbox 598 1807 634 1850; x_wconf 85' lang='grc' dir='ltr'><strong><em>τε</em></strong></span> <span class='ocrx_word' id='word_1_116' title='bbox 654 1780 695 1869; x_wconf 78' lang='grc' dir='ltr'><strong><em>δὴ</em></strong></span> <span class='ocrx_word' id='word_1_117' title='bbox 713 1780 813 1868; x_wconf 84' lang='grc' dir='ltr'><strong><em>ἀτιμα</em></strong></span> <span class='ocrx_word' id='word_1_118' title='bbox 829 1787 990 1850; x_wconf 80' lang='grc' dir='ltr'><strong><em>ποιεῦντα</em></strong></span> <span class='ocrx_word' id='word_1_119' title='bbox 1005 1783 1038 1858; x_wconf 87' lang='grc' dir='ltr'><strong><em>ές</em></strong></span> <span class='ocrx_word' id='word_1_120' title='bbox 1052 1776 1117 1846; x_wconf 87' lang='grc' dir='ltr'><strong><em>αύ-</em></strong></span> 
     </span>
     <span class='ocr_line' id='line_1_18' title="bbox 112 1879 1116 1971; baseline -0.003 -22"><span class='ocrx_word' id='word_1_121' title='bbox 112 1880 203 1967; x_wconf 85' lang='grc' dir='ltr'><strong><em>τούς,</em></strong></span> <span class='ocrx_word' id='word_1_122' title='bbox 231 1888 292 1950; x_wconf 81' lang='grc' dir='ltr'><strong><em>καί</em></strong></span> <span class='ocrx_word' id='word_1_123' title='bbox 303 1901 409 1970; x_wconf 84' lang='grc' dir='ltr'><strong><em>σφεας</em></strong></span> <span class='ocrx_word' id='word_1_124' title='bbox 422 1880 608 1952; x_wconf 87' lang='grc' dir='ltr'><strong><em>ἀπελέσθαι</em></strong></span> <span class='ocrx_word' id='word_1_125' title='bbox 617 1880 677 1962; x_wconf 76' lang='grc' dir='ltr'><strong><em>τὰς</em></strong></span> <span class='ocrx_word' id='word_1_126' title='bbox 691 1879 857 1971; x_wconf 83' lang='grc' dir='ltr'><strong><em>ἀρούρας,</em></strong></span> <span class='ocrx_word' id='word_1_127' title='bbox 879 1895 965 1950; x_wconf 75' lang='grc' dir='ltr'><strong><em>τοῖσι</em></strong></span> <span class='ocrx_word' id='word_1_128' title='bbox 981 1882 1035 1949; x_wconf 76' lang='grc' dir='ltr'><strong><em>ἐπὶ</em></strong></span> <span class='ocrx_word' id='word_1_129' title='bbox 1046 1887 1116 1948; x_wconf 85' lang='grc' dir='ltr'><strong><em>τών</em></strong></span> 
     </span>
     <span class='ocr_line' id='line_1_19' title="bbox 113 1982 1117 2075; baseline 0.002 -26"><span class='ocrx_word' id='word_1_130' title='bbox 113 1984 282 2069; x_wconf 86' lang='grc' dir='ltr'><strong><em>προτέρων</em></strong></span> <span class='ocrx_word' id='word_1_131' title='bbox 302 1985 468 2070; x_wconf 84' lang='grc' dir='ltr'><strong><em>βασιλέων</em></strong></span> <span class='ocrx_word' id='word_1_132' title='bbox 489 1984 655 2055; x_wconf 89' lang='grc' dir='ltr'><strong><em>δεδόσθαι</em></strong></span> <span class='ocrx_word' id='word_1_133' title='bbox 674 1986 862 2071; x_wconf 72' lang='grc' dir='ltr'><strong><em>ἐξαιρέτους</em></strong></span> <span class='ocrx_word' id='word_1_134' title='bbox 883 1982 1009 2075; x_wconf 79' lang='grc' dir='ltr'><strong><em>ἑαάσιμ</em></strong></span> <span class='ocrx_word' id='word_1_135' title='bbox 1025 1984 1117 2052; x_wconf 87' lang='grc' dir='ltr'><strong><em>δυώ-</em></strong></span> 
     </span>
     <span class='ocr_line' id='line_1_20' title="bbox 114 2078 1116 2169; baseline -0.001 -21"><span class='ocrx_word' id='word_1_136' title='bbox 114 2086 189 2149; x_wconf 79' lang='grc' dir='ltr'><strong><em>δεκα</em></strong></span> <span class='ocrx_word' id='word_1_137' title='bbox 202 2078 361 2169; x_wconf 84' lang='grc' dir='ltr'><strong><em>ἀρούρας.</em></strong></span> <span class='ocrx_word' id='word_1_138' title='bbox 404 2081 487 2169; x_wconf 83' lang='grc' dir='ltr'><strong><em>μετά</em></strong></span> <span class='ocrx_word' id='word_1_139' title='bbox 508 2082 546 2151; x_wconf 76' lang='grc' dir='ltr'><strong><em>δέ</em></strong></span> <span class='ocrx_word' id='word_1_140' title='bbox 564 2081 619 2152; x_wconf 85' lang='grc' dir='ltr'><strong><em>ἐπ’</em></strong></span> <span class='ocrx_word' id='word_1_141' title='bbox 641 2093 818 2169; x_wconf 83' lang='grc' dir='ltr'><strong><em>Αίγυπτον</em></strong></span> <span class='ocrx_word' id='word_1_142' title='bbox 837 2081 994 2151; x_wconf 80' lang='grc' dir='ltr'><strong><em>ἐλαύνειν</em></strong></span> <span class='ocrx_word' id='word_1_143' title='bbox 1014 2101 1116 2169; x_wconf 84' lang='grc' dir='ltr'><strong><em>στρα-</em></strong></span> 
     </span>
     <span class='ocr_line' id='line_1_21' title="bbox 115 2178 1115 2273; baseline -0.003 -23"><span class='ocrx_word' id='word_1_144' title='bbox 115 2181 170 2251; x_wconf 81' lang='grc' dir='ltr'><strong><em>τόν</em></strong></span> <span class='ocrx_word' id='word_1_145' title='bbox 185 2187 292 2271; x_wconf 85' lang='grc' dir='ltr'><strong><em>μέγαν</em></strong></span> <span class='ocrx_word' id='word_1_146' title='bbox 305 2185 547 2273; x_wconf 81' lang='grc' dir='ltr'><strong><em>Σαναχάριβον</em></strong></span> <span class='ocrx_word' id='word_1_147' title='bbox 560 2189 699 2273; x_wconf 84' lang='grc' dir='ltr'><strong><em>βασιλέα</em></strong></span> <span class='ocrx_word' id='word_1_148' title='bbox 722 2181 886 2271; x_wconf 79' lang='grc' dir='ltr'><strong><em>Ἀραβίων</em></strong></span> <span class='ocrx_word' id='word_1_149' title='bbox 906 2207 942 2249; x_wconf 85' lang='grc' dir='ltr'><strong><em>τε</em></strong></span> <span class='ocrx_word' id='word_1_150' title='bbox 965 2184 1021 2251; x_wconf 76' lang='grc' dir='ltr'><strong><em>καὶ</em></strong></span> <span class='ocrx_word' id='word_1_151' title='bbox 1040 2178 1115 2249; x_wconf 78' lang='grc' dir='ltr'><strong><em>Ἀσ-</em></strong></span> 
     </span>
     <span class='ocr_line' id='line_1_22' title="bbox 115 2276 1115 2370; baseline -0.002 -22"><span class='ocrx_word' id='word_1_152' title='bbox 115 2288 252 2370; x_wconf 87' lang='grc' dir='ltr'><strong><em>συρίων·</em></strong></span> <span class='ocrx_word' id='word_1_153' title='bbox 275 2279 340 2351; x_wconf 81' lang='grc' dir='ltr'><strong><em>οὐκ</em></strong></span> <span class='ocrx_word' id='word_1_154' title='bbox 362 2276 412 2350; x_wconf 86' lang='grc' dir='ltr'><strong><em>ών</em></strong></span> <span class='ocrx_word' id='word_1_155' title='bbox 428 2281 468 2370; x_wconf 76' lang='grc' dir='ltr'><strong><em>δὴ</em></strong></span> <span class='ocrx_word' id='word_1_156' title='bbox 490 2287 623 2353; x_wconf 76' lang='grc' dir='ltr'><strong><em>ἐθέλειν</em></strong></span> <span class='ocrx_word' id='word_1_157' title='bbox 636 2280 715 2361; x_wconf 80' lang='grc' dir='ltr'><strong><em>τούς</em></strong></span> <span class='ocrx_word' id='word_1_158' title='bbox 735 2287 898 2369; x_wconf 76' lang='grc' dir='ltr'><strong><em>μαχίμους</em></strong></span> <span class='ocrx_word' id='word_1_159' title='bbox 918 2287 986 2349; x_wconf 83' lang='grc' dir='ltr'><strong><em>τών</em></strong></span> <span class='ocrx_word' id='word_1_160' title='bbox 1006 2286 1115 2366; x_wconf 86' lang='grc' dir='ltr'><strong><em>Λίγυ-</em></strong></span> 
     </span>
     <span class='ocr_line' id='line_1_23' title="bbox 115 2377 1115 2470; baseline -0.004 -22"><span class='ocrx_word' id='word_1_161' title='bbox 115 2388 213 2451; x_wconf 87' lang='grc' dir='ltr'><strong><em>πτίων</em></strong></span> <span class='ocrx_word' id='word_1_162' title='bbox 248 2384 410 2470; x_wconf 82' lang='grc' dir='ltr'><strong><em>βωθέειν·</em></strong></span> <span class='ocrx_word' id='word_1_163' title='bbox 438 2381 499 2451; x_wconf 87' lang='grc' dir='ltr'><strong><em>τόν</em></strong></span> <span class='ocrx_word' id='word_1_164' title='bbox 520 2384 557 2451; x_wconf 82' lang='grc' dir='ltr'><strong><em>δέ</em></strong></span> <span class='ocrx_word' id='word_1_165' title='bbox 576 2388 650 2470; x_wconf 88' lang='grc' dir='ltr'><strong><em>ίρέα</em></strong></span> <span class='ocrx_word' id='word_1_166' title='bbox 671 2384 704 2461; x_wconf 87' lang='grc' dir='ltr'><strong><em>ἐς</em></strong></span> <span class='ocrx_word' id='word_1_167' title='bbox 725 2379 870 2468; x_wconf 74' lang='grc' dir='ltr'><strong><em>ἀπορίην</em></strong></span> <span class='ocrx_word' id='word_1_168' title='bbox 891 2377 1115 2467; x_wconf 76' lang='grc' dir='ltr'><strong><em>ἀπειλημένον</em></strong></span> 
     </span>
     <span class='ocr_line' id='line_1_24' title="bbox 115 2478 1114 2568; baseline -0.004 -21"><span class='ocrx_word' id='word_1_169' title='bbox 115 2481 292 2549; x_wconf 78' lang='grc' dir='ltr'><strong><em>ἐσελθόντα</em></strong></span> <span class='ocrx_word' id='word_1_170' title='bbox 308 2481 343 2560; x_wconf 86' lang='grc' dir='ltr'><strong><em>ἐς</em></strong></span> <span class='ocrx_word' id='word_1_171' title='bbox 362 2479 400 2549; x_wconf 80' lang='grc' dir='ltr'><strong><em>τὸ</em></strong></span> <span class='ocrx_word' id='word_1_172' title='bbox 421 2485 571 2568; x_wconf 84' lang='grc' dir='ltr'><strong><em>μέγαρον</em></strong></span> <span class='ocrx_word' id='word_1_173' title='bbox 593 2478 679 2566; x_wconf 81' lang='grc' dir='ltr'><strong><em>πρὸς</em></strong></span> <span class='ocrx_word' id='word_1_174' title='bbox 696 2478 853 2567; x_wconf 85' lang='grc' dir='ltr'><strong><em>τώγαλμα</em></strong></span> <span class='ocrx_word' id='word_1_175' title='bbox 870 2478 1114 2567; x_wconf 84' lang='grc' dir='ltr'><strong><em>ἀποδύρεσθαι,</em></strong></span> 
     </span>
     <span class='ocr_line' id='line_1_25' title="bbox 115 2573 1114 2666; baseline -0.001 -22"><span class='ocrx_word' id='word_1_176' title='bbox 115 2573 164 2645; x_wconf 81' lang='grc' dir='ltr'><strong><em>οἷα</em></strong></span> <span class='ocrx_word' id='word_1_177' title='bbox 192 2578 387 2647; x_wconf 78' lang='grc' dir='ltr'><strong><em>κινδυνεύει</em></strong></span> <span class='ocrx_word' id='word_1_178' title='bbox 415 2590 557 2649; x_wconf 70' lang='grc' dir='ltr'><strong><em>παθεῖν·</em></strong></span> <span class='ocrx_word' id='word_1_179' title='bbox 606 2576 867 2666; x_wconf 82' lang='grc' dir='ltr'><strong><em>ὀλοφυρόμενον</em></strong></span> <span class='ocrx_word' id='word_1_180' title='bbox 894 2576 927 2646; x_wconf 88' lang='grc' dir='ltr'><strong><em>δ’</em></strong></span> <span class='ocrx_word' id='word_1_181' title='bbox 961 2578 1027 2665; x_wconf 86' lang='grc' dir='ltr'><strong><em>ἀρα</em></strong></span> <span class='ocrx_word' id='word_1_182' title='bbox 1055 2600 1114 2662; x_wconf 91' lang='grc' dir='ltr'><strong><em>μιν</em></strong></span> 
     </span>
     <span class='ocr_line' id='line_1_26' title="bbox 116 2670 1115 2767; baseline -0.003 -24"><span class='ocrx_word' id='word_1_183' title='bbox 116 2678 264 2747; x_wconf 80' lang='grc' dir='ltr'><strong><em>έπελθελν</em></strong></span> <span class='ocrx_word' id='word_1_184' title='bbox 282 2677 411 2764; x_wconf 82' lang='grc' dir='ltr'><strong><em>ὕπνον,</em></strong></span> <span class='ocrx_word' id='word_1_185' title='bbox 443 2684 503 2747; x_wconf 87' lang='grc' dir='ltr'><strong><em>ιιαί</em></strong></span> <span class='ocrx_word' id='word_1_186' title='bbox 513 2683 548 2747; x_wconf 88' lang='grc' dir='ltr'><strong><em>οί</em></strong></span> <span class='ocrx_word' id='word_1_187' title='bbox 559 2678 655 2759; x_wconf 84' lang='grc' dir='ltr'><strong><em>δόξαι</em></strong></span> <span class='ocrx_word' id='word_1_188' title='bbox 676 2681 714 2746; x_wconf 87' lang='grc' dir='ltr'><strong><em>έν</em></strong></span> <span class='ocrx_word' id='word_1_189' title='bbox 724 2684 764 2767; x_wconf 74' lang='grc' dir='ltr'><strong><em>τῇ</em></strong></span> <span class='ocrx_word' id='word_1_190' title='bbox 780 2674 840 2758; x_wconf 79' lang='grc' dir='ltr'><strong><em>όιρι</em></strong></span> <span class='ocrx_word' id='word_1_191' title='bbox 855 2676 1034 2745; x_wconf 81' lang='grc' dir='ltr'><strong><em>ἐπιστάντα</em></strong></span> <span class='ocrx_word' id='word_1_192' title='bbox 1054 2670 1115 2741; x_wconf 82' lang='grc' dir='ltr'><strong><em>τόν</em></strong></span> 
     </span>
     <span class='ocr_line' id='line_1_27' title="bbox 115 2768 1115 2864; baseline -0.005 -21"><span class='ocrx_word' id='word_1_193' title='bbox 115 2773 193 2845; x_wconf 78' lang='grc' dir='ltr'><strong><em>θεὸν</em></strong></span> <span class='ocrx_word' id='word_1_194' title='bbox 205 2777 407 2864; x_wconf 86' lang='grc' dir='ltr'><strong><em>θαρσύνειν,</em></strong></span> <span class='ocrx_word' id='word_1_195' title='bbox 430 2775 475 2856; x_wconf 86' lang='grc' dir='ltr'><strong><em>ώς</em></strong></span> <span class='ocrx_word' id='word_1_196' title='bbox 490 2775 592 2846; x_wconf 74' lang='grc' dir='ltr'><strong><em>οὐδὲν</em></strong></span> <span class='ocrx_word' id='word_1_197' title='bbox 603 2785 751 2845; x_wconf 85' lang='grc' dir='ltr'><strong><em>πείσεται</em></strong></span> <span class='ocrx_word' id='word_1_198' title='bbox 766 2774 864 2863; x_wconf 81' lang='grc' dir='ltr'><strong><em>ἀχαρι</em></strong></span> <span class='ocrx_word' id='word_1_199' title='bbox 878 2772 1043 2854; x_wconf 77' lang='grc' dir='ltr'><strong><em>ἀντιάζων</em></strong></span> <span class='ocrx_word' id='word_1_200' title='bbox 1053 2768 1115 2839; x_wconf 80' lang='grc' dir='ltr'><strong><em>τὸν</em></strong></span> 
     </span>
     <span class='ocr_line' id='line_1_28' title="bbox 113 2868 1112 2987; baseline -0.004 -46.98"><span class='ocrx_word' id='word_1_201' title='bbox 113 2868 267 2961; x_wconf 83' lang='grc' dir='ltr'><strong><em>Ἀραβίων</em></strong></span> <span class='ocrx_word' id='word_1_202' title='bbox 291 2874 455 2960; x_wconf 88' lang='grc' dir='ltr'><strong><em>στρατόν·</em></strong></span> <span class='ocrx_word' id='word_1_203' title='bbox 486 2873 590 2956; x_wconf 77' lang='grc' dir='ltr'><strong><em>αὐτὸς</em></strong></span> <span class='ocrx_word' id='word_1_204' title='bbox 616 2876 682 2963; x_wconf 88' lang='grc' dir='ltr'><strong><em>γάρ</em></strong></span> <span class='ocrx_word' id='word_1_205' title='bbox 708 2879 742 2943; x_wconf 90' lang='grc' dir='ltr'><strong><em>οί</em></strong></span> <span class='ocrx_word' id='word_1_206' title='bbox 764 2879 909 2961; x_wconf 76' lang='grc' dir='ltr'><strong><em>πέμψειν</em></strong></span> <span class='ocrx_word' id='word_1_207' title='bbox 936 2869 1112 2987; x_wconf 81' lang='grc' dir='ltr'><strong><em>τιμωρρύς.</em></strong></span> 
     </span>
     <span class='ocr_line' id='line_1_29' title="bbox 115 2966 1114 3062; baseline -0.005 -22"><span class='ocrx_word' id='word_1_208' title='bbox 115 2972 252 3043; x_wconf 86' lang='grc' dir='ltr'><strong><em>τούτοισι</em></strong></span> <span class='ocrx_word' id='word_1_209' title='bbox 268 2974 311 3062; x_wconf 81' lang='grc' dir='ltr'><strong><em>δή</em></strong></span> <span class='ocrx_word' id='word_1_210' title='bbox 326 3000 388 3061; x_wconf 92' lang='grc' dir='ltr'><strong><em>μιν</em></strong></span> <span class='ocrx_word' id='word_1_211' title='bbox 405 2981 552 3043; x_wconf 85' lang='grc' dir='ltr'><strong><em>πίσυνον</em></strong></span> <span class='ocrx_word' id='word_1_212' title='bbox 566 2990 653 3043; x_wconf 80' lang='grc' dir='ltr'><strong><em>τοῖσι</em></strong></span> <span class='ocrx_word' id='word_1_213' title='bbox 669 2976 856 3043; x_wconf 86' lang='grc' dir='ltr'><strong><em>ἐνυπνίοισι</em></strong></span> <span class='ocrx_word' id='word_1_214' title='bbox 876 2966 1114 3055; x_wconf 81' lang='grc' dir='ltr'><strong><em>παραλαβόντα</em></strong></span> 
     </span>
     <span class='ocr_line' id='line_1_30' title="bbox 115 3061 1116 3161; baseline -0.006 -27"><span class='ocrx_word' id='word_1_215' title='bbox 115 3062 300 3157; x_wconf 77' lang='grc' dir='ltr'><strong><em>Αἰγυπτίων</em></strong></span> <span class='ocrx_word' id='word_1_216' title='bbox 315 3071 396 3153; x_wconf 83' lang='grc' dir='ltr'><strong><em>τούς</em></strong></span> <span class='ocrx_word' id='word_1_217' title='bbox 409 3076 641 3161; x_wconf 85' lang='grc' dir='ltr'><strong><em>βουλομένους</em></strong></span> <span class='ocrx_word' id='word_1_218' title='bbox 662 3077 697 3141; x_wconf 94' lang='grc' dir='ltr'><strong><em>οί</em></strong></span> <span class='ocrx_word' id='word_1_219' title='bbox 714 3075 856 3141; x_wconf 73' lang='grc' dir='ltr'><strong><em>ἕπεσθαι</em></strong></span> <span class='ocrx_word' id='word_1_220' title='bbox 870 3061 1116 3154; x_wconf 87' lang='grc' dir='ltr'><strong><em>στρατοπεδεύ-</em></strong></span> 
     </span>
     <span class='ocr_line' id='line_1_31' title="bbox 114 3161 1115 3263; baseline -0.002 -30"><span class='ocrx_word' id='word_1_221' title='bbox 114 3179 230 3239; x_wconf 80' lang='grc' dir='ltr'><strong><em>σασθαι</em></strong></span> <span class='ocrx_word' id='word_1_222' title='bbox 245 3174 283 3239; x_wconf 88' lang='grc' dir='ltr'><strong><em>έν</em></strong></span> <span class='ocrx_word' id='word_1_223' title='bbox 296 3178 479 3263; x_wconf 88' lang='grc' dir='ltr'><strong><em>Πηλουσίω</em></strong></span> <span class='ocrx_word' id='word_1_224' title='bbox 496 3171 675 3261; x_wconf 72' lang='grc' dir='ltr'><strong><em>(ταύτῃ</em></strong></span> <span class='ocrx_word' id='word_1_225' title='bbox 630 3197 696 3257; x_wconf 88' lang='grc' dir='ltr'><strong><em>γαρ</em></strong></span> <span class='ocrx_word' id='word_1_226' title='bbox 713 3176 775 3239; x_wconf 85' lang='grc' dir='ltr'><strong><em>είσι</em></strong></span> <span class='ocrx_word' id='word_1_227' title='bbox 796 3196 816 3235; x_wconf 95' lang='grc' dir='ltr'><strong><em>α</em></strong></span> <span class='ocrx_word' id='word_1_228' title='bbox 817 3167 1011 3251; x_wconf 74' lang='grc' dir='ltr'><strong><em>ίέσβολαίλ·</em></strong></span> <span class='ocrx_word' id='word_1_229' title='bbox 1037 3161 1115 3227; x_wconf 78' lang='grc' dir='ltr'><strong><em>ἕπε·</em></strong></span> 
     </span>
     <span class='ocr_line' id='line_1_32' title="bbox 111 3262 1115 3368; baseline -0.016 -28"><span class='ocrx_word' id='word_1_230' title='bbox 111 3281 186 3342; x_wconf 88' lang='grc' dir='ltr'><strong><em>σθαι</em></strong></span> <span class='ocrx_word' id='word_1_231' title='bbox 207 3276 249 3345; x_wconf 85' lang='grc' dir='ltr'><strong><em>δέ</em></strong></span> <span class='ocrx_word' id='word_1_232' title='bbox 270 3278 306 3344; x_wconf 91' lang='grc' dir='ltr'><strong><em>οί</em></strong></span> <span class='ocrx_word' id='word_1_233' title='bbox 326 3279 395 3343; x_wconf 83' lang='grc' dir='ltr'><strong><em>τών</em></strong></span> <span class='ocrx_word' id='word_1_234' title='bbox 418 3280 574 3368; x_wconf 89' lang='grc' dir='ltr'><strong><em>μαχίμων</em></strong></span> <span class='ocrx_word' id='word_1_235' title='bbox 596 3298 659 3358; x_wconf 91' lang='grc' dir='ltr'><strong><em>μεν</em></strong></span> <span class='ocrx_word' id='word_1_236' title='bbox 683 3267 808 3337; x_wconf 84' lang='grc' dir='ltr'><strong><em>ούδένα</em></strong></span> <span class='ocrx_word' id='word_1_237' title='bbox 832 3262 985 3352; x_wconf 75' lang='grc' dir='ltr'><strong><em>ἀνδρῶν,</em></strong></span> <span class='ocrx_word' id='word_1_238' title='bbox 1008 3281 1115 3344; x_wconf 83' lang='grc' dir='ltr'><strong><em>καπη-</em></strong></span> 
     </span>
     <span class='ocr_line' id='line_1_33' title="bbox 113 3357 1182 3502; baseline -0.019 -59"><span class='ocrx_word' id='word_1_239' title='bbox 113 3379 184 3455; x_wconf 78' lang='grc' dir='ltr'><strong><em>λυυς</em></strong></span> <span class='ocrx_word' id='word_1_240' title='bbox 206 3376 244 3446; x_wconf 78' lang='grc' dir='ltr'><strong><em>δέ</em></strong></span> <span class='ocrx_word' id='word_1_241' title='bbox 269 3403 328 3445; x_wconf 82' lang='grc' dir='ltr'><strong><em>και</em></strong></span> <span class='ocrx_word' id='word_1_242' title='bbox 357 3372 583 3502; x_wconf 72' lang='grc' dir='ltr'><strong><em>χειρώνακτας</em></strong></span> <span class='ocrx_word' id='word_1_243' title='bbox 608 3370 666 3439; x_wconf 82' lang='grc' dir='ltr'><strong><em>ιιαὶ</em></strong></span> <span class='ocrx_word' id='word_1_244' title='bbox 694 3366 877 3455; x_wconf 82' lang='grc' dir='ltr'><strong><em>ἀγοραίους</em></strong></span> <span class='ocrx_word' id='word_1_245' title='bbox 903 3357 1182 3446; x_wconf 84' lang='grc' dir='ltr'><strong><em>ἀνθρώπους..</em></strong></span> 
     </span>
     <span class='ocr_line' id='line_1_34' title="bbox 112 3460 1118 3564; baseline -0.024 -19"><span class='ocrx_word' id='word_1_246' title='bbox 112 3474 291 3545; x_wconf 67' lang='grc' dir='ltr'><strong><em>ἔνθαῦτα’</em></strong></span> <span class='ocrx_word' id='word_1_247' title='bbox 272 3478 497 3564; x_wconf 85' lang='grc' dir='ltr'><strong><em>απιαομένου,</em></strong></span> <span class='ocrx_word' id='word_1_248' title='bbox 514 3488 601 3541; x_wconf 77' lang='grc' dir='ltr'><strong><em>τοῖσι</em></strong></span> <span class='ocrx_word' id='word_1_249' title='bbox 619 3472 798 3538; x_wconf 80' lang='grc' dir='ltr'><strong><em>ἐναντίοισι</em></strong></span> <span class='ocrx_word' id='word_1_250' title='bbox 817 3460 1035 3547; x_wconf 84' lang='grc' dir='ltr'><strong><em>ἐπιχυθέντας</em></strong></span> <span class='ocrx_word' id='word_1_251' title='bbox 1053 3482 1118 3521; x_wconf 92' lang='grc' dir='ltr'><strong><em>νυ-</em></strong></span> 
     </span>
    </p>
   </div>
   <div class='ocr_carea' id='block_1_4' title="bbox 0 0 1254 3925">
    <p class='ocr_par' dir='ltr' id='par_1_5' title="bbox 0 0 1254 3925">
     <span class='ocr_line' id='line_1_35' title="bbox 0 0 1254 3925; baseline 0 0"><span class='ocrx_word' id='word_1_252' title='bbox 0 0 1254 3925; x_wconf 95' lang='lat' dir='ltr'><strong><em> </em></strong></span> 
     </span>
    </p>
   </div>
  </div>
 </body>
</html>
