2500 3925
302 302 387 360 διε.
421 303 440 357 1.
477 302 573 359 cm.
610 302 786 359 ιεε-ιει.
986 266 1050 360 ’8ο
1130 302 1135 307 ’

65 484 149 544 ιητον
163 462 283 527 ἐοῦσαν
297 462 352 527 καί
366 466 434 527 τῶν
448 457 614 547 πρότερον
630 461 684 529 καί
699 467 768 528 τόν
783 467 849 530 νῦν
864 459 1050 531 έστεάτων·

64 554 95 623 τά
113 558 170 644 μέν
190 555 255 646 γάρ
275 556 442 645 πρότερον
462 556 527 643 έγά
541 584 576 626 τε
592 562 733 646 ἔπρηξα,
754 561 810 627 καί
835 555 899 646 ἔγά
921 560 1051 646 κεφαλῇ

64 654 216 744 ἀναμάξας
237 657 345 745 φέρω·
377 653 418 723 τά
443 657 479 724 δὲ
501 662 568 723 νῦν
594 656 780 743 παρεόντα,
806 654 964 741 Πακτύης
984 651 1050 741 γάρ

64 757 118 823 ε’δτι
132 751 149 823 ὁ
163 752 324 841 ἀδικέων,
346 759 393 845 τῷ
416 751 459 823 σὺ
484 755 665 841 ἐπέτρεψας
683 754 831 842 Σάρδις,
851 745 949 832 οὑτος
964 750 1051 821 δότω
1206 811 1207 834 ,

64 879 104 920 τοι
116 858 216 939 δίκην.
233 876 244 911 ¹
263 856 404 921 Λυδοῖσι
425 852 461 921 δέ
483 852 691 939 συγγνώμην
712 859 798 940 ἔχων
817 853 898 922 τάδε
921 849 1052 920 αὑτοῖσι
1131 912 1138 919 .
1207 881 1208 894 ’

63 953 214 1036 ἐπίταξον,
244 946 289 1030 ὡς
313 950 395 1040 μη’τε
419 949 606 1021 ἀποστέωσι
636 953 718 1041 μήτε
743 958 852 1023 δεινοί
876 978 929 1021 τοι
956 958 1051 1021 έωσι·

63 1048 163 1117 ἀπειπε
176 1052 238 1137 μέν
254 1068 314 1136 σφι
326 1050 457 1137 πέμψας
467 1046 555 1118 ὅπλα
564 1047 666 1135 ἀρήϊα
675 1048 720 1137 μὴ
729 1052 923 1134 κεκτῆσθαι,
935 1053 1051 1121 κέλευε

63 1146 93 1213 δέ
104 1165 202 1233 σφεας
222 1145 376 1227 κνδῶνάς
397 1174 433 1216 τε
456 1146 647 1218 ὑποδύνειν
666 1165 753 1219 τοῖσι
773 1154 886 1238 εἵμασι
913 1152 969 1219 καί
988 1174 1049 1217 κο-

62 1242 193 1333 θόρνους
207 1244 431 1333 ὑποδέεσθαι,
454 1245 596 1331 πρόειπε
613 1244 646 1316 δ’
669 1244 799 1318 αύτοίσι
816 1255 1000 1335 κιθαρίζειν
1014 1272 1051 1316 τε

63 1349 105 1414 καί
119 1345 255 1426 ψάλλειν
272 1350 328 1414 καί
343 1347 546 1433 καπηλεύειν
561 1349 737 1418 παιδεύειν
746 1349 828 1431 τούς
841 1355 970 1430 παῖδας.
994 1352 1050 1417 καί

65 1450 163 1533 ταχέως
176 1450 292 1535 σφέας,
310 1440 338 1517 ά
352 1454 508 1536 βασιλεύ,
532 1463 696 1535 γυναῖκας
710 1448 780 1519 ἀντ’
797 1450 934 1540 ἀνδροῖν
951 1450 1049 1533 ὄψεαι

63 1547 231 1636 γεγονότας,
250 1546 335 1617 ὥστε
347 1546 448 1617 οὐδὲν
459 1552 568 1617 δεινοί
575 1574 626 1616 τοι
639 1554 781 1638 ἔσονται,
796 1550 841 1639 μὴ
852 1548 1047 1619 ἀποστέωσι.

63 1656 185 1735 Κροῖσος
199 1650 265 1736 μέν
280 1646 321 1735 δὴ
336 1648 439 1716 ταῦτά
454 1653 488 1718 οί
503 1646 700 1736 ὑπετίθετο,
723 1650 925 1739 αἱρετώτερα
946 1658 1048 1719 ταῦτα
1062 1676 1111 1733 ηςη

64 1745 207 1836 εὑρίσκων
217 1753 362 1818 Λυδοῖσι
372 1744 394 1834 ἢ
405 1746 739 1837 ἀνδραποδισθέντας
750 1749 927 1837 πρηθῆναί
935 1770 1049 1835 σφεας,

64 1849 278 1935 ἐπιστάμενος,
297 1846 349 1916 ὅτι
371 1843 469 1934 ἦνμὴ
486 1846 670 1935 ἀξιόχρεων
690 1847 863 1935 πρόφασιν
880 1852 1050 1935 προτείνη,

64 1943 112 2016 οὑκ
132 1945 303 2017 ἀναπείσει
330 1973 389 2033 μιν
415 1946 768 2035 μεταβουλεύσασθαι,
796 1941 979 2032 ἀρρωδέων
1003 1944 1050 2032 δὲ,

64 2046 97 2134 μὴ
110 2051 157 2118 καί
173 2046 320 2135 ὕστερόν
335 2073 410 2115 κοτε
425 2051 459 2116 οί
470 2049 594 2134 Λυδοί,
616 2042 662 2134 ἦν
682 2043 720 2113 τδ
736 2042 864 2132 παρεόν
879 2040 1051 2128 ὑπεκδρά-

64 2170 140 2317 ρμοι,
157 2146 363 2227 ἀποστάντες
379 2143 444 2215 ἀπὸ
460 2153 528 2214 τῶν
538 2149 699 2232 Περσέων
713 2142 914 2213 ἀπόλωνται.
937 2149 1051 2229 Κῦρος

65 2248 261 2338 δ’δθείς’
219 2277 262 2342 τη
284 2247 445 2338 ὑποθήκη
467 2250 522 2316 καὶ
541 2246 637 2326 ὑπεὶς
660 2271 718 2332 της
732 2241 835 2331 ὀργῆς
852 2250 917 2330 ἔφη
932 2248 967 2311 οί
978 2247 1052 2310 πεί-

64 2361 176 2420 θεσθαι.
214 2351 407 2429 καλέσαςδδ
426 2350 590 2437 Μαζάρεα
611 2347 720 2433 ἀνδρα
737 2349 878 2448 Μηδον,
899 2351 1003 2413 ταῦτα
996 2343 1054 2411 ὀί

65 2450 222 2520 ἐνετείλατο
239 2463 415 2538 προειπεῖν
429 2454 589 2535 Λυδοῖσι,
611 2445 651 2515 τά
667 2445 686 2514 ὁ
704 2438 850 2532 Κροῖσος
861 2444 1052 2529 ὑπετίθετο,

65 2552 106 2616 καί
128 2550 206 2638 πρός
231 2553 582 2637 ἐξανδραποδίσασθαι
608 2545 688 2626 τούς
708 2544 832 2626 ἀλλους
836 2547 994 2669 πάντας,
1019 2551 1054 2612 οἳ

66 2672 129 2730 μετα
118 2645 263 2718 Λυδῶν
281 2651 334 2717 έπί
348 2649 477 2738 Σάρδις
492 2648 775 2735 ἐστρατεύσαντο,
802 2645 908 2716 αὑτόν
925 2646 962 2715 δὲ
978 2653 1051 2712 Πα-

67 2747 150 2834 κτύην
164 2750 299 2828 πάντως
315 2749 440 2830 ζώοντα
458 2745 596 2835 ἀγαγεῖν
610 2745 686 2834 παρ’
704 2746 841 2814 ἑωυτόν.
879 2744 916 2814 ‘0
933 2747 995 2831 μὲν
1010 2739 1050 2830 δη
1066 2757 1115 2814 167

68 2852 149 2914 ταῦτα
171 2852 207 2917 έκ
230 2857 288 2936 τῆς
311 2847 394 2918 ὁδοῦ
420 2849 652 2934 ἐντειλάμενος
667 2844 844 2934 ἀπήλαυνε
861 2849 895 2926 ές
909 2845 995 2935 ἤθεα
1012 2843 1052 2912 τά

69 2954 217 3038 Περσέων,
239 2951 400 3038 Πακτύης
422 2953 457 3018 δὲ
473 2950 670 3034 πυθόμενος
686 2944 792 3034 ἀγχοῦ
811 2945 895 3015 εἶναι
910 2942 1054 3034 στρατόν

69 3045 133 3113 ἐπ’
119 3053 236 3120 εωυτδν
252 3052 360 3140 ἰόντα,
377 3051 530 3132 δείσας’
503 3077 603 3143 ιμχετο
620 3051 760 3137 φεύγων
774 3048 949 3135 έςΚύμην.
972 3054 1054 3120 Μα-

46 3211 47 3214 *
71 3148 113 3235 ζᾶδ
99 3176 147 3236 ρης
169 3154 204 3220 δὲ
228 3150 385 3240 ὁΜῆδος
405 3153 526 3230 ἐλάσας
552 3154 604 3219 έπί
625 3150 685 3228 τάς
701 3148 830 3242 Σάρδις
853 3154 914 3214 τοῦ
934 3143 1054 3229 Κύρου

71 3258 188 3332 στρατοῦ
200 3267 323 3339 μοίραν
335 3251 419 3338 όοην
434 3252 478 3338 δη’
489 3276 566 3320 κοτε
579 3245 712 3336 έχων,’
690 3275 735 3325 ως
750 3243 812 3312 οὑκ
828 3236 906 3328 εὑρε
918 3247 966 3311 έτι
977 3241 1054 3310 ἐόν-

73 3371 113 3422 τος
101 3345 196 3428 ςτοὺς
210 3347 463 3437 ἀμφίΠακτύην
475 3353 512 3417 έν
523 3346 681 3436 Σάρδισι,
697 3368 812 3431 πρωτα
824 3338 971 3429 μὲντοὺς
983 3347 1054 3408 Λυ-

72 3441 162 3524 δοὺς’
146 3449 310 3560 ηνάγκαδε
326 3446 385 3527 τάς
399 3448 522 3537 Κύρου
545 3443 683 3524 έντολάς
705 3443 901 3511 ἐπιτελέειν
924 3439 960 3504 ἐκ
976 3441 1052 3503 τού-

73 3565 118 3608 του
129 3546 161 3614 δέ
170 3526 437 3636 κελευσμοσύνης
448 3543 602 3616 Λυδοὶ
566 3573 629 3634 την
644 3551 757 3610 πᾶσαν
769 3541 1035 3684 δίαιταὸνμης
980 3533 1055 3618 ζόης
