2500 3925
377 265 463 322 LIB.
494 265 528 320 Π.
560 263 658 322 ῦΑΡ.
686 269 828 326 41-46.
1047 259 1109 326 189

105 437 321 522 ἑπτακισχίλια
331 435 388 504 καλ
404 434 508 523 μόρια
522 433 707 525 ές”Αμασιν
720 432 982 525 βασιλεύσαντα,
1001 440 1109 507 ἐπείτε

104 539 137 603 έκ
157 540 226 604 τῶν
249 534 338 606 όκτῦ
368 543 463 606 θεῶν
493 541 529 606 οί
549 537 706 608 δυόδεκα
727 539 805 608 θεοὶ
836 539 1010 626 έγέυοντα,
1041 539 1110 607 τῶν

106 639 254 725 Ηρακλέα
272 639 333 706 ἕνα
350 646 528 726 νομιζουσι.
570 640 639 710 Καὶ
664 641 794 710 ἐθέλων
817 638 856 709 66
878 638 1009 710 τούτων
1031 641 1107 728 πέρι
1120 657 1153 709 44

101 739 198 827 σαφές
211 763 243 806 τι
256 739 383 809 εἰδέναι
393 743 429 809 ἐκ
441 745 511 809 τῦν
524 735 600 810 οἷόν
611 768 647 810 τε
659 733 713 830 ἦν,
728 747 862 813 έπλωσα
874 742 932 810 καὶ
946 743 979 821 ές
998 740 1111 831 Τῦρον

106 845 165 924 τῆς
178 842 356 926 Φοινίκης,
377 837 638 924 πυνθανόμενος
659 835 781 907 αὐτόθι
803 838 887 908 εἶναι
911 841 989 929 ίρόν
1003 839 1107 926 Ἦρα-

106 939 197 1014 κλέος
211 933 320 1021 άγιον.
348 937 405 1004 καὶ
426 933 517 1005 εἷσον
532 941 702 1015 πλουσίως
722 939 1031 1025 κατεσκευασμένον
1045 937 1106 1006 άλ-

105 1042 192 1105 λοισί
201 1061 239 1103 τε
254 1043 406 1103 πολλοίσι
427 1032 638 1125 άναθήμασι,
660 1038 714 1105 καί
728 1037 766 1105 έν
781 1035 871 1127 αῦτχῦ
886 1031 974 1128 ἦσαν
989 1045 1105 1127 στῆλαι
1182 1123 1187 1134 Ι

103 1136 181 1222 όόο,
206 1131 309 1223 ἡμὲν
330 1141 458 1221 χρυσοῦ
478 1132 656 1223 άπέφθου,
682 1133 704 1224 ἡ
729 1140 767 1206 θλ
786 1139 983 1227 σμαράγδου
1003 1143 1105 1209 λίθον

102 1235 291 1323 λάμποντος
311 1231 371 1313 τὰς
393 1234 517 1314 νύκτας
537 1234 706 1323 μεγάλως·
734 1238 768 1315 ές
791 1236 912 1324 λόγους
933 1237 969 1306 66
992 1233 1105 1307 έλθῦν

102 1349 184 1404 τοῖσι
200 1340 310 1418 ίρεῦσι
327 1339 388 1401 τοῦ
401 1341 489 1403 θεοῦ
505 1334 663 1422 εἰρόμην,
679 1334 800 1415 ὁκόσος
813 1335 934 1420 χρόνος
948 1344 999 1422 είη
1013 1337 1047 1417 έξ
1062 1328 1105 1402 οῦ

100 1456 161 1522 σφι
171 1460 209 1503 το
197 1431 299 1517 ίρον
309 1439 451 1520 ιόρυται
473 1426 576 1517 ευρον
587 1436 625 1502 δὲ
636 1431 716 1503 ovo}
726 1460 867 1514 τουτονς
875 1449 961 1504 τοῖσι
969 1431 1105 1520 Ἕλλησι

99 1532 394 1620 συμφερομένους·
415 1537 546 1616 ἔφασαν
559 1529 625 1617 γάρ
643 1529 712 1619 ἅμα
729 1531 828 1623 Τῦρφ
849 1556 867 1598 ο
868 1533 1035 1654 κιζομένη
1049 1535 1104 1599 καλ

99 1660 135 1702 το
124 1631 228 1721 ίρόν
248 1638 309 1699 τοῦ
333 1637 420 1700 θεοῦ
434 1635 633 1753 ἱδρυθῆναι,
656 1628 741 1698 εἶναι
756 1631 792 1698 δέ
806 1626 914 1698 ἔτεκ’
895 1627 954 1698 αιι’
973 1621 1014 1697 οῦ
1034 1630 1103 1698 Τύ-

100 1761 161 1815 ρον
150 1734 334 1803 οίκέουσι
361 1730 535 1818 τριηκόσια
559 1732 615 1799 καὶ
641 1733 730 1817 ῦισχί
728 1739 791 1800 λια.
828 1729 918 1798 εἶδον
940 1732 977 1798 66
1003 1731 1040 1798 έν
1063 1735 1103 1818 τῇ

103 1833 200 1924 Τῦρφ
215 1833 272 1899 καλ
292 1827 375 1898 άλλο
395 1827 472 1951 ίρόν
479 1826 660 1913 Ἡρακλέος
676 1832 869 1916 ἐπωνυμίην
885 1834 1016 1916 ἔχοντος
1032 1835 1103 1896 Θα·

97 1937 175 2000 σίου
196 1927 293 1999 εἶναι.
325 1924 497 2017 άπικόμην
520 1930 558 1997 δέ
582 1931 638 1997 καὶ
663 1929 696 2009 ές
720 1927 851 2016 Θάσον,
873 1931 911 1996 έν
933 1951 974 2050 τη
1000 1917 1102 2012 εὗρον

97 2027 173 2117 ίρόν
180 2024 395 2115 θἨρακλέος
377 2051 443 2095 οπο
432 2026 627 2096 Φοινίκων
638 2029 831 2115 ίόρυμένον,
849 2034 884 2094 οἳ
895 2054 957 2095 κατ
958 2024 1103 2111 ’3606'-

95 2154 160 2217 της
183 2124 320 2215 ζήτησιν
350 2126 579 2205 έκπλάσαντες
599 2125 715 2196 Θάσον
740 2132 889 2195 έκτισαν·
921 2127 1102 2193 καὶταῦτα

95 2229 150 2295 καί
160 2228 261 2295 πέντε
272 2232 406 2313 γενεῇσι
414 2222 708 2309 άνόοῦνπρότερά
717 2219 1103 2312 έστιῆτόνἈμφιτρόω-

86 2353 144 2405 νος
170 2322 338 2412 Ἡρακλέα
369 2325 406 2391 έν
436 2327 478 2411 τῇ
505 2322 637 2392 Ἑλλάδι
666 2324 835 2407 γενέσθαι.
882 2321 923 2390 τό
953 2323 1015 2409 μέν
1041 2346 1106 2388 νυν

86 2426 293 2515 ἱστορημένα
336 2428 435 2511 όηλοί
466 2424 599 2511 σαφέως
640 2421 785 2492 παλαιόν
824 2420 910 2492 θεόν
941 2419 1106 2507 Ἡρακλέα

86 2528 196 2597 έόντα.
234 2526 292 2594 καὶ
317 2524 537 2595 ῦοκέουσιόέ
556 2550 611 2614 μοι
628 2515 725 2594 οῦτοι
749 2521 921 2613 ὀρθότατα
938 2521 1106 2611 Ἑλλήνων

85 2631 232 2715 ποιέειν,
257 2634 295 2696 οἳ
310 2625 383 2709 ῦιξά
402 2624 580 2715 Ἡράκλεια
598 2624 818 2715 ίόρυσάμευοι
834 2627 1024 2712 κεκτέαται,
1050 2625 1106 2693 και

89 2757 134 2820 τρι
120 2726 257 2816 ”’μὲν
234 2753 280 2806 ως
294 2724 473 2817 άθανάτφ,
495 2723 681 2819 Οῦλυμπίφ
701 2726 738 2794 δέ
752 2727 947 2811 ἐπωνυμίην
961 2720 1100 2806 θύουσι,

88 2824 184 2919 τφό’
203 2819 343 2917 ἕτέρφό
321 2851 365 2904 ως
381 2820 468 2911 ηρωι
481 2826 577 2909 έναγί
576 2828 677 2905 ζουσι.
710 2826 856 2910 Λέγουσι
870 2822 906 2890 δὲ
920 2816 1027 2889 πολλά
1044 2821 1099 2886 καί
1114 2840 1148 2892 45

86 2922 175 2994 ἄλλα
196 2920 448 3001 ἀνεπισκέπτως
471 2922 528 2991 οί”
520 2930 685 3008 Ελληνες·
708 2918 932 3010 εῦήθηςῦέα
912 2918 1024 2989 αῦτῦν
1046 2920 1101 2984 καὶ

86 3020 184 3090 ὅσι’
168 3049 188 3089 o
211 3020 325 3108 μῦθός
345 3022 430 3106 ἐστι,
452 3018 514 3090 τόν
526 3024 677 3104 περὶτοῦ
692 3018 871 3109 Ἡρακλέος
885 3012 1078 3105 λέγουσι,’
1057 3042 1101 3094 ως

84 3119 198 3190 αῦτόν
219 3117 428 3207 ἀπικόμενον
442 3124 475 3200 ές
487 3130 663 3208 Αἴγυπτον
677 3124 856 3201 στέψαντες
878 3122 912 3186 οί
923 3115 1101 3204 Αίγύπτιοι

84 3216 155 3286 ῦπό
177 3225 316 3304 πομπῆς
335 3220 455 3306 ἐξῆγον
471 3218 516 3299 ὡς
535 3221 701 3299 θύσοντες
721 3227 766 3311 τῷ
781 3226 856 3289 Διί·
878 3214 939 3285 τὸν
963 3216 998 3285 δέ
1020 3214 1100 3293 τέως

84 3316 150 3403 μέν
163 3315 311 3405 ἡσυχίην
326 3322 430 3405 ἔχειν,
446 3320 517 3387 έπελ
531 3319 568 3387 δέ
582 3317 688 3387 αῦτοῦ
702 3318 786 3406 πρὸς
799 3324 845 3409 τῷ
859 3323 963 3407 βωμῷ
976 3314 1100 3402 κατήρ-

85 3440 209 3501 χοντο,
231 3418 266 3494 ές
280 3412 388 3503 άλκὴν
402 3416 615 3505 τραπόμενον
629 3418 757 3495 πάντας
771 3417 875 3503 σφέας
889 3419 1100 3501 καταφονεῦ-

87 3533 155 3583 σαι.
192 3516 265 3602 ἐμοὶ
279 3514 343 3600 μέν
364 3541 431 3582 νυν
447 3516 603 3585 όοκέονσι
623 3522 728 3585 ταῦτα
748 3517 901 3601 λέγοντες
922 3521 979 3601 τῆς
993 3518 1100 3598 Αἰγυ-
