2500 3925
307 255 394 313 LIB.
442 255 513 310 vffl.
547 255 646 313 CAP.
679 262 820 315 ³8-44.
1022 251 1078 312 24]

14 395 33 460 ''³'‘
57 422 175 484 λακον
190 418 248 499 τῆς
261 409 464 500 ἀκροπόλιος
484 414 717 482 ἐνδιαιτᾶσθαι
730 414 827 505 ἐντῷ
840 410 911 507 ίρῷ.
940 416 1087 499 λέγουσί

13 516 29 565 ¹²·
56 540 102 581 τε
119 519 224 581 ταῦτα
238 515 294 582 καί
307 509 349 601 δή
363 515 419 582 καί
434 509 478 592 ὥς
492 512 582 581 ἐόντι
596 511 755 599 ἐπιμήνια
771 514 974 581 ἐπιτελέουσι
995 534 1081 599 προ-

13 614 234 690 ’τιθέντες
254 607 340 679 τάδ’
353 611 511 698 ἐπιμήνια
521 608 718 697 μελιτόεσσα
733 611 811 679 ἐστι.
835 606 995 698 αὕτηδΗ
976 636 998 698 η
1020 634 1080 695 με·

13 709 222 779 δλιτόεσσα
240 712 278 779 ἐν
297 737 343 803 τη)
329 710 490 799 πρόσθε
505 714 570 779 αίελ
588 710 700 799 χρόνω
717 707 982 798 ἀναισιμουμένη
1004 708 1078 779 τότε

12 801 109 934 σῆυ
125 806 304 889 άυαυστος.
327 808 522 935 σημηνάσης
537 809 574 876 δὲ
588 814 693 876 ταῦτα
706 814 766 894 τῆς
780 811 884 926 ίρείης
897 801 1034 895 μᾶλλόν
1046 832 1078 875 τι

12 907 98 977 ἷςὲοἷ
114 903 288 993 Ἀθηναῖοι
304 910 359 976 καὶ
379 905 641 993 προθυμότερον
661 902 863 986 ἐξέλιπον
827 931 890 992 την
905 904 1008 975 πόλιν
1034 900 1077 983 ὡς

12 1030 30 1070 ι
54 1009 120 1075 καλ
141 1014 200 1093 τῆς
213 1014 301 1076 θεοῦ
320 1004 578 1094 ἀπολελοιπυίης
593 1032 658 1093 την
676 1002 870 1089 ἀκρόπολιν.
895 1002 940 1084 ὡς
958 1006 997 1072 δέ
1015 1022 1075 1089 σφι

13 1132 29 1171 f:
54 1110 175 1178 πάντα
189 1106 398 1197 ὑπεξεκέετο,
414 1114 547 1179 έπλωον
562 1111 595 1188 ές
610 1105 649 1177 τὸ
664 1106 898 1195 στρατόπεδον.
928 1104 1016 1175 Ἐπεὶ
1038 1106 1075 1173 δέ
1093 1138 1129 1191 42

12 1209 28 1274 ξι
54 1215 96 1279 ολ
109 1207 169 1277 ἀπ’
184 1208 390 1298 Ἀρτεμισίου
403 1212 437 1289 ές
447 1217 626 1297 Σαλαμῖνα
640 1210 800 1294 κατέσχον
812 1204 871 1287 τὰς
882 1210 970 1293 νέας,
984 1226 1074 1274 συν-

13 1313 27 1371 ε
54 1314 156 1394 ε’ρρεε
170 1312 225 1377 καί
239 1306 258 1377 6
273 1307 390 1388 λοιπός
405 1309 668 1395 πυνθανόμενος
683 1303 701 1373 6
717 1312 786 1374 τῶν
799 1302 970 1394 Ἑλλήνων
982 1329 1072 1372 ναυ-

53 1403 153 1485 τικός
167 1404 305 1494 στρατός
319 1410 357 1476 έκ
374 1414 568 1495 Τροιζῆνος·
589 1408 623 1485 ές
638 1402 704 1493 γάρ
719 1404 875 1492 Πάρωνα
887 1403 949 1474 τόν
967 1414 1073 1493 Τροι-

13 1510 185 1590 έζηνίωυ
195 1509 313 1592 λιμένα
326 1512 504 1593 προείρητο
515 1505 748 1588 συλλέγεσθαι.
770 1502 1022 1590 συνελέχθησάν
1038 1523 1073 1568 τε

12 1631 26 1677 τ
56 1602 103 1692 δή
114 1611 228 1696 πολλῷ
238 1600 499 1692 πλεῦνεςνέεςή
510 1601 563 1673 ἐπ’
578 1601 1000 1727 Ἆρτεμισίμέναυμάχεου,
1019 1604 1073 1669 καὶ
1163 1634 1165 1640 ’

13 1734 25 1795 3
56 1699 127 1770 άπό
142 1708 271 1772 πολίων
284 1702 450 1773 πλεόνων.
470 1701 713 1790 ναόνρχοςμέν
726 1726 793 1769 νυν
807 1690 1037 1788 έπήνιόυτδς
1019 1718 1075 1765 οσ-

12 1821 25 1894 33
54 1823 123 1888 περ
149 1797 202 1869 ἐπ’
232 1797 442 1893 Ἀρτεμισίη,
474 1796 692 1887 Εὐρυβιάδης
719 1794 953 1885 Εὐρυκλείδεω
980 1790 1073 1881 άνήρ
1162 1872 1167 1890 ¹

11 1896 288 1987 Σπαρτιήτης,
310 1897 353 1967 06
375 1900 489 1987 μέντοι
509 1899 625 1987 μένεός
647 1922 694 1985 με
708 1902 769 1964 τοῦ
789 1902 966 1986 βασιληίου
988 1894 1066 1968 ἐάν

11 2038 23 2085 3
57 1998 138 2075 νέας
153 1997 189 2064 δέ
203 2004 315 2089 πολλῷ
330 2004 484 2077 πλείστας
497 2023 534 2066 τε
553 1991 648 2066 καλ”
624 2014 745 2083 αριστα
757 1995 935 2076 πλωοάσας
948 2003 1066 2084 παρεί-

11 2124 21 2185 ,
55 2119 157 2183 χοντο
174 2093 356 2183 Ἀθηναῖοι.
391 2095 646 2184 Ἐστρατεόοντο
662 2093 699 2165 δέ
713 2097 798 2163 οἵδε·
828 2095 864 2162 ἐκ
877 2092 940 2181 μὲν
953 2101 1063 2163 Πελο-
1086 2109 1124 2164 43

11 2241 20 2285 3
53 2195 232 2282 ποννήσου
249 2196 509 2319 Λακεδαιμόνιοι
530 2197 706 2264 ἑκκαίδεκα
728 2194 806 2273 νέας
829 2193 1063 2282 παρεχόμενοι,

12 2299 237 2381 ,Κορίνθιοι
254 2292 344 2362 δέ
309 2320 347 2362 το
363 2292 445 2363 αυτδ
460 2294 625 2382 πλήρωμα
641 2290 863 2379 παρεχόμενοι
878 2287 916 2360 τό
938 2293 994 2362 καί
1008 2287 1061 2360 ἐπ’

12 2390 255 2505 Ἀρτεμισίῳ,
270 2393 457 2461 Σικυώνιοι
471 2391 509 2460 δέ
518 2393 756 2460 πεντεκαίδεκα
766 2397 963 2478 παρείχοντο
974 2391 1063 2477 νίας,

12 2479 258 2581 ΙἘπιδαύριοι
275 2490 312 2558 δέ
327 2492 418 2578 δέκα,
436 2491 626 2578 Τροιζηνιοι
642 2490 678 2558 δ
692 2491 809 2578 πέντε,
823 2487 1011 2578 Ερμιονέες
1026 2489 1063 2558 δέ
1152 2488 1158 2499 ”

12 2600 152 2675 τρεῖς,
164 2581 328 2668 έοντες
285 2613 379 2659 ουτοι
390 2587 478 2676 πλην
487 2587 858 2677 ΕρμιονέωνΔωρικον
868 2616 904 2658 τε
914 2593 970 2659 καλ
980 2597 1062 2659 Μα
1147 2625 1153 2652 s

12 2735 14 2773 3
53 2683 178 2756 κεδνόν
192 2691 311 2776 έθνος,
329 2685 383 2769 έξ’
377 2694 525 2776 Ερινεοδ
539 2713 576 2756 τε
590 2690 647 2756 καὶ
659 2692 792 2757 Πίνδου
805 2692 914 2759 καί
874 2716 932 2778 της
943 2675 1060 2776 Δρυο-

52 2781 184 2864 πίδος
160 2805 286 2853 υστατα
296 2781 512 2874 ορμηθέντες
531 2791 565 2856 oc
574 2786 611 2855 δε
619 2783 806 2875 Ερμιονέες
818 2790 881 2859 είσί
889 2791 1059 2878 Δρυοπες,
1146 2829 1148 2836 v

52 2881 120 2952 ὑπο
109 2880 309 2971 Ἡρακλέος
325 2910 361 2953 τε
374 2886 430 2954 καὶ
443 2888 606 2972 Μηλιέων
621 2889 712 2954 ἐκ
672 2912 730 2974 της
744 2892 810 2955 νῦν
823 2893 978 2973 Δωρίδος
997 2916 1060 2958 κα-

53 2981 212 3068 λεομένης
223 2982 334 3069 χώρης
348 2984 595 3064 ἐξαναστάντες.
620 2975 715 3052 οὗτοι
729 2986 792 3071 μέν
806 3010 874 3053 νυν
883 2992 1060 3056 Πελοπον-

54 3085 180 3164 νησίον
193 3079 447 3169 έστρατεάοντο,
469 3086 503 3152 οί
518 3080 555 3151 66
575 3082 612 3150 ἐκ
626 3088 685 3170 τῆς
701 3084 763 3162 ἔξω
778 3078 936 3171 ήπείρου,
954 3079 1058 3172 Ἀθη-
1080 3091 1113 3146 44

53 3189 141 3245 ναῖοι
160 3177 222 3263 μὲν
241 3175 326 3264 πρὸς
345 3179 475 3260 πάντας
493 3178 574 3260 τοδς
593 3177 717 3259 ἄλλους
737 3181 958 3302 παρεχόμενοι
982 3184 1058 3263 νέας

53 3273 595 3366 όηδοόκονταιιαίέκατδν,μοῦυοι·
607 3274 1057 3368 ένΣαλαμίνιμδιρούσυνε-

53 3374 270 3496 ναυμάχησαν
282 3381 463 3459 Πλαταιέες
479 3376 688 3502 Ἀθηναίοισι
704 3375 760 3447 διὰ
774 3375 905 3447 τοιόνδε
921 3405 953 3447 τι
969 3387 1056 3470 πρῆ-
1144 3400 1146 3406 ·

53 3499 132 3564 χμα
154 3469 460 3625 άπαλλχισσομένων
475 3504 544 3547 των
557 3473 765 3565 Ελλήνων’
745 3475 812 3546 από
829 3474 1055 3632 τοῦῙὲΑρτεμι-

133 3585 221 3624 mon
