2500 3925
347 247 435 304 LIB.
468 246 527 303 VII.
559 245 660 302 w.
693 252 834 306 20-25.
1033 245 1094 311 1³7

89 407 207 476 Ἀθοιν
221 407 396 494 νέμονται,
413 403 568 492 ὤρυσσον
583 402 621 469 δδ
635 393 717 470 ὦδε·
745 402 940 492 Δασάμενοι
954 406 1014 478 τόν
1026 417 1094 498 χιό-
1107 429 1142 484 23

89 531 154 594 ρον
167 509 203 575 οί
212 504 379 594 βάρβαροι
391 500 476 573 κατὰ
491 509 604 588 ἔθνεα,
618 498 704 570 κατὰ
714 500 834 590 Σάνην
847 504 948 575 πόλιν
961 526 1095 596 σχοινο-

88 608 180 684 τενὲς
199 601 437 690 ποιησόμενοι,
460 597 573 690 ἐπειδή
588 601 719 686 ἐγένετο
739 605 849 688 βαθέα
862 600 883 693 ή
898 609 1041 695 διῦρυξ,
1063 612 1097 678 οί

87 703 151 790 μὲν
163 701 335 771 κατώτατα
349 702 503 779 ἑστεῶτες
516 697 682 787 ὤρυσσον,
697 699 805 788 ἕτεροι
819 702 856 770 δὲ
870 707 1095 791 παρεδίδοσαν

87 799 150 871 τόν
163 805 228 872 αίελ
238 800 504 891 ἐξορυσσόμενον
513 804 597 885 χοῦν
608 793 739 868 ἀλλοισι
753 798 946 889 κατύπερθε
959 804 1094 872 ἐστεῦσι

88 903 143 969 ἐπὶ
156 900 309 988 βάθρων,
325 904 360 968 οἱ
368 896 400 966 δ’
413 892 459 967 αὖ
469 896 683 984 ἐκδεκόμενοι
693 899 843 987 ἑτέροισι,
859 903 922 981 έως
933 898 1093 971 ἀπίκοντο

88 1002 123 1079 ἐς
135 995 215 1077 τοῦς
231 994 415 1069 ἀνωτάτα·’
429 989 523 1066 οῦτοι
537 994 575 1066 δλ
590 995 771 1084 ἐξεφόρεόν
783 1023 820 1066 τι
837 1001 892 1068 καὶ
906 1001 1093 1090 ἐξέβαλλον.

90 1107 185 1168 Τοῖσι
200 1100 262 1186 μέν
275 1123 343 1166 νυν
355 1093 486 1167 ἀλλοισι
499 1092 588 1181 πλήν
598 1099 769 1165 Φοινίκων
782 1098 1095 1186 καταρρηγνύμενοι

87 1203 123 1269 οί
126 1200 268 1287 κρημνοὶ
274 1203 337 1266 τοῦ
345 1194 534 1285 όρόγματος
544 1193 653 1265 πόνον
663 1193 839 1284 διπλήσιον
848 1210 1024 1286 παρεῖχον·
1036 1195 1094 1266 ῦτι

86 1297 152 1387 γάρ
167 1304 229 1366 τοῦ
243 1322 279 1366 τε
295 1294 367 1365 ἀνω
387 1294 550 1383 στόματος
567 1295 624 1363 καὶ
637 1298 699 1363 τοῦ
719 1292 810 1362 κάτω
830 1292 871 1363 τό
886 1292 971 1368 αῦτά
992 1297 1095 1384 μέτρα

88 1398 299 1483 ποιευμένων
313 1395 430 1483 ἔμελλέ
437 1413 499 1481 σφι
508 1397 641 1463 τοιοῦτο
652 1388 892 1481 ἀποβήσεσθαι.
916 1398 951 1463 οί
962 1394 999 1464 δέ
1009 1400 1093 1464 Φοί-

87 1519 178 1574 νικες
194 1500 319 1581 σοφίην
338 1497 427 1562 ἐντι
440 1503 526 1562 τολσι
544 1487 676 1560 ἀλλοισι
690 1495 816 1578 ἐργοισι
835 1487 1093 1561 ἀποδείκνυνται

86 1594 143 1663 καλ
156 1589 197 1680 δή
209 1595 265 1660 καλ
275 1593 312 1660 ἐν
326 1594 458 1683 ἐκείνμ·
479 1587 703 1678 ἀπολαχόντες
712 1586 778 1678 γάρ
789 1588 921 1677 μόριον,
935 1588 1018 1660 ὅσον
1029 1588 1112 1674 αῦ-Χ

88 1704 173 1760 τοίσι
194 1693 368 1780 ἐπέβαλλε,
390 1689 562 1779 ὤρυσσον,
582 1687 621 1759 τδ
644 1691 707 1778 μλν
726 1687 798 1758 ἀνω
812 1687 918 1778 στόμα
937 1697 996 1778 τής
1010 1689 1092 1760 διό-

87 1813 188 1879 ρυχος
200 1795 373 1870 ποιεῦντες
388 1789 564 1878 διπλήσιον
583 1784 607 1876 ἢ
628 1787 711 1858 ὅσον
725 1793 797 1859 ἔδει
810 1787 918 1879 αάτήν
931 1788 994 1878 τήν
1011 1789 1093 1861 διιέ-

88 1891 353 1981 ρυχαγενέσδαι,
364 1898 608 1981 προβαίνοντος
618 1891 655 1960 δέ
665 1896 727 1960 τοῦ
738 1895 839 1980 ἔργον
850 1896 1001 1980 συνῆγον
1011 1895 1091 1961 αδεί·

87 1990 178 2059 κάτω
190 2014 227 2059 τε
241 1989 283 2078 δή
299 1992 424 2077 ἐγίνετο
445 1993 501 2059 καλ
515 1993 665 2071 ἐξισοῦτο
679 2004 765 2060 τοῖσι
781 1988 912 2061 ἀλλοισι
924 1985 962 2058 τό
981 1994 1090 2077 ἐργον.

88 2091 236 2158 ἐνθαῦτα
258 2084 299 2175 δή
318 2087 443 2176 λοιμόν
458 2091 544 2175 ἐστι,
564 2092 698 2176 ’ίνασφι
717 2085 824 2178 ἀγορή
840 2114 876 2159 τε
895 2091 1023 2177 ἐγίνετο
1037 2090 1093 2157 καὶ

87 2185 287 2277 κρητήρων·
302 2199 392 2268 σίτος
402 2190 443 2259 δέ
447 2208 511 2276 σφι
521 2184 644 2268 πολλός
655 2191 771 2276 ἐφοίτα
778 2191 814 2257 ἐκ
824 2194 882 2277 τής
890 2186 999 2277 Ἀσίης
1008 2184 1093 2274 ἀλη·

87 2288 252 2374 λεσμένος.
279 2282 339 2364 Ὡς
354 2285 417 2372 μὲν
430 2287 487 2374 ἐμὲ
497 2284 778 2375 συμβαλλόμενον
792 2283 970 2373 εὑρίσκειν,
986 2310 1090 2373 μεγα-
1106 2290 1140 2346 24

88 2385 302 2472 λοφροσόνης
313 2387 441 2453 εἵνεκεν
451 2381 534 2453 αῦτό
545 2385 669 2472 ,Ξέρξης
683 2380 842 2470 όρῦσσειν
857 2386 998 2467 ἐκέλευε,
1013 2383 1092 2452 ἐδέ-

89 2493 157 2552 λον
165 2507 201 2550 τε
210 2478 357 2568 δύναμιν
363 2479 632 2552 ἀποδείκνυσθαι
642 2484 698 2550 καὶ
706 2480 905 2568 μνημόσυνα
916 2482 1091 2549 λιπέσθαι·

44 2630 46 2634 .
88 2576 215 2667 παρεόν
225 2574 291 2666 γάρ
301 2580 429 2667 μηδένα
439 2578 549 2648 πόνον
561 2578 727 2668 λαβόντας
736 2574 798 2644 τόν
811 2573 937 2664 ἰσθμόν
946 2573 1007 2658 τάς
1016 2577 1094 2656 νέας

88 2676 265 2767 διειρῦσιιι,
281 2675 441 2763 ὀρύσσειν
454 2679 587 2748 ἐκέλευε
600 2678 749 2766 διώρυχα
761 2684 803 2767 τῇ
811 2676 978 2768 δαλόσση,
994 2671 1093 2769 εῦρος

88 2775 133 2857 ὡς
152 2775 215 2847 δύο
235 2772 390 2864 τριήρεας
404 2774 530 2848 πλιόειν
549 2773 637 2863 ὁμοῦ
654 2778 922 2864 ἐλαστρεομένας.
951 2789 1037 2848 τοῖσι
1055 2779 1092 2846 δλ

88 2874 217 2947 αῦτοῖσι
229 2872 390 2963 τούτοισι,
411 2880 564 2965 τοδσίπερ
579 2876 635 2944 καλ
644 2872 681 2943 τό
694 2872 837 2963 ὄρυγμα,
852 2876 1091 2962 προσετέτακτο

82 2977 142 3045 ’καὶ
154 2971 215 3043 τόν
226 2974 410 3063 Στρυμόνα
423 2971 574 3061 ποταμόν
585 2972 761 3055 ζεύξαντας
770 2981 974 3063 γεφυρῶσαι.
1000 2978 1090 3041 Ταῦ-
1103 2985 1138 3040 25

87 3098 127 3139 τα
140 3072 202 3158 μέν
216 3097 283 3140 νυν
303 3070 392 3141 οῦτοι
408 3074 532 3159 ἐποίεε,
552 3072 816 3160 παρεσκευάζετο
831 3071 868 3141 δὲ
882 3073 938 3140 καλ
954 3070 1040 3140 ὅπλα
1058 3070 1091 3148 ἐς

87 3165 146 3248 τάς
162 3168 312 3256 γεφύρας
325 3169 472 3259 βόβλινά
485 3196 521 3239 τε
535 3172 590 3239 καλ
604 3176 821 3258 λευκολίνου,
842 3168 995 3250 ἐπιτάξας
1008 3172 1091 3239 Φοί-

87 3271 156 3351 νιξί
167 3269 272 3337 τεκαὶ
287 3274 516 3358 Αἰγυπτίοισι,
539 3272 595 3339 καί
609 3274 697 3339 σιτία
710 3275 751 3359 τῇ
771 3274 908 3356 στρατιή
924 3264 1088 3355 καταβάλ-

87 3376 168 3455 λειν,
184 3369 242 3437 ἵνα
254 3364 300 3457 μή
314 3368 465 3459 λιμήνειε
477 3366 500 3456 ή
514 3364 650 3456 στρατιή
667 3365 750 3455 μηδὲ
760 3363 801 3434 τά
815 3362 980 3451 ὑποζύγια
991 3365 1090 3435 ἐλαν-

87 3465 211 3553 νόμενα
227 3469 280 3537 ἐπί
293 3465 355 3558 τήν
365 3466 514 3539 Ἑλλάδα.
538 3463 801 3552 ἀναπυθόμενος
817 3463 854 3534 δὲ
868 3459 948 3555 τμῦς
960 3461 1089 3549 χιόρους
