2500 3925
380 275 463 333 ΗΒ.
498 277 530 334 ΙΙ.
563 274 662 336 cst.
692 281 833 338 λῖν-49.
1040 271 1098 340 141

114 444 189 502 τοῖσι
204 434 268 519 μέν
281 458 348 501 νυν
361 429 491 501 άλλοισι
503 441 616 503 θεοῖσι
629 433 732 504 θύειν
747 425 789 512 ῦς
805 458 847 502 ου
836 431 1023 505 ’δικαιεῦσι
1038 441 1101 506 Αί-

112 529 255 618 γύιτιοι,
274 529 410 650 Σεληνη
430 529 468 598 δὲ
484 530 539 600 καὶ
552 530 711 652 Διονύσρι
731 529 900 617 μούνοισι
915 538 976 600 τοῦ
994 528 1100 600 αὐτοῦ

110 628 244 715 χρόνον,
260 635 302 716 τῇ
317 625 402 715 αῦτη
386 628 629 720 πανσελήνῳ,
642 627 721 707 τούς
735 621 950 708 ὖςθύσαντες
959 631 1100 697 πατέον-

109 751 158 794 ται
171 733 240 794 τῶν
253 731 372 811 κρεῶν.
394 722 480 792 διότι
494 722 531 792 δὲ
544 721 624 804 τοῦς
641 717 681 803 ὗς
695 726 733 794 έν
746 724 809 811 μλν
822 731 896 814 τησρ
910 722 1054 812 ἀλλησι’
1041 749 1100 810 ορ-

106 829 176 910 τῇσι
189 820 454 910 ἀπεστυγήκασι,
473 822 512 889 έν
524 821 561 890 δδ
575 821 680 910 ταύτῃ
695 821 832 908 θύουσι,
846 828 913 892 ἔστι
927 826 988 910 μὲν
1002 820 1100 910 λόγος

106 923 178 1005 περί
190 918 299 989 αῦτοῦ
312 918 360 988 ῦπ
362 917 581 1007 Ἀίγνττίυν
596 921 792 1008 λεγόμενος,
813 924 885 1008 έμολ
898 925 1011 1009 μέντοι
1027 924 1098 992 ἐπι-

104 1015 304 1108 σταμένω
264 1043 329 1086 ουκ
340 1015 599 1105 ενπρεπέστερός
611 1021 681 1088 έστι
691 1020 856 1132 λέγεσθαι
879 1025 983 1104 θυσίη
994 1020 1031 1087 δέ
1040 1015 1100 1105 ηδε

104 1123 168 1186 τόν
182 1112 259 1185 όιῦν
283 1122 323 1206 τῇ
339 1114 473 1204 Σελήνη
485 1116 649 1186 ποιέεται·
671 1096 776 1184 έπεάν
790 1115 899 1202 θύση,
919 1113 981 1202 τὴν
994 1111 1100 1238 οὐρὴν

102 1218 210 1307 ἀκρην
225 1215 330 1287 καλ
294 1243 356 1286 τον
370 1223 499 1303 σπλῆνα
518 1215 630 1284 καὶ
594 1242 656 1286 τον
676 1217 834 1284 ἐπίπλοον
856 1212 1027 1294 σννθελς
1013 1219 1099 1301 ομοῦ

103 1314 172 1384 κατ’
191 1308 244 1386 τάν
258 1315 404 1396 ἐκάλυψε
421 1313 512 1403 πόση
525 1320 586 1382 τοῦ
607 1313 747 1401 κτήνεος
767 1320 807 1402 τῇ
824 1320 943 1402 πιμελῇ
965 1320 1004 1401 τῇ
1025 1315 1099 1399 περὶ

101 1441 160 1501 την
173 1410 289 1500 νηδύν
303 1415 480 1500 γινομένη,
503 1414 557 1480 καλ
572 1417 701 1481 έτειτεν
716 1417 877 1498 καταγίζει
891 1417 987 1499 πυρί·
1008 1408 1048 1478 τά
1064 1413 1100 1478 δὲ

101 1512 183 1583 ἀλλα
199 1514 285 1598 κρέα
299 1512 461 1579 σιτέονται
476 1512 515 1578 έν
526 1517 567 1599 τῇ
584 1511 807 1602 πανσελήνῳ,Ι
820 1515 857 1580 έν
871 1519 910 1600 τῇ
931 1507 975 1578 ἀν
989 1509 1028 1578 τά
1043 1509 1098 1595 ίρά

99 1610 255 1693 θύσωσι,
273 1611 312 1677 έν
332 1605 415 1695 άλλη
428 1608 465 1675 δὲ
483 1605 589 1697 ἡμέρη
605 1607 668 1678 οῦκ
681 1605 725 1677 ἀν
739 1615 786 1678 έτι
800 1615 984 1696 γευσαίατο.
1015 1612 1049 1677 os
1063 1609 1099 1674 δὲ

99 1797 139 1885 ῦς
152 1801 246 1874 καῖ’
228 1803 430 1892 οπτήσιιντες
444 1803 566 1884 ταύτας
582 1804 719 1874 θύουσι.

185 1912 244 1997 Τῷ
267 1906 304 1971 δέ
318 1901 477 1993 Λιονύσφ
500 1908 558 1989 τῆς
580 1898 679 1989 ὁρτῆς
700 1908 740 1991 τῇ
763 1905 883 1989 δορπίη
902 1913 1016 1987 χοῖρον
1034 1896 1099 2015 πρό
1113 1909 1149 1966 48

99 2011 165 2073 τῶν
192 2005 336 2089 θυρέων
364 1999 535 2087 σφάξας”
515 2019 652 2079 εκαστος
676 2005 766 2069 διδοῖ
786 1996 1017 2086 ἀποφέρεσθαι
1040 1994 1100 2065 τόν

97 2114 217 2189 χοῖρον
231 2095 323 2188 αὐτῷ
338 2123 384 2186 τφ
369 2093 597 2187 ἀποδομένῳ
614 2103 683 2165 τῶν
697 2097 881 2184 συβωτέων.
913 2092 975 2182 τὴν
990 2096 1025 2163 δὲ
1040 2092 1101 2163 ύλ-

99 2209 161 2286 λην
185 2195 355 2283 ἀνάγουσι
377 2192 481 2283 ὁρτὴν
506 2202 553 2286 τῷ
578 2198 779 2287 Διονύσφο
781 2196 987 2283 ίΛίγῦπτιοι
1013 2194 1100 2283 πλὴν

17 2347 19 2350 ψ
96 2303 211 2382 χορῶν
230 2291 313 2362 κατὰ
330 2289 430 2361 ταῦτὰ
449 2290 569 2379 σχεδόν
583 2293 848 2383 πάνταἝλλησι·
870 2292 944 2363 ἀντὶ
960 2297 997 2364 δὲ
1013 2301 1100 2381 φαλ-

17 2458 21 2463 .
95 2400 166 2460 λῶν
183 2389 274 2459 ἀλλα
288 2393 351 2474 σφέ
368 2391 435 2457 ἐστι
460 2392 662 2477 ἐξευρημένα
684 2388 765 2459 ὅσον
784 2417 819 2459 τε
833 2405 975 2478 πηχυαῖα
996 2389 1100 2476 ἀγάλ-

94 2515 184 2575 ματα
207 2482 519 2573 νευρόσπαστα,τά
544 2490 782 2576 περιφορέουσι
803 2486 885 2557 κατὰ
907 2487 1018 2575 κόμας
1036 2513 1100 2573 γν-

19 2655 21 2660 ,
99 2600 231 2671 ναῖκες,
251 2590 356 2651 νεῦον
371 2580 408 2651 τό
430 2587 577 2671 αἰδοῖον,
607 2582 650 2651 ού
674 2591 784 2674 πολλῷ
800 2587 862 2674 τέηι
882 2590 1023 2653 ἔλασσον
1043 2580 1100 2651 έόν

96 2688 158 2752 τοῦ
173 2679 286 2750 ἄλλον
307 2680 471 2765 σώματος·
494 2684 691 2768 προηγέεται
707 2684 743 2751 δὲ
760 2678 877 2767 αύλός,
901 2686 938 2749 ac
950 2682 986 2749 δὲ
1001 2684 1101 2750 ἀπον-

18 2829 21 2863 :
95 2808 150 2849 ται
167 2776 347 2847 ἀείδουσαι
366 2774 426 2845 τόν
440 2778 622 2847 Διόνυσον.
657 2780 742 2848 διότι
762 2780 798 2849 δὲ
817 2782 964 2867 μέζοντε
984 2774 1101 2866 ἔχειτὰ

96 2882 233 2947 αδδοῖον
247 2877 304 2943 καὶ
318 2876 418 2943 κινέει
433 2882 563 2963 μοῦνον
578 2882 641 2944 τοῦ
651 2876 818 2962 σώματος,
836 2883 904 2945 ἔστι
916 2877 1015 2963 λόγος
1028 2879 1103 2963 περὶ

19 3025 25 3061 ,
97 2972 211 3043 αὐτοῦ
224 2969 297 3061 δρός
311 2972 498 3060 λεγόμενος.
532 2970 619 3061 Ἤδη
640 2966 690 3045 ἀν
703 2976 809 3043 δοκέει
823 3000 879 3062 μοι
894 2975 1101 3061 Μελάμπους
1114 2992 1149 3049 49

22 3153 25 3157 λ
97 3069 349 3159 όἎμυθέανος
364 3076 421 3157 τῆς
435 3077 558 3158 θυσίης
577 3073 700 3159 ταύτης
720 3069 782 3141 οάκ
802 3072 887 3143 εἶναι
908 3070 1011 3160 ἀδαὴς
1025 3067 1099 3141 ἀλλ’

17 3204 31 3262 μ
97 3177 269 3257 ἔμπειρος,
304 3164 438 3255 Ἕλλησι
456 3166 522 3256 γάρ
537 3167 577 3257 δὴ
594 3172 801 3259 Μελάμπους
821 3172 887 3239 ἐστὶ
906 3167 924 3240 6
945 3170 1105 3261 ἐξηγησά-

17 3313 32 3360 ³:
96 3292 207 3356 μενος
222 3272 284 3335 τοῦ
303 3266 477 3336 Διονύσου
493 3268 532 3336 τό
548 3293 583 3336 τε
600 3268 729 3355 οὕνομα
749 3269 804 3337 καὶ
824 3264 886 3355 τὴν
908 3277 1034 3357 θυσίην
1050 3273 1104 3339 καὶ

95 3367 162 3455 την
179 3363 320 3454 πομπὴν
338 3373 399 3434 τοῦ
415 3373 562 3454 φαλλοῦ·
584 3362 745 3456 ἀτρεκέως
759 3365 821 3453 μδν
841 3362 884 3435 ού
900 3368 1008 3437 πάντα
1022 3377 1104 3438 συλ-

96 3461 223 3553 λαβὼν
243 3461 304 3531 τόν
322 3468 426 3546 λόγον
449 3470 573 3553 ἔφηνε,
600 3463 675 3535 ἀλλ’
697 3469 732 3534 οί
749 3465 979 3553 ἐπιγενόμενοι
998 3466 1105 3555 τούτῳ
