2500 3925
182 211 246 275 352
569 214 823 274 HERODOTI

181 380 249 441 νῦν
264 364 313 441 ἀν
327 398 386 459 μοι
399 371 525 457 δοκέει,
548 369 651 439 ἐπεάν
664 373 799 459 τάχιστα
820 371 883 454 νύξ
899 376 1043 464 ἐπέλθη,
1063 376 1171 443 ἐκκαύ

182 492 305 550 σαυτας
320 467 361 541 τά
374 484 485 557 πυρα,
508 467 553 549 ὡς
573 473 629 539 καὶ
646 470 764 541 ἄλλοτε
784 473 941 558 ἐώθαμεν
954 472 1098 557 ποιέειν,
1115 478 1173 538 τῶν

181 570 412 661 στρατιωτέων
433 568 513 650 τούς
533 568 800 650 ἀσθενεστάτους
825 574 858 651 ἐς
882 569 941 651 τάς
960 576 1172 656 ταλαιπωρίας

181 670 448 759 ἐξαπατήσαντας
469 674 524 738 καί
548 667 628 750 τούς
655 669 757 750 ὅνους
781 670 909 749 πάντας
934 670 1172 757 καταδήσαντας

182 774 472 856 ἀπαλλάσσεσθαι,
488 775 568 855 πρὶν
579 768 601 859 ἢ
612 775 668 840 καὶ
682 774 735 840 ἐπὶ
748 769 947 858 τδνἼστρου
960 776 1079 839 ἐθύσαι
1089 770 1172 837 Σκά

180 889 246 955 θας
256 876 421 953 λύσοντας
430 871 492 960 τήν
503 876 673 959 γέφυραν,
691 868 713 960 ἢ
725 879 783 941 καί
789 869 917 942 τιἼωσι
928 869 1024 951 δόξαι
1032 867 1070 938 τδ
1083 866 1174 957 ἡμέας

181 972 257 1045 οἷόν
272 1001 308 1043 τε
323 980 415 1041 ἔσται
429 972 682 1058 ἐξεργάσασθαι.
726 972 891 1059 Γωβρύης
903 973 967 1058 μὲν
979 978 1085 1039 ταῦτα
1100 992 1174 1037 συν-

118 1087 164 1141 135
182 1074 358 1161 εβούλευε,
380 1069 462 1158 μετά
477 1075 513 1139 δὲ
533 1074 596 1151 νύξ
616 1097 653 1139 τε
666 1072 815 1157 ἐγένετο,
835 1073 892 1137 καί
906 1080 1052 1157 Δαρεῖος
1066 1070 1174 1155 ἐχρᾶτο

180 1182 220 1262 τῇ
242 1174 360 1261 χυάμη
380 1173 500 1261 ταύτῃ·
528 1170 608 1252 τούς
631 1171 693 1258 μέν
717 1169 929 1259 καματηρούς
953 1178 1022 1239 τάν
1047 1167 1175 1254 ἀνδρῶν

179 1275 235 1341 καί
245 1280 313 1341 των
323 1265 367 1359 ήυ
377 1269 796 1358 ἐλάχιστοςάπολλυμένων
807 1270 979 1355 λδχος,καλ
989 1266 1071 1347 τούς
1082 1268 1177 1345 ὅνους

179 1370 307 1449 πάντας
329 1370 517 1457 καταδήσας
538 1372 693 1439 κατέλιπε
707 1365 814 1437 αὐτοῦ
833 1367 936 1455 ταύτῃ
956 1372 1057 1457 ἐντῷ
1080 1387 1177 1454 στρα-

178 1474 322 1559 τοπέδῳ·
344 1471 497 1538 κατέλιπε
518 1470 555 1538 δέ
574 1470 654 1549 τούς
674 1494 710 1537 τε
731 1466 832 1546 ὅνους
849 1468 905 1535 καί
917 1464 997 1545 τούς
1016 1464 1179 1543 ἀσθενέας

178 1574 236 1652 της
251 1572 405 1654 στρατιῆς
421 1569 528 1634 τοῖνδε
542 1569 687 1651 εἵνεκεν,
708 1570 765 1633 ἵνα
780 1568 814 1633 οί
826 1566 889 1651 μὲν
904 1562 979 1633 ὄνοι
993 1562 1081 1651 βοήν
1095 1589 1178 1650 παρ-

179 1668 335 1753 έχωνται,
356 1670 392 1734 οί
403 1667 439 1735 δὲ
460 1666 637 1754 ἅνθρωποι
661 1664 839 1751 ἀσθενείης
857 1665 920 1751 μὲν
940 1669 1071 1731 εἵνεκεν
1084 1691 1179 1732 κατε·

178 1770 350 1850 λείποντο,
372 1766 560 1853 προφάσιος
584 1767 621 1832 δὲ
640 1768 739 1850 τῆσδε
760 1759 904 1849 δηλαδή,
926 1757 972 1840 ὡς
995 1758 1100 1839 αύτδς
1123 1763 1179 1848 μὲν

178 1861 245 1931 σδν
259 1870 305 1954 τῷ
326 1871 467 1955 καθαρῷ
481 1870 542 1932 τοῦ
562 1869 707 1949 στρατοῦ
727 1861 953 1947 ἐπιθήσεσθαι
965 1862 1083 1946 μέλλοι
1098 1873 1182 1927 τοῖσι

177 1966 354 2053 Σκύθῃσι,
378 1955 472 2032 οὗτοι
489 1966 525 2034 δέ
539 1962 577 2034 τό
591 1965 818 2051 στρατόπεδον
835 1970 957 2032 τοῦτον
973 1959 1034 2030 τδν
1056 1962 1182 2049 χρόνον

177 2065 322 2150 ῥυοίατο.
356 2069 460 2131 ταῦτα
486 2077 572 2134 τοῖσι
598 2062 893 2150 ὑπολειπομένοισι
923 2059 1183 2149 δποθέμενοςδ

176 2172 320 2247 Δαρεῖος
341 2168 396 2232 καί
416 2163 507 2251 πυρά
525 2165 689 2243 ἐκκαύσας
705 2162 767 2252 τήν
787 2172 942 2250 ταχίστην
955 2159 1117 2250 ήπεάμετο
1135 2164 1186 2232 ἐπὶ

176 2257 387 2346 τόνἼστρον.
422 2267 456 2330 οί
474 2266 511 2330 δέ
532 2262 606 2331 ὄνοι
622 2267 850 2350 ἐρημωθέντες
870 2270 930 2330 τοῦ
954 2260 1077 2349 ὁμίλου
1095 2262 1186 2331 οὕτω

177 2363 239 2446 μὲν
255 2358 295 2447 δή
311 2368 440 2447 μᾶλλον
453 2371 565 2454 πολλῷ
580 2367 676 2432 ἵεσαν
691 2371 748 2449 τῆς
764 2369 897 2448 φωνής,
918 2359 1135 2440 ἀκούσαντες
1153 2364 1188 2428 δέ

176 2464 210 2526 οί
223 2459 362 2528 Σκύθαι
382 2467 451 2528 τῶν
471 2460 563 2530 ὄνων
578 2463 690 2548 πάγχυ
711 2460 794 2530 κατὰ
815 2461 928 2546 χάρτην
942 2458 1085 2544 ἤλπιζον
1106 2458 1190 2537 τούς

114 2573 160 2626 136
175 2559 307 2646 Πέρσας
327 2557 422 2627 εἶναι.
461 2558 603 2647 Ἡμέρης
627 2561 663 2636 δὲ
682 2564 865 2647 γενομένης
884 2561 1025 2646 γνόντες
1041 2563 1078 2626 οί
1097 2555 1193 2626 ὑπο-

174 2659 387 2744 λειφθέντες,
404 2655 448 2738 άς
462 2663 703 2748 προδεδομένοι
720 2657 787 2728 εἷεν
802 2656 869 2726 δπδ
883 2664 1054 2745 Δαρείου,
1069 2658 1194 2745 χεῖράς

174 2779 209 2821 τε
220 2763 452 2840 προετείνοντο
463 2774 548 2828 τοισι
558 2761 718 2848 Σκύθησι
730 2763 785 2828 καί
796 2757 959 2845 ἔλεγον
922 2786 962 2826 τα
975 2759 1220 2853 κατήκοντα

174 2859 208 2921 οδ
227 2853 303 2923 δέ
281 2883 325 2934 ως
345 2855 496 2944 ἥκουσαν
515 2867 635 2945 ταῦτα,
664 2860 726 2948 τὴν
743 2867 898 2982 ταχίστην
918 2865 1195 2946 συστραφέντες,
1218 2824 1220 2947 δ

174 2978 208 3017 αι
229 2979 265 3020 τε
283 2955 345 3022 δύο
366 2972 479 3044 μοῖραι
500 2986 568 3026 των
585 2964 754 3029 Σκυθέων
778 2958 869 3029 καί
852 2989 872 3048 η
894 2959 977 3047 μετά
991 2969 1220 3050 Σαυρομα-

173 3055 257 3118 τέων
277 3057 333 3122 καί
353 3063 511 3127 Βουδῖνοι
532 3067 587 3128 καὶ
607 3069 772 3147 Γελωνοί,
794 3066 934 3131 ἐδίωκον
953 3060 1037 3143 τούς
1049 3071 1220 3152 Πέρσας

173 3145 235 3216 ἐθδ
248 3159 310 3217 τοῦ
316 3150 506 3239 ”.”Ιστρου
482 3185 541 3225 ατε
561 3161 597 3226 δε
616 3185 677 3228 του
664 3169 863 3279 Περσικοῦ
882 3163 945 3249 μέν
968 3172 1032 3230 τοῦ
1054 3174 1203 3236 πολλοίΙ

173 3245 287 3324 e‘o'vvog
303 3257 403 3329 πεζοῦ
427 3263 571 3376 στρατοῦ
595 3261 650 3327 καλ
670 3258 730 3338 τάς
749 3257 852 3338 ὁδούς
871 3257 935 3327 οὐκ
956 3264 1203 3350 ἐπισταμένου

174 3339 259 3408 ὥστε
276 3343 318 3410 ού
338 3353 550 3436 τετμημένων
573 3380 642 3422 των
662 3354 770 3443 ὁδῶν,
791 3383 853 3426 του
839 3359 906 3426 δε
920 3367 1116 3429 Σκυθικοῦ
1140 3370 1208 3434 Cx-

174 3437 283 3504 πύτεω
300 3444 405 3510 καί
368 3471 408 3510 τα
424 3447 574 3532 σύντομα
595 3461 652 3536 τῆς
668 3453 785 3522 δδού’
769 3458 991 3541 επισταμένου
1007 3455 1209 3545 ἁμαρτόν-
