2500 3925
345 245 430 302 ΗΒ.
462 245 499 302 V.
536 245 637 312 GAP.
669 251 811 308 ⁷7-82.
1040 245 1082 309 37

74 401 277 488 βουλόμενοι
288 409 446 472 τίσασθαι
457 401 668 491 Ἀθηναίους.
683 402 755 492 ἡδὲ
763 413 880 494 Πυθίη
891 406 957 478 ἄπδ
968 415 1083 497 σφέων
1127 437 1137 451 “

75 498 138 584 μέν
153 497 265 569 αύτῦν
285 499 349 570 ούκ
364 507 429 588 ἔφη
450 499 581 571 αύτοίσι
596 500 683 570 εἰναι
700 509 806 590 τίσιν,
825 508 859 584 ἐς
879 507 1083 595 πολύφημον

27 682 33 694 .
75 599 113 665 δέ
126 599 352 680 ἐξενείκαντας
363 603 493 670 ἐκέλευε
507 607 577 668 τῶν
590 598 729 687 ἄγχιστα
740 603 886 672 δέεσθαι.
910 601 1083 674 ἀπελθόν·

75 721 143 762 των
160 689 210 764 ιδν
223 704 292 765 τῶν
312 698 520 781 θεοπρόπων
538 699 698 787 ἐξέφερον
710 697 748 767 τό
765 701 967 790 χρηστήριον
983 699 1083 788 ἁλίην

75 794 312 880 ποιησάμενοι·
335 793 380 874 ὡς
394 794 632 864 ἐπυνθάνοντο
649 797 687 864 δέ
700 795 871 883 λεγόντων
887 798 1000 868 αὐτῶν
1013 809 1083 870 τῶν

74 887 213 976 ἄγχιστα
229 895 383 980 δέεσθαι,
400 891 497 962 εἶπαν
512 898 547 963 οἰ
559 901 702 981 Θηβαίοι
714 893 921 977 ἀκούσαντες
934 899 1080 968 τούτων·

74 984 139 1054 οῦκ
154 980 203 1056 τᾶν
225 987 364 1077 ἄγχιστα
377 989 490 1078 ἡμέων
506 993 653 1062 οἰκέουσι
671 1001 878 1081 Ταναγραῖοί
892 1022 930 1065 τε
942 1000 1000 1066 καί
1012 1005 1084 1066 Κο-
1153 1025 1163 1042 ·

75 1101 215 1166 ρωναιοι
227 1091 284 1156 καί
297 1091 472 1176 Θεσπιέες,
493 1092 550 1158 καί
563 1082 662 1160 οὗτοί
673 1118 713 1177 γε
725 1091 795 1179 ἄμα
809 1091 892 1182 ἡμῖν
903 1096 967 1163 αἰεὶ
977 1094 1084 1181 μαχό-

74 1212 171 1271 μενοι
193 1189 382 1275 προθύμως
401 1190 667 1275 συνδιαφέρουσι
691 1186 752 1256 τὸν
772 1188 930 1276 πόλεμον.
964 1195 998 1258 τί
1030 1193 1085 1258 δεῖ

73 1283 204 1352 τούτων
217 1312 256 1372 γε
273 1288 427 1370 δέεσθαι;
443 1283 528 1356 ἄλλᾶ
538 1292 669 1373 μᾶλλον
681 1284 727 1373 μὴ
738 1283 781 1354 ού
793 1280 931 1377 τοῦτοῇ
944 1284 982 1356 ιδ
1000 1311 1084 1374 χρη-

75 1383 222 1471 στήριον.
270 1383 417 1454 Τοιαῦτα
446 1385 693 1472 ἐπιλεγομένων
728 1383 800 1454 εἶπε
834 1384 877 1472 δή
911 1411 988 1453 κοτε
1017 1411 1083 1470 μα·
1096 1399 1132 1454 80

75 1485 151 1554 θύν
163 1510 228 1564 τις·
247 1483 331 1572 Ἐγύ
345 1513 403 1573 μοι
417 1490 523 1555 δοκέω
539 1489 692 1555 συνιέναι
705 1483 743 1553 τδ
758 1487 868 1554 έθέλει
880 1489 992 1572 λέγειν
1001 1484 1083 1574 ἡμῖν

73 1582 111 1652 τὸ
139 1583 311 1670 μαντήιον.
358 1583 511 1654 Ἀσωποῦ
537 1587 691 1672 λέγονται
717 1588 878 1670 γενέσθαι
899 1588 1084 1671 θυγατέρες

75 1679 171 1768 Θήβη
184 1705 221 1748 τε
235 1683 290 1749 καλ
303 1691 444 1769 Αἴγινα·
466 1683 597 1751 τούτων
617 1679 793 1775 ἀδελφεῶν
813 1685 959 1751 έονσέων
976 1683 1083 1749 δοκέω

75 1775 156 1866 ἡμῖν
165 1782 375 1866 Αἰγινητέων
386 1782 524 1852 δέεσθαι
537 1780 598 1851 τὸν
611 1779 698 1862 θεὸν
709 1788 830 1868 χρῆσαι
842 1780 1084 1869 τιμωρητήρων

75 1881 244 1965 γενέσθαι.
266 1881 323 1947 καὶ
337 1876 380 1947 ού
392 1879 459 1967 γάρ
475 1906 526 1959 τις
535 1880 659 1968 ταύτης
672 1877 821 1967 ἄμείνων
837 1878 954 1967 γνύμη
970 1878 1085 1948 έδύκεε

76 1984 276 2067 φαίνεσθαι,
296 1978 415 2050 αὐτίκα
429 1983 618 2069 πέμψαντες
632 1981 764 2049 ἐδέοντο
776 1980 995 2067 Αἰγινητέων,
1011 1980 1085 2047 έπι-

75 2076 275 2163 καλεόμενοι
289 2076 373 2146 κατὰ
387 2076 424 2146 τδ
443 2078 648 2165 χρηστήριόν
662 2098 725 2164 σφι
746 2074 907 2163 βωθέειν,
942 2073 987 2156 ὡς
1006 2076 1086 2157 έύν·

75 2200 144 2243 των
170 2171 369 2263 ἄγχιστέων,
399 2182 433 2245 οἰ
458 2180 498 2246 δέ
522 2198 584 2265 σφι
610 2179 758 2247 αἰτέουσι
783 2178 981 2263 ἐπικουρίην
1003 2173 1084 2253 τοῦς

75 2280 238 2355 Αἰακίδας
256 2281 467 2365 συμπέμπειν
489 2284 629 2365 ἔφασαν.
672 2280 938 2363 Πειρησαμένων
959 2281 998 2347 δέ
1014 2282 1083 2344 τῶν
1096 2298 1127 2352 81

76 2380 235 2462 Θηβαίων
247 2373 332 2445 κατὰ
347 2374 410 2463 τὴν
424 2382 615 2465 συμμαχίην
634 2382 704 2445 τῶν
717 2376 908 2444 Αἰακιδέων
926 2376 984 2443 καί
1002 2400 1085 2461 τρη-

75 2476 156 2559 χέως
169 2475 428 2560 περιεφθέντων
436 2472 504 2543 ὑπὸ
516 2481 585 2542 τῶν
595 2472 786 2560 Ἀθηναίων
796 2465 893 2551 αῦτις
903 2476 938 2541 ολ
943 2480 1085 2560 Θηβαῖοι

76 2573 264 2656 πέμψαντες
282 2568 363 2651 τούς
383 2573 446 2658 μέν
459 2576 622 2651 Αἰακίδας
641 2589 703 2657 σφι
720 2567 942 2656 ἀπεδίδοσαν,
963 2576 1033 2639 τῶν
1047 2567 1085 2636 δὲ

38 2682 40 2685 ’
76 2667 211 2757 ἀνδρῶν
222 2672 364 2739 ἐδέοντο.
385 2677 563 2760 Αἰγινῆται
578 2673 615 2740 δέ
630 2669 828 2760 εὐδαιμονίη
835 2695 872 2739 τε
882 2670 1011 2759 μεγάλη
1023 2670 1084 2736 έπ-

76 2766 255 2853 αερθέντες
269 2770 325 2836 καί
344 2773 468 2858 ἔχθρης
489 2776 633 2853 παλαιῆς
653 2766 926 2855 ἀναμνησθέντες
944 2766 1084 2854 ἐχούσης

75 2868 110 2944 ἐς
126 2862 327 2951 Ἀθηναίους
348 2867 424 2937 τότε
439 2874 598 2954 Θηβαίων
615 2868 808 2953 δεηθέντων
830 2866 980 2953 πόλεμον.
999 2863 1085 2951 ἄκη-

75 2992 201 3050 ρυκτον
217 2964 426 3055 Ἀθηναίοισι
441 2970 615 3055 ἐπέφερον.
646 2969 865 3055 ἐπικειμένων
880 2964 950 3055 γὰρ
970 2963 1084 3035 αύτῦν

74 3074 251 3134 Βοιωτοῖσι
268 3066 515 3146 έπιπλύσαντες
529 3071 675 3155 μακρῇσι
690 3068 791 3152 νηνσλ
812 3067 845 3145 ἐς
859 3062 922 3151 τὴν
932 3060 1088 3148 ’Λττικην

74 3159 160 3231 κατᾶ
174 3162 237 3249 μὲν
251 3168 377 3253 έσνραν
392 3165 569 3253 Φάληρον,
585 3161 670 3233 κατὰ
685 3166 723 3233 δέ
732 3170 791 3252 τῆς
804 3161 906 3249 ἄλλης
919 3165 1083 3248 παραλίης

73 3258 221 3341 πολλοὺς
248 3263 392 3351 δήμους,
420 3270 594 3343 ποιεῦντες
617 3266 783 3333 δὲταῦτα
809 3260 961 3349 μεγάλως
980 3256 1083 3345 Ἀθη-

74 3366 192 3441 ναίους
208 3364 369 3431 ἐσίνοντο.

152 3458 197 3527 ‘H
209 3460 246 3529 δὲ
263 3466 367 3550 ἔχθρη
379 3458 687 3553 ἡπροοφειλομένη
704 3464 740 3540 ἐς
748 3457 949 3547 Ἀθηναίους
963 3462 1000 3528 ἐκ
1014 3464 1082 3526 τῦν
1095 3470 1131 3525 82
