2500 3925
367 252 452 307 LIB.
484 251 517 308 11.
551 249 650 308 cAP.
682 255 839 312 99-104.
1047 247 1108 314 165

103 367 258 480 Ἀραβίου
282 390 412 462 κόλπου
437 391 516 472 τούς
546 389 637 479 παρά
658 388 721 478 τὴν
741 389 911 482 Ἐρυθρὴν
929 394 1108 466 θάλασσαν

107 491 366 574 κατοικημένους
376 492 673 578 καταστρέφεσθαι,
683 490 716 570 ές
726 485 747 556 ό
757 490 912 562 πλύοντά
922 519 982 580 μιν
992 491 1107 581 πρόσω

107 582 286 654 ἀπικέσθαι
310 588 344 665 ἐς
363 586 541 656 θάλασσαν
565 586 677 655 οὐκέτι
700 583 836 673 πλωτὴν
849 584 916 658 ὑπὸ
945 595 1105 678 βραχέων.

106 685 266 751 ἐνθεῦτεν
281 683 318 751 δὲ
339 681 383 763 ὡς
403 681 509 753 ὀπίσω
526 681 661 752 ἀπίκετο
677 683 711 761 ές
724 692 917 772 Αίγνπτον,
942 686 1025 756 κατὰ
1040 695 1107 758 τάν

103 785 202 870 ίρέων
223 781 287 872 τήν
310 785 412 871 φάτιν
428 781 587 872 στρατιὴν
608 778 738 869 πολλὴν
761 781 876 872 λοβόν
898 783 1025 873 ἤλαυνε
1052 785 1106 856 διά

103 891 158 970 τῆς
173 879 336 970 ἠπείρου,
361 890 430 951 πᾶν
446 889 547 961 ἐθνος
565 877 603 949 τό
618 876 773 967 ἐμποδάιν
787 883 1105 972 καταστρεφόμενος.

103 981 226 1050 ὁτέοισι
239 983 302 1068 μέν
317 1008 383 1050 νυν
396 979 510 1051 αὐτῶν
526 977 693 1066 ἀλκίμοισι
708 980 906 1068 ἐνετύγχανε
919 983 974 1052 καί
989 987 1107 1066 δεινῶς

101 1082 328 1166 γλιχομένοισι
341 1082 417 1168 περὶ
435 1087 493 1167 τῆς
508 1083 719 1165 ἐλευθερίης,
743 1077 891 1147 τούτοισι
906 1078 968 1165 μὲν
986 1080 1106 1169 στήλας

102 1180 213 1245 ἐνίστα
229 1178 262 1256 ές
275 1174 335 1257 τάς
347 1177 457 1266 χάρας
470 1173 525 1245 διά
536 1175 741 1263 γραμμάτων
750 1176 913 1262 λεγούσας
926 1176 1010 1248 τότε
1020 1181 1105 1248 ἐων-

100 1282 161 1343 τού
177 1273 308 1361 ούνομα
330 1277 458 1364 καὶτῆς
477 1275 620 1363 πάτρης,
642 1271 758 1354 καλός
778 1274 902 1362 δυνάμι
922 1283 962 1366 τῇ
979 1278 1106 1346 ἑαυτοῦ

100 1371 346 1460 κατεστρέψατό
369 1393 489 1460 σφεας·
522 1371 626 1442 ὁτέων
648 1371 684 1440 δέ
708 1369 848 1460 ἀμαχητὶ
868 1377 923 1444 καί
944 1371 1106 1454 εὐπετέως

99 1473 270 1559 παρέλαβε
286 1469 345 1552 τάς
358 1472 472 1558 πόλις,
487 1471 634 1540 τούτοισι
650 1471 686 1538 δὲ
702 1471 866 1557 ἐνέγραφε
883 1473 920 1540 ἐν
934 1479 1008 1561 τῇσι
1025 1471 1106 1559 στή-

98 1580 177 1658 λῃσι
193 1567 277 1639 κατά
292 1567 395 1640 ταύτά
411 1574 466 1640 καί
479 1585 564 1640 τοῖσι
579 1567 767 1658 ἀνδρηίοισι
780 1576 848 1638 τῶν
863 1572 993 1640 ἐθνέων
1006 1596 1106 1658 γενο-

99 1670 249 1756 μένοισι,
263 1671 320 1738 καὶ
333 1669 374 1757 δὴ
389 1672 445 1739 καί
456 1673 564 1740 αίδολα
574 1665 736 1756 γυναικός
746 1671 1008 1760 προσενέγραφε,
1021 1675 1104 1759 δῆλα

99 1767 308 1855 βουλόμενος
327 1770 471 1856 ποιέειν,
494 1767 539 1849 ἀς
563 1778 681 1856 εἴησαν
705 1765 888 1850 ἀνάλκιδες.
937 1777 1048 1838 Ταῦτα
1069 1770 1104 1838 δέ
1122 1782 1171 1836 103

99 1869 226 1934 ποιέων
240 1867 362 1955 διεξήιε
377 1864 438 1956 τὴν
457 1865 614 1955 ἤπειρον,
643 1868 675 1946 ἐς
697 1865 766 1934 δ’ἐκ
785 1873 844 1954 τῆς
864 1865 971 1955 Ἀοίης
991 1869 1025 1948 ές
1044 1865 1106 1954 τὴν

100 1962 273 2053 Εύριόπην
298 1964 416 2054 διαβάς
440 1968 519 2046 τούς
549 1991 585 2034 τε
608 1962 752 2045 Σκύθας
777 1970 1019 2055 κατεστρέψατο
1050 1968 1104 2033 καὶΙ

99 2062 179 2143 τούς
193 2062 350 2153 Θρήικας.
387 2066 419 2143 ἐς
435 2064 575 2144 τούτους
596 2065 636 2133 δέ
646 2089 703 2151 μοι
718 2065 825 2132 δοκέει
840 2068 895 2133 καί
909 2063 1103 2152 προσύτατα

99 2164 282 2234 ἀπικέσθαι
298 2158 316 2232 ὁ
333 2161 518 2249 Αἰγύπτιος
533 2162 681 2251 στρατός.
714 2164 752 2229 έν
765 2165 828 2248 μὲν
840 2160 905 2250 γάρ
919 2170 959 2253 τῇ
973 2162 1103 2233 τούτων

98 2265 191 2352 χώρη
210 2267 388 2348 φαίνονται
403 2270 575 2329 σταθεῖσαι
590 2263 628 2328 αί
645 2265 777 2347 στῆλαι,
798 2257 837 2328 τό
852 2261 888 2328 δὲ
903 2263 1102 2349 προσωτέρω

97 2361 230 2431 τούτων
244 2356 365 2429 ούκέτι.
396 2361 557 2427 ἐνθεῦτεν
572 2360 608 2426 δέ
630 2359 826 2445 ἐπιστρέψας
840 2352 945 2426 ὀπίσω
958 2356 1026 2447 ἤϊε,
1048 2360 1102 2427 καί

99 2463 210 2527 ἐπείτε
236 2455 366 2542 ἐγένετο
382 2457 433 2523 ἐπὶ
447 2454 536 2524 Φάσι
556 2460 711 2545 ποταμῷ,
734 2451 797 2523 οὐκ
812 2460 874 2542 έχω
887 2456 925 2523 τό
942 2458 1102 2526 ἐνθεῦτεν

99 2553 262 2639 ἀτρεκέως
277 2557 399 2639 είπεῑν,
421 2560 485 2621 είτε
496 2548 597 2631 αύτός
612 2548 630 2619 ὁ
645 2548 803 2638 βασιλεύς
813 2555 1003 2641 Σέσωστρις
1017 2551 1102 2622 ἀπο-

100 2649 287 2737 δασάμενος
302 2655 360 2736 τῆς
384 2650 511 2718 ἑωυτοῦ
533 2656 686 2737 στρατιῆς
710 2648 831 2737 μόριον
851 2648 974 2740 ὁσονδῆ
997 2650 1101 2721 αὐτοῦ

100 2756 252 2819 κατέλιπε
265 2756 323 2835 τῆς
336 2748 445 2839 χάρης
460 2748 652 2836 οἰκήτορας,
674 2756 738 2816 εἴτε
754 2756 822 2816 τῶν
841 2750 929 2829 τινές
941 2770 1102 2839 στρατιω-

101 2852 182 2915 τέων
197 2854 237 2936 τῇ
252 2846 363 2935 πλάνη
379 2842 484 2913 αύτού
499 2842 721 2930 ἀχθεσθέντες
738 2848 813 2934 περὶ
829 2854 938 2916 Φᾶσιν
951 2845 1101 2935 ποταμόν

103 2951 305 3035 κατέμειναν.
349 2953 532 3015 Φαίνονται
549 2947 610 3031 μὲν
631 2943 695 3033 γάρ
714 2946 824 3026 ἐόντες
846 2952 878 3017 οἱ
897 2946 1020 3035 Κόλχοι
1037 2952 1100 3014 At·
1121 2964 1167 3016 104

103 3046 248 3131 γύπτιοι·
281 3042 405 3131 νοήσας
425 3044 461 3111 δέ
486 3043 651 3131 πρότερον
671 3040 808 3132 αύτόςῆ
828 3042 975 3125 ἀκούσας
989 3042 1099 3114 ἀλλων

104 3147 192 3229 λέγω.
227 3139 273 3222 ὡς
288 3142 328 3210 δέ
339 3167 396 3228 μοι
411 3143 448 3208 ἐν
462 3147 616 3229 φροντίδι
632 3144 779 3229 ἐγένετο,
801 3142 940 3232 εἰρόμην
954 3140 1099 3235 ἀμφοτέ-

106 3267 196 3328 ρους,
218 3238 419 3325 καὶμᾶλλον
440 3244 474 3308 οί
486 3238 610 3330 Κόλχοι
631 3242 809 3328 ἐμεμνέατο
824 3248 892 3309 τῶν
906 3247 1099 3329 Αἰγυπτίων

36 3338 42 3345 ’
105 3335 167 3426 ἢοί
177 3338 357 3427 Αίγύπτιον
371 3344 440 3406 τῶν
453 3336 603 3426 Κόλχων.
637 3345 782 3427 νομίζειν
798 3334 830 3407 δ’
848 3345 978 3426 ἔφασαν
992 3340 1098 3426 Αίγύ-

105 3461 186 3505 πτιοι
216 3443 273 3524 τῆς
297 3434 507 3523 Σεσώστριος
532 3442 685 3526 στρατιῆς
711 3434 795 3505 εἶναι
829 3435 907 3518 τούς
931 3439 1098 3526 Κόλχους·
