2500 3925
148 275 210 342 148
528 279 780 338 HERODOTI

148 448 249 512 λουτα
260 448 301 530 τῇ
311 442 409 528 μητρὶ
420 444 585 527 συμμῖξαι,
592 441 648 507 καὶ
655 435 735 517 τούς
745 437 938 524 προπόλους
948 447 1006 530 τῆς
1019 440 1159 530 μητρός,

148 535 202 609 οἷα
216 538 279 609 ούκ
294 538 472 618 ὀπωπότας
486 536 591 606 αὐτόν
605 536 789 624 πρότερον,
804 535 846 605 ού
860 545 1022 626 περιορᾶν
1036 541 1161 627 παριέ-

148 668 221 726 ναι,
245 637 319 709 ἀλλ’
338 638 538 725 ἀπερύκειν,
561 635 621 705 τόν
643 633 674 702 δ’
695 639 727 716 ἐξ
743 634 844 723 άλλης
857 635 973 717 πόλιος
987 635 1161 725 ἀγαγόμε-

148 769 211 810 νον
232 739 438 828 ἀνθρώπους
457 738 538 818 τούς
557 765 593 807 τε
613 736 807 822 προπόλους
824 737 966 824 τρηχέως
981 753 1161 822 περισπεῖν

148 846 203 910 καί
229 845 380 912 ἐσελθεῖν
405 836 496 926 παρά
509 836 582 926 τὴν
603 838 736 925 μητέρα.
772 833 837 904 ἀπό
859 835 981 905 τούτου
1001 844 1048 928 τῷ
1063 837 1163 922 ’Ἀρεῖ

147 941 274 1027 ταύτην
288 940 350 1029 τὴν
364 937 496 1028 πληγὴν
511 941 548 1006 ἐν
561 944 601 1027 τῇ
612 935 694 1026 ὁρτῇ
707 938 919 1021 νενομικέναι
934 941 1024 1021 φασί.
1037 937 1106 1004 Καὶ
1120 933 1161 1003 τό
1239 991 1240 1022 ,

147 1037 192 1125 μὴ
209 1048 388 1126 μίσγεσθαι
404 1040 538 1125 γυναιξί
559 1042 596 1105 ἐν
612 1040 714 1122 ίρολσι
735 1035 817 1121 μηδὲ
832 1033 996 1115 ἀλούτους
1010 1032 1078 1104 ἀπό
1093 1061 1162 1123 γυ-

147 1150 276 1211 ναικών
292 1145 325 1220 ές
335 1139 392 1226 ίρά
407 1144 531 1211 ἐσιέναι
546 1127 644 1208 ούτοί
656 1144 717 1206 είσι
733 1141 767 1204 οἱ
773 1144 903 1223 πρῶτοι
917 1137 1162 1224 θρησκεύσαν-

148 1267 208 1320 τες.
240 1243 348 1325 οἱμὲν
369 1237 434 1327 γὰρ
455 1237 550 1307 άλλοι
572 1234 692 1324 σχεδόν
708 1236 830 1317 πάντες
851 1236 1045 1323 ἄνθρωποι,
1068 1236 1164 1324 πλὴν

148 1348 343 1427 Αἰγυπτίων
357 1342 412 1408 καλ
427 1338 614 1425 Ἑλλήνων,
637 1343 811 1423 μίσγονται
833 1339 869 1403 έν
890 1340 991 1422 ίροίσι
1012 1339 1069 1405 καλ
1090 1334 1162 1404 ἀπὸ
1239 1329 1240 1404 ἶ

146 1445 319 1526 γυναικών
333 1435 549 1523 ἀνιστάμενοι
564 1435 702 1504 άλουτοι
724 1436 914 1520 ἐσέρχονται
930 1437 962 1512 ἐς
979 1430 1073 1520 ἱρόν,
1097 1460 1164 1500 νο-
1239 1461 1240 1500 i

147 1543 294 1624 μίξαντες
315 1535 520 1620 ἀνθρώπους
541 1532 626 1602 είναι
661 1534 807 1620 κατάπερ
837 1531 877 1601 τά
912 1529 997 1600 ἀλλα
1021 1530 1161 1622 κτήνεα.

146 1639 202 1704 καί
217 1633 282 1721 γάρ
299 1633 340 1702 τά
356 1632 439 1703 ἀλλα
454 1632 575 1720 κτήνεα
591 1629 676 1718 ὁρᾶν
690 1636 745 1698 καὶ
759 1630 910 1713 ὀρνίθων
922 1633 1022 1718 γένεα
1037 1629 1163 1720 ὀχευό-
1239 1633 1240 1652 ³

147 1760 231 1821 μενα
253 1739 291 1801 ἔν
306 1760 342 1801 τε
355 1749 440 1803 τοῖσι
455 1747 565 1820 νηολσι
579 1737 648 1798 τών
662 1737 755 1797 θεῶν
773 1732 828 1799 καί
843 1733 880 1798 ἐν
894 1745 979 1800 τοῖσι
993 1733 1161 1819 τεμένεσι.

147 1838 177 1901 εί
198 1825 247 1900 ώυ
269 1832 352 1900 είναι
376 1839 422 1923 τῷ
446 1838 517 1922 θεῷ
538 1836 637 1898 τοῦτο
659 1825 703 1914 μη
726 1834 841 1914 φίλον,
865 1826 927 1898 ούκ
948 1825 992 1897 ἀν
1014 1825 1096 1899 ούδὲ
1118 1829 1161 1898 τὰ

146 1930 269 2019 κτήνεα
293 1934 428 2001 ποιέειν.
470 1923 564 1998 οὗτοι
589 1931 651 2014 μέν
682 1953 748 1994 νυν
778 1933 914 1996 τοιαῦτα
948 1930 1164 2017 ἐπιλέγοντες

99 2052 133 2108 65
147 2039 278 2099 ποιεῦσι
294 2038 405 2118 ἔμοιγε
420 2028 482 2098 ούκ
498 2028 637 2115 ἀρεστά·
670 2029 849 2115 Αἰγύπτιοι
871 2026 908 2096 δὲ
922 2029 1163 2115 θρησκεύουσι

147 2134 312 2212 περισσῶς
325 2127 368 2195 τά
384 2154 420 2194 τε
434 2125 518 2195 ἀλλα
535 2128 611 2212 περὶ
627 2123 668 2192 τά
686 2124 741 2213 ίρά
757 2128 812 2194 καλ
829 2123 869 2213 δὴ
885 2128 941 2194 καλ
956 2126 1049 2196 τάδε’

226 2224 345 2293 Ἐοῦσα
366 2221 386 2307 ἡ
411 2232 582 2310 Αἴγυπτος
592 2222 739 2309 ὅμουρος
750 2231 789 2312 τῇ
801 2224 911 2313 Λιβύη
928 2220 970 2293 ού
985 2227 1077 2311 μάλα
1090 2240 1164 2317 θη-

146 2324 269 2412 ριώδης
284 2325 360 2390 ἐστί.
394 2319 435 2389 τά
453 2322 489 2389 δέ
515 2322 613 2389 ἐόντα
635 2341 696 2406 σφι
719 2320 849 2389 ἅπαντα
871 2319 927 2408 ίρά
947 2323 1163 2413 νενόμισται,

145 2427 202 2491 καὶ
217 2419 256 2488 τά
272 2420 334 2507 μέν
346 2420 521 2506 σύντροφα
538 2417 670 2488 αύτοίσι
684 2427 792 2505 [τοῖσι]
810 2416 1042 2510 ἀνθρώποισι,
1064 2422 1108 2491 τά
1124 2425 1164 2493 δέ

145 2519 196 2589 ού.
219 2525 288 2585 τών
303 2517 339 2584 δὲ
354 2520 484 2585 εἵνεκεν
494 2515 620 2585 ἀνεῖται
635 2514 676 2584 τά
692 2514 747 2601 ίρά
763 2522 793 2583 εί
806 2520 953 2605 λέγοιμι,
970 2526 1163 2607 καταβαίην
1238 2572 1239 2581 ι

143 2615 248 2707 ἀντῷ
269 2614 359 2705 λόγῳ
381 2618 413 2695 ἐς
427 2613 467 2683 τά
485 2624 562 2684 θεία
584 2614 778 2701 πράγματα,
800 2614 840 2681 τά
862 2612 926 2700 ἐγώ
950 2616 1070 2701 φεύγω
1092 2620 1164 2704 μά-
1238 2610 1239 2693 ξ

144 2726 241 2785 λιστα
256 2712 471 2801 ἀπηγέεσθαι.
501 2714 541 2782 τά
562 2717 599 2782 δέ
613 2717 669 2781 καλ
692 2723 807 2800 εἴρηκα
827 2712 940 2783 αύτών
956 2717 1162 2805 ἐπιψαύσας,
1238 2706 1239 2783 ί

142 2810 310 2899 ἀναγκαίη
332 2812 669 2898 καταλαμβανόμενος
685 2810 787 2879 είπον.
820 2813 924 2900 νόμος
939 2818 980 2883 δέ
996 2819 1068 2886 ἐστι
1083 2824 1164 2906 περὶ
1238 2802 1239 2819 ³

141 2916 213 2977 τών
222 2914 356 2995 θηρίων
369 2901 434 2976 ώδε
445 2914 538 2994 ἔχων.
561 2912 744 2994 μελεδωνοὶ
754 2908 994 2999 ἀποδεδέχαται
1004 2923 1065 3003 τῆς
1080 2945 1164 3005 τρο-

141 3014 209 3092 φῆς
222 3006 322 3091 χωρὶς
342 3005 506 3090 ἑκάστων,
528 3009 583 3073 καλ
598 3012 729 3092 ἔρσενες
743 3010 798 3076 καλ
818 3010 941 3096 θήλεαι
962 3019 1032 3079 τών
1047 3020 1165 3099 Αίγυω

142 3112 264 3189 πτίων,
285 3109 354 3169 τών
374 3116 452 3181 παῖς
466 3100 556 3189 παρά
571 3102 697 3191 πατρὸς
713 3108 878 3174 ἐκδέκεται
899 3104 961 3193 τὴν
978 3111 1093 3197 τιμήν.
1131 3119 1164 3179 οί

143 3201 180 3269 δέ
194 3203 231 3267 έν
248 3206 323 3286 τῇσι
339 3198 452 3266 πόλισι
468 3201 600 3269 ἕκαστοι
615 3198 713 3287 εύχάς
727 3201 827 3269 τάσδε
842 3222 903 3288 σφι
918 3201 1162 3275 ἀποτελέουσι·

144 3296 320 3383 εὐχόμενοι
334 3303 380 3386 τῷ
396 3304 485 3387 θεῷ,
500 3304 561 3364 τοῦ
577 3294 621 3365 ἀν
637 3292 659 3387 ᾗ
675 3296 712 3366 τό
730 3307 870 3386 θηρίον,
894 3299 1074 3387 ξυρέοντες
1092 3311 1163 3373 τών

143 3397 285 3461 παιδίων
300 3388 322 3477 ἦ
337 3398 449 3458 πᾶσαν
470 3391 532 3480 τὴν
557 3393 709 3483 κεφαλὴν
731 3392 804 3483 ἢτό
827 3394 968 3485 ἥμισυῆ
986 3396 1024 3467 τό
1042 3408 1163 3489 τρίτων

142 3494 241 3577 μέρος
255 3496 312 3575 τῆς
332 3498 495 3578 κεφαλῆς,
518 3496 626 3562 ἱστᾶσι
648 3502 786 3586 σταθμῷ
804 3493 887 3579 πρός
908 3493 1080 3583 ἀργύριον
1102 3500 1164 3581 τάς
