2500 3925
321 250 405 307 LIB.
436 249 486 306 'N-
521 248 622 309 cm.
660 256 834 314 134-139.
1014 246 1079 312 353

90 424 134 479 ῑθσ
153 412 315 496 αλληλων,
338 414 495 496 ἔφθησαν
514 414 628 501 πολλῷ
649 413 684 478 ολ
695 408 834 480 Σκύθαι
854 410 933 492 τούς
946 419 1079 502 Πέρσας

90 514 131 571 sai
145 528 202 592 την
213 504 400 594 γέφυραν’
379 507 588 594 απικόμενοι.
617 508 788 595 μαθόντες
801 510 839 578 δέ
853 506 935 589 τούς
946 512 1079 598 Πέρσας

91 596 166 669 ούκυ
176 599 377 690 άπιγμένους
388 609 505 690 ἔλεγον
515 627 601 689 προς
610 628 692 684 τους
701 603 819 686 Ἴωνας
829 606 946 686 ἐόντας
957 609 994 675 ἐν
1004 614 1078 697 τῇσι

90 704 188 783 νηυσί·
211 698 371 788 ΙἈυδρες”
366 709 487 788 Ιωνες,
509 704 548 769 αδ
564 726 600 769 τε
617 698 740 789 ἡμέραι
754 700 838 790 ὑμῖν
849 709 912 772 τοῦ
928 700 1079 826 ἀριθμοῦ

88 801 146 865 διοί
131 804 268 887 ίχηνται,
280 803 336 870 καὶ
347 826 391 869 ου
378 798 530 870 ποιέετε
540 805 653 871 δίκαια
664 806 713 871 ἔτι
723 806 982 891 παραμένοντες.
1001 799 1076 871 ἀλλ’

89 897 145 965 ἐπεὶ
163 898 328 986 πρότερον
343 903 570 986 δειμαίνοντες
584 901 736 988 ἐμένετε,
756 906 824 970 νῦν
838 900 1000 979 λύσαντες
1016 896 1078 968 τδν

87 994 178 1083 πόρον
191 995 255 1084 τήν
273 1004 428 1086 ταχίστην
449 996 546 1069 ἄπιτε
559 1005 732 1087 χαίροντες
751 1000 946 1087 ἐλεύθεροι,
966 1005 1081 1067 θεοῖσί

88 1121 114 1163 τε
126 1100 175 1165 καὶ
186 1099 348 1189 Σκύθῃσι
370 1099 494 1180 εἰδότες
512 1099 629 1187 χάριν,
652 1097 714 1169 τδν
733 1101 771 1169 δέ
786 1099 955 1187 πρότερον
976 1094 1077 1166 ἐόντα

86 1192 182 1280 ύμέων
204 1200 372 1286 δεσπότην
393 1198 489 1288 ἡμεῖς
507 1201 794 1289 παραστησόμεθα
815 1198 906 1269 οὕτω
923 1197 1009 1268 οἷστε
1023 1200 1077 1269 ἐστὶ

85 1294 239 1381 μηδαμούς
255 1303 303 1365 ἐτι
318 1295 525 1385 ἀνθρώπους
545 1296 652 1368 αύτδν
665 1298 944 1386 στρατεύσεσθαι.
982 1293 1076 1380 Πρός
1090 1324 1138 1381 ιςγ

84 1401 168 1464 ταῦτα
182 1400 217 1465 ολ
223 1394 340 1478 Ἴωνες
354 1399 585 1487 ἐβουλεύοντο.
615 1400 811 1469 Μιλτιάδεω
824 1402 960 1485 μέντού
971 1395 1074 1485 Ἀθη-

86 1501 176 1584 ναίον,
187 1500 449 1585 στρατηγέοντος
459 1504 515 1570 καὶ
526 1500 1073 1589 τυραννεύοντοςΧερσονησιτέων

82 1602 137 1663 τόν
149 1600 183 1665 ἐν
193 1596 444 1693 Ἑλλησπόντῳ,
460 1594 505 1687 ἦν
519 1601 638 1688 γνόμη
653 1606 835 1669 πείθεσθαι
844 1598 1004 1686 Σκύθησι
1017 1598 1074 1664 καλ

42 1744 43 1747 ¹
83 1693 272 1782 ἐλευθεροῦν
283 1695 429 1786 Ἰωνίην,
445 1696 601 1768 Ἱστιαίου
617 1699 655 1767 δέ
668 1704 730 1767 τού
745 1704 918 1784 Μιλησίου
937 1699 1072 1780 ἐναντίη

44 1836 45 1841 1
81 1792 181 1883 ταύτη,
204 1795 380 1886 λέγοντος,
405 1794 449 1875 ὡς
466 1804 532 1866 νῦν
548 1798 611 1885 μὲν
625 1795 682 1866 διὰ
693 1809 843 1882 Δαρεῖον
856 1798 995 1873 ἕκαστος
1009 1792 1074 1861 αύ-

41 1916 43 1921 ’
80 1894 134 1954 τόν
145 1891 347 1977 τυραννεύει
360 1892 486 1980 πόλιος,
503 1900 561 1982 τῆς
570 1900 723 1982 Δαρείου
733 1893 770 1961 δέ
781 1891 945 1978 δυνάμιος
956 1915 1073 1959 καταν-

81 1995 215 2077 ριθεέσης
240 1989 320 2060 υύτε
339 1989 441 2072 αύτδς
454 2000 636 2080 Μιλησίων
655 1989 727 2073 οἷός
746 2017 782 2060 τε
802 1996 941 2059 ἔσεσθαι
957 1988 1073 2075 ἄρχειν

81 2083 142 2153 οὔτε
154 2085 260 2158 ἄλλον
271 2088 396 2160 ούδένα
407 2089 583 2179 οὐδαμῶν·
606 2091 838 2181 βουλήσεσθαι
850 2087 917 2176 γάρ
928 2087 1073 2176 ἑκάστην

79 2189 132 2251 τόν
146 2195 274 2258 πολίων
296 2194 583 2278 δημοκρατέεσθαι
598 2185 769 2278 μᾶλλον’“
750 2217 768 2276 η
789 2187 1069 2276 τυραννεύεσθαι.

75 2276 209 2355 ίστιαίον
217 2289 403 2378 δὲγνωμην
412 2317 540 2379 ταυτην
547 2287 840 2375 αποδεικνυμένυυ
850 2283 970 2355 αὐτίκα
981 2285 1072 2352 πάν-

78 2407 118 2459 τες
129 2377 212 2471 ἦσαν
227 2392 448 2476 τετραμμένοι
461 2389 546 2478 πρδς
560 2391 688 2477 ταύτην
698 2414 761 2475 την
774 2386 931 2473 γνιόμην,
946 2383 1071 2468 πρότε-

79 2507 127 2564 νον
139 2513 199 2574 την
212 2491 410 2560 Μιλτιάδεω
427 2495 628 2581 αἱρεόμενοι.
669 2485 775 2559 Ἠσαν
790 2481 882 2557 δὲ
839 2513 934 2558 ουτοι
949 2490 983 2555 οί
995 2490 1071 2554 δια·
1049 2507 1133 2562 -138

79 2583 219 2668 φέροντές
234 2613 271 2655 τε
285 2584 348 2674 τὴν
363 2597 479 2676 ψῆφον
492 2593 548 2658 καὶ
563 2591 675 2668 ἐόντες
686 2587 792 2674 λόγου
806 2582 890 2673 πρὸς
904 2585 1069 2671 βασιλέως,

45 2747 46 2750 ,
75 2675 321 2770 Ἑλλησποντίων
342 2693 404 2775 μέν
425 2690 587 2774 τύραννοι
604 2688 743 2775 Δάφνις
764 2712 801 2755 τε
815 2683 1000 2775 Ἀβνδηνδς
1013 2687 1070 2754 καλ

72 2772 228 2865 Ἵπποκλος
251 2783 479 2873 Λαμψακηνός
507 2790 563 2856 καί
583 2784 795 2873 Ἡρόφαντος
817 2782 989 2873 Παριηνὸς
1014 2787 1069 2852 καὶ

78 2881 292 2968 Μητρόδωρος
307 2884 565 2970 Προκοννήσιος
584 2887 641 2954 καί
663 2881 900 2971 Ἀρισταγόρης
921 2889 1069 2967 Κυζικη-

77 2973 123 3055 ἰδς
148 2981 204 3048 καὶ
231 2977 395 3069 Ἀρίστων
424 2978 619 3062 Βυζάντιος·
655 2973 749 3050 ούτοι
783 2980 846 3069 μέν
875 2984 912 3048 οί
940 2981 972 3061 ἐξ
993 2978 1068 3048 Ἐλ-

77 3074 302 3164 λησπόντου,’
283 3103 331 3145 αττ
331 3075 479 3166 ’Ἰωνίης
494 3079 531 3146 δέ
544 3080 709 3166 Στράττις
723 3105 759 3147 τε
773 3087 855 3158 Χιος
870 3081 925 3146 καὶ
938 3075 1068 3162 Αἰάκης

77 3175 187 3260 Σάμιος
202 3181 258 3246 καὶ
273 3180 455 3266 Λαοδάμας
468 3175 644 3259 Φωκαιεὺς
657 3176 733 3247 καδ’
730 3187 875 3256 Ιστιαϊος
885 3177 1064 3268 Μιλήσιος,

77 3296 124 3339 του
133 3301 175 3361 ην
184 3275 546 3365 γυωμηηπροκειμένη
558 3282 692 3365 ἐναντίη
703 3276 1066 3365 τηΜιλτιαδεω
980 3281 1066 3344 Λο-ί

46 3425 47 3430 .
78 3367 147 3438 λέων
166 3375 203 3442 δέ
196 3383 335 3495 παρῆν
352 3375 491 3463 λόγιμος
512 3381 640 3464 μοῦνος
652 3373 887 3495 Ἀρισταγόρης
901 3381 1062 3462 Κυμαῖος.

80 3452 209 3538 Ουτοι
182 3499 230 3539 ων
250 3471 416 3623 ἐῐπεέτε
380 3501 443 3562 την
451 3473 608 3544 Ἱστιαίου
623 3475 776 3557 αίρέοντο
793 3474 950 3624 γνόμηὸν,
940 3478 1067 3561 ,ἔδοξέ
1078 3492 1129 3545 139

146 3581 241 3622 mon.
