2500 3925
193 251 254 315 110
567 249 822 310 HERODOTI

129 428 178 484 116
192 415 282 482 ἐοῦσι
294 410 357 499 666
368 412 406 479 ἐν
415 418 489 499 τῇσι
503 416 612 497 νηυσί.
638 400 741 478 Οότοι
756 411 819 497 μὲν
830 407 871 498 66
882 416 1093 499 περιέπλωον
1104 409 1207 481 Σοό-

191 533 286 594 νιον,
299 505 471 597 Ἀθηναῖοι
490 511 544 597 66,
566 505 611 587 ὡς
625 509 742 576 ποθῶν
757 507 862 597 εἶχον,
892 505 1027 594 τάχιστα
1046 509 1205 596 ἐβάθεον

192 609 226 686 ές
239 604 276 674 τό
289 604 389 696 ἀστυ,
406 609 462 675 καί
476 605 634 693 ἔφθησάν
644 631 679 674 τε
690 603 888 694 ἀπικόμενοι
900 611 980 692 πρίν
989 603 1012 695 6
1022 605 1104 687 τοὺς
1114 615 1204 696 βαρ-

192 704 319 791 βάρους
327 701 432 794 ἥκειν,
444 706 499 772 καί
509 704 852 791 ἐστρατοπεδεύσαντο
864 703 1039 793 ἀπιγμένοι
1052 707 1085 786 ἐξ
1095 704 1204 792 Ἡρα-

192 809 307 872 κλείου
319 810 382 872 τοῦ
395 807 433 873 ἐν
449 811 643 892 Μαραθῶνι
657 807 695 872 ἐν
710 802 800 898 ἀλλμ
815 802 998 897 Ἡρακλείῳ
1011 811 1058 896 τῷ
1072 806 1112 873 ἐν
1125 813 1203 872 Κυ-

192 901 359 990 νοσάργεϊ.
389 907 423 970 οί
440 903 476 971 66
496 902 662 991 βάρβαροι
676 909 750 992 τῇσι
772 907 871 989 νηυσί
886 901 1202 990 ὑπεραιωρηθέντες

191 1001 352 1090 Φαλήρου
371 1008 483 1070 ’τοῦτο
502 999 567 1087 γάρ
581 995 626 1088 ἦν
642 1003 789 1069 ἐπίνειον
807 1002 882 1070 τότε
899 1008 968 1069 τῶν
980 998 1175 1087 Ἀθηναίων
1183 1022 1200 1084 ·,

190 1101 276 1189 ὑπέρ
294 1102 417 1170 τούτου
432 1099 724 1188 ἀνακωχεύσαντες
738 1100 797 1180 τάς
810 1105 887 1181 νέας
903 1097 1080 1168 ἀπέπλωον
1092 1095 1202 1167 όπίσω

123 1219 174 1277 117
190 1204 223 1282 ἐς
239 1201 302 1290 τὴν
312 1201 433 1292 Ἀσίην.
470 1201 525 1272 Ἐν
537 1205 643 1294 ταότη
653 1211 693 1294 τῇ
705 1207 742 1273 ἐν
753 1209 947 1292 Μαραθῶνι
963 1203 1050 1290 μάχη
1066 1199 1200 1270 ἀπέθα-

191 1328 255 1371 νον
268 1308 337 1371 τῶν
350 1302 533 1392 βαρβάρων
546 1304 631 1374 κατά
648 1308 884 1393 ἑξακισχιλίους
899 1305 953 1372 καί
964 1307 1200 1389 τετρακοσίους

191 1397 334 1487 ἀνδρας,
349 1398 538 1490 Ἀθηναίων
551 1405 588 1473 66
602 1401 722 1473 ἑκατόν
737 1403 938 1492 ἐνενήκοντα
952 1405 1006 1472 καὶ
1018 1402 1099 1470 660·
1121 1406 1200 1470 ἐπε-

191 1525 254 1571 σον
267 1503 330 1589 μέν
340 1499 540 1593 ἀμφοτέρων
551 1513 715 1592 τοσοῦτοι,
731 1504 908 1594 συνήνεικε
931 1503 968 1572 66
986 1499 1108 1570 αὐτόθι
1123 1504 1198 1568 θῶ·

191 1629 237 1689 μα
258 1605 418 1689 γενέσθαι
441 1606 589 1691 τοιόνδε,
611 1602 793 1731 Ἀθηναίοη
816 1601 924 1690 ἀνδρα
944 1598 1115 1686 Ἐπίζηλον
1138 1597 1197 1667 τόν

191 1705 426 1828 Κουφαγόρεω
440 1709 531 1776 ἐν’
490 1734 531 1798 τη
545 1708 686 1777 συστάσι
701 1704 891 1795 μαχόμενόν
905 1729 939 1772 τε
954 1704 1009 1772 καί
1023 1699 1133 1788 ἀνδρα
1144 1727 1198 1786 χι-

190 1804 337 1892 νόμενον
352 1802 486 1891 ἀγαθόν
504 1813 574 1875 τῶν
589 1803 748 1894 ὀμμάτων
765 1809 987 1893 στερηθῆναι,
1013 1797 1090 1868 οὔτε
1111 1806 1197 1915 πλη-

190 1905 291 1992 μέντα
305 1901 406 1973 οάόέν
419 1911 481 1975 τοῦ
498 1906 649 1994 σώματος
660 1903 737 1974 οὔτε
753 1905 939 1993 βληθέντα,
953 1895 1057 1969 καί
1022 1923 1059 1967 το
1074 1894 1197 1967 λοιπόν

190 2010 247 2091 τῆς
259 2004 334 2092 ζόης
345 2006 554 2076 όιατελέειν’
535 2005 600 2077 από
608 2005 731 2076 τούτου
741 2032 802 2074 του
788 2002 1043 2093 ’χρόνουέόντα
1053 2001 1194 2087 τυφλόν,

191 2105 301 2188 λέγειν
313 2103 349 2171 66
360 2101 465 2173 αὐτόν
474 2104 603 2193 ἥκουσα
614 2106 690 2193 περὶ
699 2111 761 2174 τοῦ
770 2105 899 2183 πάθεος
908 2102 1039 2173 τοιόνδε
1050 2097 1126 2169 τινά
1138 2100 1195 2168 λό-

190 2227 269 2288 γου,
285 2199 394 2284 ἀνδρα
404 2208 439 2272 οἵ
448 2208 579 2274 δοκέειν
589 2203 729 2293 όπλίτην
743 2202 935 2291 ἀντιστῆναι
946 2208 1068 2291 μέγαν,
1084 2208 1148 2270 τοῦ
1158 2198 1193 2269 τό
1248 2246 1249 2326 6

190 2308 322 2390 γένειον
337 2302 399 2392 τὴν
416 2303 539 2374 ἀσπίόα
554 2315 665 2375 πᾶσαν
685 2307 848 2389 σκιάζειν·
873 2302 911 2374 τό
930 2304 966 2374 όέ
982 2304 1099 2392 φάσμα
1115 2308 1194 2371 τοῦ·

190 2426 228 2470 το
243 2400 369 2471 ἐωυτόν
381 2406 443 2491 μέν
460 2410 695 2493 παρεξελθεῖν,
714 2404 775 2475 τόν
788 2410 824 2474 66
837 2408 964 2473 ἐωυτοῦ
980 2399 1194 2490 παραστάτην

190 2499 392 2572 ἀποκτείναι.
415 2512 520 2575 ταῦτα
535 2510 597 2594 μέν
611 2505 653 2595 66
665 2506 835 2593 Ἐπίζηλον
850 2502 1027 2591 ἐπυθόμην
1041 2504 1161 2588 λέγειν.

126 2616 173 2672 118
273 2609 378 2681 Δᾶτις
388 2602 425 2672 66
436 2606 662 2694 πορευόμενος
674 2605 787 2696 ἀμα
755 2612 803 2673 τῶ
813 2609 941 2692 στρατῷ
954 2598 1034 2681 ἐς
997 2627 1059 2688 την
1069 2597 1192 2685 Ἀσίην,

190 2703 300 2768 ἐπείτε
325 2702 455 2786 ἐγένετο
472 2706 510 2771 έν
525 2706 696 2797 Μυκόυω,
714 2702 815 2773 είόε”
796 2716 876 2784 οιλιιν
891 2704 928 2770 ἐν
941 2706 987 2791 τῷ
1002 2696 1109 2787 ὕπνῳ.
1140 2699 1192 2762 καὶ

188 2797 261 2887 ἥτις
274 2791 535 2890 μὲνῆνὴόψις,
554 2829 596 2873 ου
584 2757 759 2892 ’λέχεται,
776 2801 901 2889 666‚‘
880 2828 923 2881 ως
937 2797 1042 2921 ἡμέρη
1058 2798 1191 2883 τάχιστα

189 2898 372 2986 ἐπέλαμψε,
390 2899 522 2987 ζήτησιν
536 2904 681 2972 ἐποιέετο
697 2911 765 2971 τῶν
776 2908 874 2987 νεῶν,
892 2897 1002 2982 εὑρών
1013 2898 1049 2965 66
1061 2898 1099 2963 ἐν
1110 2901 1190 2963 Φοι-

188 2999 288 3084 νίσση
301 3000 358 3081 νηί
368 2995 499 3083 ἄγαλμα
511 2996 719 3081 ’Λπόλλωνος
733 3000 987 3087 κεχρυσωμένον
1001 2992 1188 3063 ἐπυνθάνε-

188 3089 371 3179 το,οκοθεν
381 3100 609 3182 σεσυλημένον
619 3106 687 3185 εἴη
700 3096 942 3183 πυθόμενοςόέ
953 3085 1039 3176 ἐξ
997 3120 1038 3162 ου
1050 3119 1094 3181 ην
1104 3096 1187 3180 ίροῦ,

188 3199 295 3261 ἐπλωε
309 3218 350 3281 τη
334 3196 492 3263 ’ἑωυτοῦ
511 3201 568 3283 νηί
582 3199 614 3298 ἐς
630 3203 755 3284 Δῆλον.
782 3200 837 3264 καί
853 3192 992 3264 ἀπίκατο
1012 3191 1077 3281 γάρ
1097 3218 1188 3279 τηνι·

188 3296 296 3358 καότα
310 3294 344 3357 οί
356 3292 477 3411 Δηλιοι
494 3285 608 3361 όπίσω
614 3292 699 3373 ἐς
663 3320 727 3380 την
740 3301 862 3381 νῆσον,
881 3297 1095 3361 κατατίθεταί
1107 3317 1141 3358 τε
1157 3291 1187 3367 ἐς

188 3412 225 3455 το
214 3384 368 3472 Ηίρόν
333 3412 371 3454 το
386 3386 534 3477 ἄγαλμα,
554 3393 609 3459 καί
625 3392 809 3460 ἐντέλλεται
827 3404 912 3459 τοῖσι
927 3397 1080 3477 Δηλίοισι
1102 3386 1186 3455 ἀπα·
1245 3388 1246 3484 6

188 3495 304 3569 γαμεῖν
317 3479 354 3549 τό
372 3481 503 3572 ἀγαλμα
517 3488 551 3565 ἐς
563 3488 695 3574 Δήλιον
712 3485 748 3555 τό
764 3496 936 3575 Θηβαίων·
957 3514 995 3556 το
984 3484 1041 3555 6
1057 3488 1122 3556 ἐστὶ
1135 3486 1183 3554 ἐπὶ
