2500 3925
353 227 438 286 mn.
468 229 505 284 v.
537 227 637 285 w.
668 233 859 291 οπο-οε.
1065 223 1110 294 47

100 387 326 476 συμβόλαιον,
343 384 380 467 ὃς
396 392 506 476 νεκρῷ
521 386 624 474 ἐούση
635 392 790 478 Μελίσση
804 390 933 477 ἐμίγη),
950 394 1051 472 ἰθέως
1065 391 1107 481 δή

100 485 181 573 μετά
201 483 260 572 τήν
275 483 434 573 ἀγγελίην
447 485 605 571 κήρυγμα
618 485 797 572 ἐποιήσατο
811 489 844 566 ἐς
857 485 894 554 τό
906 486 1044 579 Ἡραίαν
1053 493 1107 572 ἐξ·

100 591 186 653 ιε’ναι
199 583 309 663 πόσας
326 580 386 662 τάς
399 590 598 666 Κορινθίων
616 597 789 670 γυναῖκας.
818 590 857 654 αι’
872 585 935 673 μέν
950 585 991 672 δή
1012 584 1056 666 ὡς
1071 591 1106 667 ἐς
1196 582 1199 586 ’

98 678 202 767 ὁρτήν
217 677 317 767 ήισαν
339 679 453 771 κόσμῳ
476 688 522 771 τῷ
539 688 703 773 καλλίστῳ
719 682 912 774 χρεόμεναι,
934 684 952 756 ὁ
969 684 1002 754 θ’
1017 684 1105 755 ύπο-

99 780 221 868 στήσας
237 776 317 860 τούς
339 777 553 867 δορυφόρους
572 777 722 849 άπέθυσέ
732 801 837 868 σφεας
849 785 958 864 πάσας
971 783 1104 871 ὁμοίως,

98 880 157 958 τάς
173 877 203 947 τ’
221 881 402 965 ἐλευθέρας
412 879 468 946 καλ
478 875 537 957 τάς
547 875 778 976 ἀμφιπόλους,
793 882 1013 970 συμφορήσας
1022 881 1059 950 δέ
1070 885 1104 960 ές

99 979 393 1069 όρυμμαΜελίσση
401 978 622 1064 ἐπευχόμενος
633 981 794 1048 κατέκαιε.
807 988 910 1048 ταῦτα
921 984 960 1050 δέ
965 981 1104 1068 οίποιή-

97 1100 194 1150 σαυτι
215 1081 270 1148 καὶ
284 1077 322 1147 τό
343 1079 503 1162 δεύτερον
520 1080 688 1166 πέμψαντι
702 1086 828 1167 ἔφρασε
848 1078 886 1148 τὸ
902 1087 1043 1152 εἴδωλον
1062 1082 1101 1151 τό

97 1185 270 1265 Μελίσσης
285 1182 317 1258 ἐς
333 1175 393 1247 τόν
407 1182 573 1264 κατέθηκε
585 1186 697 1266 χῶρον
715 1187 777 1248 τού
792 1183 904 1260 ξείνου
916 1179 979 1269 τήν
993 1207 1102 1265 παρα-

96 1279 303 1367 καταθήκην.
350 1284 491 1347 Τοιοῦτο
506 1279 568 1364 μέν
583 1279 652 1346 ἐστι
665 1275 782 1365 ὑμῐνὴ
799 1285 972 1368 τυραννίς,
989 1274 1016 1349 ὦ
1030 1289 1102 1350 Λα-

96 1377 322 1465 κεδαιμόνιοι,
338 1378 395 1446 καί
408 1378 572 1446 τοιούτων
583 1382 701 1462 ἐρμων.
723 1373 828 1463 ἡμέας
838 1376 963 1458 δέτούς
973 1386 1102 1463 Κοριν·

98 1482 196 1558 θίους
209 1475 249 1545 τό
263 1501 299 1544 τε
313 1473 432 1545 αύτίκα
457 1478 559 1562 θαῖμα
584 1477 669 1561 μέγα
683 1474 765 1562 εἶχε,
780 1473 837 1544 ὅτε
848 1475 953 1563 ὑμέας
968 1483 1102 1564 είσομεν

98 1577 412 1662 μεταπεμπομένους
421 1572 569 1662 Ἱππίην,
584 1580 651 1641 νῦν
664 1599 701 1641 τε
715 1572 756 1661 δή
771 1576 829 1643 καλ
847 1575 992 1662 μεζόνως
1025 1585 1100 1644 θω-

97 1669 243 1757 μάζομεν
259 1673 416 1757 λέγοντας
430 1678 550 1758 ταῦτα,
567 1672 865 1760 ἐπιμαρτυρόμεθά
876 1701 913 1743 τε
927 1672 1101 1745 ἐπικαλεό-

96 1795 192 1856 μενοι
210 1767 293 1857 ύμῑν
312 1768 417 1850 θεούς
433 1769 513 1850 τούς
528 1769 737 1857 Ἑλληνίους,
764 1769 809 1858 μή
831 1772 1026 1842 κατιστάναι
1040 1798 1101 1838 τυ-

96 1873 256 1955 ραννίδας
276 1873 310 1949 ές
325 1867 385 1950 τὰς
397 1869 502 1950 πόλις.
527 1867 590 1938 ούκ
607 1863 657 1936 ὦν
669 1870 859 1958 παύσεσθε,
881 1868 966 1940 αἰλλά
983 1895 1102 1958 πειρη-
1217 1889 1226 1898 ’

96 1982 198 2042 σεσθε
219 1970 310 2057 παρὰ
329 1970 367 2040 τό
387 1977 519 2041 δίκαιον
540 1972 741 2058 κατάγοντες
755 1970 903 2060 Ἱππίηνς
927 1982 997 2041 ίστε
1019 1968 1101 2059 ύμῖν

76 2140 79 2145 .
95 2080 304 2159 Κορινθίους
318 2100 357 2160 με
372 2071 413 2143 ού
426 2077 673 2153 συναινέοντας.

180 2172 371 2256 Σωσικλέης
382 2168 444 2257 μέν
459 2165 524 2237 άπὸ
538 2174 716 2256 Κορίνθου
731 2166 930 2255 πρεσβεύων
941 2172 1029 2248 ἔλεξε
1040 2168 1100 2236 τά·
1114 2176 1150 2231 93

94 2277 149 2360 θε,
167 2269 294 2356 Ἱππίης
316 2270 353 2337 δέ
367 2266 472 2337 αὐτόν
492 2267 645 2357 ἀμείβετο
665 2266 745 2346 τούς
761 2263 885 2346 αύτούς
905 2270 1100 2348 ἐπικαλέσας
1133 2304 1139 2310 ·

93 2368 198 2449 θεούς
213 2372 339 2458 ἐκείνῳ,
352 2361 376 2456 ή
389 2371 451 2455 μὲν
457 2372 665 2453 Κορινθίους
677 2364 820 2450 μάλιστα
832 2362 969 2432 πάντων
981 2368 1099 2435 έπιπο-

93 2467 217 2555 θήσειν
229 2469 520 2554 Πεισιστρατίδας,
543 2463 626 2533 ὅταν
646 2482 708 2549 σφι
723 2460 830 2547 ἥκωσι
845 2460 967 2549 ήμέραι
986 2468 1023 2531 αί
1035 2463 1099 2531 κύ-

93 2594 163 2650 ριαι
174 2563 337 2634 ἀνιᾶσθαι
348 2560 618 2651 ὑπ”Αθηυαίωα
635 2559 763 2647 Ἱππίης
773 2560 835 2646 μέν
845 2561 994 2630 τούτοισι
1004 2558 1100 2647 ἀμεί-

4 2744 7 2749 ·
92 2678 177 2743 ψατο
193 2660 299 2732 οἷοίτε
318 2658 398 2739 τούς
416 2656 586 2747 χρησμούς
607 2656 826 2742 ἀτρεκέστατα
839 2655 975 2741 ἀνδρῶν
990 2660 1099 2739 ἐξεπι-

92 2762 268 2849 στάμενος·
284 2764 319 2829 οί
328 2758 365 2827 δέ
380 2760 490 2827 λοιποὶ
504 2764 572 2825 τῶν
589 2755 773 2844 συμμάχων
786 2758 866 2834 τέως
879 2757 942 2841 μὲν
956 2753 1045 2842 εἶχον
1059 2757 1096 2823 έν

90 2860 210 2949 ἡσυχίη
225 2862 329 2947 σφέας
340 2855 481 2938 αὐτούς,
506 2856 614 2924 ἐπείτε
631 2855 668 2925 δέ
678 2855 868 2933 Σωσικλέος
882 2852 1033 2941 ήκουσαν
1048 2862 1096 2921 εί-

90 2983 214 3035 παντος
228 2959 426 3043 ἐλευθέρως,
441 2954 528 3035 άπας
536 2982 588 3033 τις
601 2952 715 3023 αὐτῶν
726 2951 846 3039 φωνήν
856 2955 957 3040 ρ’ήξας
967 2954 1095 3037 αἱρέετο

90 3062 152 3123 τοῦ
162 3062 352 3135 Κορινθίου
362 3054 425 3141 τὴν
435 3055 584 3143 γνώμην,
597 3058 895 3139 Λακεδαιμονίοισί
905 3078 940 3120 τε
951 3055 1095 3138 ἐπεμαρ-

91 3158 232 3239 τύραντο
243 3152 288 3240 μή
300 3157 428 3223 ποιέειν
437 3156 543 3241 μηδὲν
559 3153 726 3236 νεώτερον
743 3153 819 3237 περὶ
832 3150 933 3218 πόλιν
942 3148 1092 3219 Ἑλλάδα.

90 3248 180 3317 οὕτω
195 3250 257 3336 μὲν
269 3258 373 3319 ταῦτα
388 3250 539 3338 ἐπαύθη,
551 3248 661 3340 Ἱππίη
677 3251 714 3319 δέ
727 3252 889 3319 ἐνθεῦτεν
905 3243 1095 3318 άπελαυυο·
1108 3246 1144 3302 94

89 3350 179 3437 μένῳ
192 3350 305 3416 ἐθίόου
315 3350 377 3434 μὲν
388 3346 551 3436 Ἀμύντης
562 3347 580 3417 ὁ
591 3346 764 3417 Μακεδνὸν
774 3344 1014 3432 Ἀνθεμοῦντα,
1026 3346 1096 3415 edc-

90 3448 195 3512 όοσαν
209 3444 246 3513 δέ
262 3451 425 3516 Θεσσαλοὶ
443 3444 585 3516 Ἰωλκόν.
616 3445 688 3516 ὅδὲ
702 3446 833 3515 τούτων
852 3445 916 3533 μέν
935 3439 1094 3529 ούόέτερα
1114 3482 1117 3487 ·
