2500 3925
179 216 244 285 272
562 218 814 277 HERODOTI

178 408 236 463 τος
250 379 386 468 μὲντοῦ
399 383 569 464 ποταμοῦ,
588 382 721 463 ἔχοντος
736 375 773 445 δέ
790 373 922 469 οὐδαμῇ
936 378 1102 467 ἐξήλυσιν.
1125 370 1183 446 οὗ·

180 505 231 550 τοι
255 471 323 565 οἷν,
344 482 380 546 οἵ
397 502 460 566 περ
483 483 655 563 ἔμπροσθε
676 476 829 545 έιάθεσαν
851 483 1000 563 χρᾶσθαι
1013 483 1060 569 τῷ
1075 474 1182 556 ὕδατι,

181 576 244 647 οόιι
255 584 385 665 ἔχοντες
396 574 487 665 αὐτῷ
497 581 645 662 χρᾶσθαι
656 580 815 663 συμφορῇ
825 574 953 665 μεγάλη
965 576 1181 663 διαχρέονται.

180 676 241 746 τὸν
263 676 326 763 μέν
345 672 412 762 γάρ
431 679 578 761 χειμῶνα
594 672 648 741 ὕει
669 694 731 760 σφι
753 670 772 741 6
794 670 877 753 θεός
899 672 1010 763 ὥσπερ
1028 678 1083 743 καὶ
1100 688 1184 743 τοῖσι

182 775 312 844 ἀλλοισι
326 770 556 860 ἀνθρόποισι,
577 776 639 837 τοῦ
653 771 690 839 δὲ
702 774 822 857 θέρεος
837 778 1030 861 σπείροντες
1043 778 1183 860 μελίνην

180 876 236 943 καί
250 872 402 962 σήσαμον
417 877 615 959 χρηίσκοντο
632 876 678 961 τῷ
691 868 798 939 ὕδατι.
822 871 924 940 ἐπεάν
939 864 988 940 ἀν
1002 875 1109 960 μηδέν
1125 893 1183 958 σφι

180 976 408 1058 παραδίδοται
419 976 481 1039 τοῦ
491 968 624 1055 ὕδατος,
640 968 798 1049 ἐλθόντες
810 972 842 1049 ἐς
855 966 935 1049 τούς
944 973 1079 1058 Πέρσας
1088 967 1183 1037 αὐτοι

179 1098 215 1140 τε
230 1073 286 1139 καί
298 1083 472 1157 γυναῖκες,
494 1068 631 1146 στάντες
646 1064 730 1137 κατά
752 1065 810 1147 τάς
829 1068 942 1156 θόρας
955 1074 1016 1135 τοῦ
1030 1068 1185 1155 βασιλέος

176 1175 295 1262 Ιβοεῦσι
308 1167 505 1259 ἀρυόμενοι,
521 1166 541 1238 δ
555 1170 591 1237 δέ
600 1166 759 1256 βασιλεὺς
769 1184 855 1238 τολσι
870 1172 1056 1257 δεομένοισι
1071 1165 1185 1235 αὐτῶν

180 1273 323 1357 μάλιστα
336 1272 519 1339 ἐντέλλεται
534 1264 684 1353 ἀνοίγειν
695 1265 754 1347 τάς
765 1266 873 1346 πάλας
886 1265 945 1346 τάς
959 1269 992 1346 ές
1005 1273 1106 1335 τοῦτο
1123 1291 1183 1353 φε-

181 1370 314 1459 ροόσας.
337 1367 439 1439 ἐπεάν
453 1370 490 1436 δὲ
501 1368 659 1454 διάκορος
672 1364 693 1455 ἡ
710 1374 753 1455 γῆ
764 1370 879 1454 σφέων
892 1370 1027 1454 γένηται
1037 1372 1184 1433 πίνουσα

179 1467 217 1539 τό
239 1470 349 1558 ὕδωρ,
371 1460 471 1539 αάται
490 1469 553 1555 μὲν
570 1473 607 1537 αί
625 1469 729 1537 πάλαι
750 1466 1005 1556 ἀποκληίονται,
1027 1465 1135 1546 ἀλλοις
1153 1463 1183 1533 δ’

180 1570 363 1636 ἐντέλλεται
388 1564 538 1653 ἀνοίγειν
563 1563 694 1635 ἀλλοισι
718 1580 804 1635 τοῖσι
829 1570 1017 1655 δεομένοισι
1038 1564 1184 1653 μάλιστα

179 1672 248 1733 τῶν
263 1672 400 1734 λοιπόν.
424 1660 469 1743 ὡς
483 1664 520 1733 δέ
534 1661 599 1751 by&
614 1662 689 1732 οίδα
703 1661 868 1752 ἀκούσας,
890 1665 1039 1755 χρήματα
1052 1665 1185 1753 μεγάλα

178 1765 410 1853 πρησσόμενος
425 1762 571 1851 ἀνοίγει,
592 1763 697 1847 πάρεξ
712 1770 773 1832 τοῦ
789 1763 910 1852 φόρου.
942 1772 1046 1833 ταῦτα
1061 1768 1129 1852 μὲν
1145 1763 1184 1852 δὴ

179 1870 244 1951 έχει
258 1863 356 1933 οὕτω.

113 1992 162 2047 ης
264 1973 363 2035 ΤΩΝ
375 1965 468 2054 δδτῷ
482 1964 578 2054 μάγφ
589 1961 850 2032 ἐπαναστάντων
861 1960 942 2033 ἐπτά
957 1960 1108 2054 ἀνδρῶν,
1127 1969 1185 2035 ἕνα

177 2063 290 2134 αὐτῶν
302 2062 513 2151 Ἰνταφέρνεα
528 2067 690 2152 κατέλαβε
703 2061 888 2151 ὑβρίσαντα
902 2065 981 2134 τάδε
988 2064 1187 2185 μποθανεῑν

176 2158 297 2230 αὐτίκα
319 2158 401 2249 μετά
424 2187 487 2248 την
507 2163 748 2231 ἐπανάστασιν
776 2159 880 2250 ἤθελε
901 2166 934 2243 ἐς
959 2163 999 2233 τά
1024 2168 1187 2256 βασιλήια

177 2255 329 2329 έσελθοιν
348 2265 615 2346 χρηματίσασθαι
638 2266 684 2350 τῷ
705 2263 851 2348 βασιλέϊ·
873 2267 927 2331 καὶ
947 2261 1012 2350 γάρ
1027 2265 1069 2352 δὴ
1093 2265 1187 2336 καὶὸ

175 2360 280 2446 νόμος
290 2356 380 2426 οὕτω
392 2356 473 2445 εἶχε,
487 2373 573 2428 τοισι
585 2362 790 2428 ἐπαναστᾶσι
800 2366 846 2451 τῷ
856 2361 953 2453 μάγφ
965 2369 1085 2432 ἔσοδον
1098 2363 1186 2434 εἶναι
1227 2387 1228 2390 ’

175 2453 267 2542 παρά
288 2455 470 2544 βασιλέα”
447 2483 532 2525 ανευ
552 2454 764 2545 άγγέλου,”
742 2485 787 2546 ην
807 2486 851 2547 μη
875 2464 1011 2546 γυναικί
1030 2464 1189 2554 τυγχάνῃ

175 2555 378 2643 μισγόμενος
393 2556 561 2642 βασιλεύς.
584 2554 648 2624 οὐκ
669 2549 718 2625 όν
742 2554 783 2644 δὴ
801 2555 1012 2682 Ἰνταφέρνης
1032 2564 1189 2635 ἐδικαίου

176 2651 299 2721 οὐδένα
320 2657 355 2721 οί
372 2656 577 2742 ἐσαγγεῖλαι,
599 2651 674 2724 ἀλλ’
701 2652 753 2724 ότι
770 2647 816 2737 ἧν
839 2663 907 2724 τῶν
929 2657 1026 2746 ἑπτά,
1057 2653 1227 2730 ἐσιέναι

174 2749 294 2840 ἤθελε·
317 2748 336 2819 6
357 2752 393 2821 δέ
415 2751 587 2839 πυλονρός
611 2749 701 2820 ταδ’
687 2779 705 2821 ο
725 2749 970 2846 ἀγγελιηφόρος
991 2755 1035 2826 οό
1056 2761 1190 2849 περιά-

175 2877 272 2938 ρεον,
295 2851 441 2937 φάμενοι
455 2851 516 2920 τόν
530 2855 668 2940 βασιλέα
680 2856 815 2940 γνναιιιὶ
824 2864 1013 2943 μίσγεσθαι.
1038 2855 1133 2928 ὁδε’
1129 2871 1187 2931 Ιν-

173 2951 343 3036 ταφέρνης
364 2953 493 3020 δοκέον
521 2955 626 3038 σφέας
646 2953 772 3034 ψεύδεα
793 2956 903 3041 λέγειν
922 2958 1027 3024 ποιέει
1051 2959 1226 3073 τοιάδε

173 3045 388 3166 σπασάμενος
400 3044 462 3116 τόν
481 3046 645 3117 ἀκινάκεα
665 3045 850 3138 ἀποτάμνει
869 3049 983 3120 αὐτῶν
1003 3054 1046 3122 τά
1060 3080 1100 3124 τε
1121 3085 1191 3126 ωτα

174 3143 280 3212 παλ
243 3171 303 3224 τας
317 3149 428 3233 ῥῖνας,
450 3151 506 3215 καί
520 3145 657 3234 ἀνείρας
677 3152 753 3235 περι
767 3146 828 3218 τόν
841 3148 980 3237 χαλινόν
996 3161 1059 3220 τοῦ
1074 3156 1190 3226 ιππον

108 3257 157 3312 119
173 3245 248 3329 περὶ
264 3241 344 3320 τούς
358 3240 500 3330 αὐχένας
514 3250 629 3331 σφέων
650 3250 764 3334 ἔδησε,
785 3246 875 3368 παιδ’
855 3257 971 3336 απῆκε.
1018 3257 1065 3320 OC
1084 3258 1127 3325 δδ
1142 3266 1191 3349 τῷ
1224 3302 1225 3354 η

172 3343 303 3424 βασιλεῖ
311 3342 533 3410 δεικνυουσι
516 3369 679 3431 εωντονς,
702 3349 757 3414 καί
777 3372 840 3433 την
866 3374 886 3415 α
887 3353 974 3435 ίτίην
995 3347 1117 3444 είπον,
1140 3353 1189 3423 δι’

171 3437 216 3520 ἣν
238 3440 448 3572 πεπονθότες
473 3453 599 3528 εἴησαν.
654 3455 799 3531 Δαρεῖος
824 3452 862 3515 δὲ
886 3447 1108 3542 ἀρρωδήσας,
1142 3485 1192 3544 μη
