2500 3925
309 275 396 330 ΗΒ.
429 275 474 331 111.
509 272 609 329 cAP.
641 276 786 333 δλ-λθ.
995 266 1058 331 2³³

73 440 160 501 ταῦτα
170 432 382 520 νενόμισται,
399 434 456 503 καί
469 429 583 519 ὐρδκς
596 456 653 517 μοι
668 433 778 499 δοκέει
792 433 963 516 Πίνδαρος
982 455 1060 501 κοι-

73 538 137 617 ήσαι
149 532 255 619 νόμον
270 532 409 600 πάντων
421 534 561 621 βασιλέα
575 529 687 617 φήσας
705 527 798 599 εἶναι.

140 636 395 701 mmmm
432 630 470 698 δὲ
499 626 552 698 ἐπ’
582 638 760 716 Αἴγυπτον
792 631 1059 717 στρατευομένου
1071 642 1108 700 λλ

70 728 250 815 ἐποιήσαντο
268 730 324 797 καὶ
337 724 599 815 Λακεδαιμόνιοι
620 735 801 816 στρατηίην
818 730 871 797 έπί
888 728 1008 816 Σάμον
1023 752 1060 797 τε

68 829 114 893 καί
130 827 348 914 Πολυκράτεα
368 824 431 895 τδν
449 826 611 913 Αἰάκεος,
639 824 676 906 ὃς
696 833 770 914 ἔσχε
789 826 910 917 Σάμον
933 831 1060 897 ἐπανα-

69 927 149 1011 στάς,
175 929 232 994 καί
253 925 295 995 τά
316 931 380 1014 μὲν
400 934 516 1016 πρῶτα
539 934 635 1016 τριχῇ
659 927 847 1015 δασάμενος
870 926 934 1017 τήν
958 928 1059 997 πόλιν

67 1036 138 1091 τοῖσι
159 1021 353 1111 ἀδελφεοῖσι
371 1026 608 1117 Πανταγνώτῳ
632 1027 688 1094 καί
711 1033 911 1097 Συλοσῶντι
936 1032 1058 1115 ένειμε,

67 1119 134 1206 μετὰ
153 1127 189 1191 δέ
212 1121 275 1193 τὸν
297 1125 361 1211 μέν
380 1122 493 1193 αὐτῶν
513 1122 732 1211 ἀποκτείνας,
753 1122 814 1193 τδν
833 1125 869 1195 δέ
890 1124 1059 1213 νεάτερυν

66 1228 259 1291 Συλοσῶντα
273 1222 429 1303 ἐξελάσας
443 1229 517 1311 ἔσχε
535 1230 649 1292 πᾶσαν
662 1222 800 1310 Σάμον,
823 1234 925 1311 ίσχων
940 1224 977 1294 δλ
992 1229 1059 1305 ξει-

65 1316 150 1403 νίην’
142 1319 259 1406 Αμάσι
274 1348 321 1412 τῳ
307 1319 512 1411 Αίγύπτου
526 1324 658 1409 βασιλέι
672 1321 902 1411 συνεθήκατο,
918 1327 1061 1410 πέμπων

65 1445 93 1486 τε
106 1424 193 1507 δῶρα
208 1424 266 1491 καί
280 1390 461 1510 δεκόμενος
474 1420 559 1491 άλλα
573 1446 643 1505 παρ
646 1418 743 1491 ’έαεί
728 1428 816 1492 ί.νου
845 1425 883 1492 ἐν
896 1423 1007 1515 χρόνω
1021 1422 1059 1492 δὲ

64 1513 151 1636 ὀλίγῳ
163 1518 285 1590 αὐτίκα
298 1546 359 1589 τον
345 1519 606 1606 Πολυκράτεος
621 1516 662 1588 τά
677 1519 854 1639 πρήγματα
868 1518 987 1603 αὔξετο
1003 1521 1061 1587 καὶ

64 1608 99 1700 ἦν
110 1616 315 1707 βεβωμένα’
295 1618 362 1687 ανά
377 1644 414 1687 τε
427 1616 490 1706 τήν
500 1616 630 1704 Ἰωνίην
641 1616 746 1687 καί
711 1644 773 1706 την
784 1618 890 1707 άλλην
898 1617 1058 1691 Ελλάδα·

63 1712 136 1783 ὅκου
148 1714 214 1803 γάρ
229 1717 362 1787 ίθύσειε
376 1716 637 1804 στρατεύεσθαι,
651 1716 762 1787 πάντα
777 1724 811 1788 ολ
824 1716 995 1805 έχιάρεε’
958 1743 1058 1787 ευτν·

62 1816 147 1897 χὲως
158 1818 350 1900 κέκτητοδὲ
362 1822 648 1906 πεντηκοντέρους
667 1845 703 1887 τε
722 1818 842 1888 έκατόν
856 1822 912 1889 καλ
931 1827 1060 1907 χιλίους

63 1913 201 1994 τοξότας·
223 1920 323 2001 ἔφερε
344 1916 380 1999 δέ
401 1919 456 1986 καί
475 1909 538 2004 ήγε
554 1916 700 2005 πάντας,
723 1920 908 2004 διακρίνων
922 1913 1055 1986 οὐδένα.

60 2022 100 2106 τῷ
110 2017 172 2107 γάρ
185 2024 275 2109 φίλῳ
290 2023 354 2104 έφη
371 2018 560 2106 χαριέεσθαι
573 2023 705 2104 μάλλον
712 2015 898 2096 άποδιδούς
910 2015 951 2084 τὰ
961 2021 1059 2103 ἔλαβε

61 2114 186 2206 ήάρχήν
198 2119 283 2206 μηδὲ
296 2118 420 2206 λαβών.
439 2116 567 2206 συχνάς
580 2118 644 2206 μέν
653 2116 695 2206 δή
708 2124 778 2188 τῶν
791 2116 904 2205 νήσων
917 2114 1060 2206 ἀραιρή-

63 2245 127 2303 κεε,
147 2215 251 2289 πολλά
269 2221 305 2286 δὲ
319 2220 375 2288 καί
390 2224 448 2305 τῆς
461 2215 604 2306 ἠπείρου
619 2213 731 2286 άστεα.
763 2218 801 2285 έν
817 2216 853 2286 δὲ
867 2212 908 2304 δή
924 2217 979 2284 καί
993 2221 1060 2284 Λε-

63 2324 168 2403 σβίους
198 2324 405 2406 πανστρατιῇ
431 2318 626 2405 βαθέοντας
664 2322 862 2404 Μιλησίοισι
894 2318 1061 2401 ναυμαχίη

63 2414 218 2504 κρατήσας
233 2411 318 2499 εἷλε,
339 2423 375 2484 οἳ
386 2412 449 2503 τήν
460 2415 594 2502 τάφρον
614 2417 690 2498 περί
704 2412 742 2484 τὸ
759 2428 864 2500 τεῖχος
876 2413 915 2484 τὰ
934 2418 971 2483 έν
987 2411 1061 2484 Σά-

62 2541 108 2604 μφ
129 2522 238 2582 πᾶσαν
265 2515 436 2602 δεδεμένοι
461 2513 604 2603 ὄρυξαν.
656 2520 726 2582 Καί
746 2540 813 2594 κως
840 2511 900 2582 τὸν
913 2513 1057 2602 ’Ἄμασιν
1071 2528 1107 2583 40

64 2611 218 2701 εὐτυχέων
232 2613 386 2701 μεγάλως
406 2611 424 2682 ὁ
442 2613 665 2699 Πολυκράτης
683 2609 748 2680 οὐκ
768 2611 954 2699 ἐλάνθανε,
976 2610 1061 2682 ἄλλά

64 2719 95 2781 οί
106 2711 189 2782 τοῦτ’
205 2706 251 2801 ἦν
266 2713 425 2799 ἐπιμελές.
457 2718 570 2803 πολλῷ
584 2709 622 2779 δέ
642 2715 690 2778 έτι
704 2707 849 2788 πλεῦνός
863 2712 898 2778 οί
910 2707 1062 2796 εὐτυχίης

63 2813 230 2898 γινομένης
247 2811 381 2898 γράψας
396 2812 430 2890 ές
445 2817 579 2900 βιβλίον
594 2808 675 2879 τάδε
690 2810 855 2878 ἐπέστειλε
876 2811 909 2888 ές
922 2808 1061 2896 Σάμον·

60 2906 182 2994 Ἀμασις
194 2908 411 2990 Πολυκράτει
433 2901 499 2978 τάδε
520 2913 617 2996 λέγει.
649 2904 716 2995 ἡδύ
736 2909 800 2993 μέν
820 2909 1062 2977 πυνθάνεσθαι

66 3006 161 3093 ἄνδρα
177 3015 281 3095 φίλον
300 3010 357 3076 καί
373 3011 484 3088 ξεῖνον
505 2999 546 3076 εὐ
565 3007 776 3094 πρήσσοντα,
800 3007 872 3093 έμολ
895 3005 933 3073 δέ
953 3008 990 3072 αί
1008 3005 1063 3070 σαὶ

64 3106 191 3189 μεγάλαι
211 3103 361 3193 εὐτυχίαι
381 3103 445 3176 οὐκ
459 3103 656 3194 άρέσκουσι,
684 3108 892 3197 ἐπισταμένην
905 3101 944 3172 τὸ
964 3112 1063 3173 δείον

66 3201 106 3280 ὡς
117 3210 179 3274 ἔστι
195 3204 382 3292 φθονερόν.
405 3212 465 3275 καί
477 3232 544 3285 κως
558 3205 723 3293 βούλομαι
738 3203 793 3271 καί
810 3198 912 3280 αὐτὰς
925 3201 980 3268 καὶ
993 3204 1063 3267 τῶν

66 3295 104 3366 ἂν
115 3304 262 3393 κήδωμαι
276 3300 315 3373 τδ
330 3307 393 3391 μέν
406 3330 438 3372 τι
456 3301 625 3390 εὐτυχέειν
639 3328 708 3370 των
721 3297 944 3387 πρηγμάτων,
971 3321 1008 3366 το
997 3293 1063 3364 δέ

67 3411 220 3484 τροσπταί
219 3431 289 3491 ειν,
318 3400 439 3472 καί”
395 3428 485 3472 ουτω
508 3405 683 3489 διαφέρειν
706 3395 768 3466 τόν
792 3422 814 3463 α
815 3402 899 3464 ίιλνα
922 3390 1063 3471 ἐναλλὰξ

69 3497 230 3590 πρήσσων,
252 3529 273 3588 η
258 3497 511 3588 εὐτυχέειν
474 3526 514 3568 τα
533 3500 652 3567 πάντα
683 3491 806 3563 οὐδένα
821 3491 886 3578 γάρ
908 3514 957 3558 κω
972 3487 1062 3576 λόγῳ
