2500 3925
172 244 236 307 302
547 237 799 297 HERODOTI

175 405 423 494 ἀφανισθῆναι,
446 405 549 489 σφέας
569 396 605 467 δέ
620 404 869 464 Μεταποντῖνοι
890 397 1023 480 λέγουσι
1039 395 1074 470 ές
1086 397 1163 459 Δελ-

176 503 263 593 φούς
285 506 477 590 πέμψαντας
498 494 665 568 τὸνθεόν
687 496 886 580 έπειρωτάν,
908 489 929 559 ό
948 487 1037 559 τιτὸ
1059 486 1165 573 φάσμα

175 612 235 676 τοῦ
253 600 440 687 ἀνθρύπου
456 608 516 685 εἴη.
539 594 601 684 τήν
616 596 652 663 δέ
665 598 805 678 Πυθίην
819 594 923 677 σφέας
938 586 1090 657 κελεύειν
1103 587 1165 650 πεί·

174 713 301 773 θεσθαι
322 708 368 789 τῷ
389 699 555 786 φάσματι,
582 692 815 777 πειθομένοισι
839 689 876 755 δέ
901 686 1041 774 ἀμεινον
1060 685 1167 750 συνοί-

176 812 305 872 σεσθαι.
339 802 393 867 καὶ
407 799 511 883 σφέας
532 794 732 877 δεξαμένους
746 795 849 857 ταῦτα
864 792 1000 871 ποιήσαι
1017 784 1167 851 ἐπιτελέα,

177 906 232 971 καὶ
246 908 312 969 νῦν
327 902 441 984 ἕστηκε
453 891 591 982 ἀνδριάς
605 893 799 974 ἐπωνυμίην
813 891 897 971 έχων
916 876 1075 965 Ἀριστέω
1096 878 1166 959 παρ’

178 1000 268 1090 αὐτῷ
292 1004 337 1089 τῷ
365 994 528 1083 ἀγάλματι
552 995 613 1060 τοῦ
634 985 859 1067 Ἀπόλλωνος,
890 981 984 1065 πέριξ
1011 977 1049 1043 δὲ
1074 969 1170 1041 αὐτόν

179 1098 305 1184 δάφναι
320 1098 442 1178 ἑστᾶσι,
454 1090 490 1160 τό
504 1095 540 1159 δέ
555 1086 686 1174 ἀγαλμα
700 1087 738 1153 έν
748 1090 788 1169 τῇ
802 1078 907 1167 ἀγορῇ
917 1082 1063 1163 ἵδρυται.
1090 1070 1169 1156 Ἀρι-

52 1280 54 1287 .
178 1198 262 1263 στέω
292 1195 353 1279 μέν
367 1217 433 1258 νου
447 1193 522 1275 πέρι
536 1191 682 1256 τοσαῦτα
697 1182 852 1268 εἰρήσθω.

134 1307 165 1362 16
266 1300 333 1381 Τῆς
343 1293 380 1359 δὲ
395 1297 465 1377 γῆς,
481 1295 538 1374 τῆς
548 1288 623 1373 πέρι
638 1280 725 1351 όδεὸ
740 1279 839 1367 λόγος
850 1275 999 1363 ὅρμηται
1008 1274 1172 1357 λέγεσθαι,

179 1391 288 1470 οὐδεὶς
308 1388 376 1457 οἶδε
399 1384 576 1472 ἀτρεκέως,
594 1382 615 1451 ό
625 1410 658 1451 τι
669 1381 706 1451 τδ
719 1376 914 1463 κατύπερθέ
932 1375 1016 1441 ἐστι·
1040 1363 1174 1444 ούδενδς

150 1566 152 1570 ,
178 1492 243 1581 μάρ
260 1489 299 1577 δή
315 1487 486 1557 αὐτόπτεω
502 1485 625 1570 είδένμι
645 1480 799 1567 φαμένου
819 1474 966 1559 δύναμαι
987 1470 1173 1536 πυθέσθαι·
1219 1555 1220 1558 ¹

180 1589 258 1662 οὐδὲ
272 1586 336 1674 γὰρ
351 1583 430 1655 οὐδὲ
441 1583 622 1669 Ἀριστέης,
650 1584 776 1667 τοῦπερ
798 1571 900 1663 ὀλίγῳ
919 1568 1089 1655 πρότερον
1102 1562 1176 1632 τού-

179 1713 248 1757 των
261 1684 395 1774 μνήμην
411 1682 601 1769 ἐποιεύμην,
618 1676 697 1746 οὐδὲ
708 1668 806 1753 οὗτος
820 1671 1021 1760 προσωτέρω
1032 1660 1177 1751 Ἰσσηδό·

180 1814 251 1857 νων
274 1791 311 1856 έν
331 1781 459 1855 αύτοῐσι
483 1799 569 1853 τοῖσι
594 1788 687 1850 ἔπεσι
711 1779 836 1845 ποιέων
861 1780 964 1859 έφησε
986 1769 1178 1849 ἀπικέσθαι,

182 1886 265 1958 ἀλλά
290 1884 330 1955 τά
351 1886 542 1973 κατύπερθε
567 1887 658 1968 έλεγε
678 1876 780 1966 ἀκοῇ,
801 1872 869 1960 φὰς
885 1868 1077 1956 Ἰσσηδόνας
1100 1864 1179 1932 εἶναι

181 1986 260 2067 τούς
273 1994 375 2055 ταῦτα
389 1987 555 2071 λέγοντας.
580 1975 654 2048 ἀλλ’
672 1975 755 2046 ὅσον
770 1977 832 2060 μέν
845 1969 939 2058 ἡμεῖς
950 1965 1120 2050 ἀτρεκέως
1133 1961 1181 2028 ἐπὶ

180 2083 388 2172 μακρότατον
399 2079 466 2150 οἷοί
476 2079 506 2149 τ’
517 2079 709 2166 ,ἐγενόμεθα
720 2072 805 2160 ἀκοῇ
817 2072 996 2154 ἐξικέσθαι,
1007 2071 1079 2132 πᾶν
1092 2059 1181 2148 εἰρή-

135 2199 165 2253 17
183 2201 282 2250 σεται.
323 2178 402 2249 ’Aah
422 2186 483 2248 τοῦ
497 2177 790 2264 Βορυσθενεϊτέων
807 2174 969 2257 ίμπορίου
987 2170 1105 2255 (τοῦτο
1122 2156 1182 2246 γὰρ

180 2286 249 2348 τῶν
263 2283 547 2363 παραθαλασσίων
561 2274 760 2363 μεσαίτατόν
774 2275 842 2341 ἐστι
856 2269 965 2355 πόσης
978 2274 1037 2350 της
1047 2271 1183 2332 Σκυθι-

182 2382 274 2464 κῆς),
296 2373 361 2444 ἀπδ
382 2377 504 2453 Ιτούτου
526 2382 651 2462 πρῶτοι
673 2375 874 2442 Καλλιπίδαι
893 2371 1054 2454 νέμονται
1075 2362 1184 2435 έόντες

174 2475 329 2562 Ἕλληνες
343 2475 497 2562 Σκύθαι,
512 2473 597 2559 ὑπὲρ
613 2477 649 2542 δέ
662 2472 792 2540 τούτων
806 2467 887 2537 ἀλλο
902 2472 1022 2549 ἔθνος,
1039 2467 1076 2529 οἳ
1091 2458 1186 2527 Ἀλα-

183 2579 281 2653 ξύνες
294 2575 477 2642 καλέονται.
500 2567 593 2641 οὗτοι
605 2573 641 2640 δέ
653 2573 708 2639 καὶ
719 2575 753 2638 οί
761 2570 963 2637 Καλλιπέδαι
973 2560 1014 2631 τά
1026 2564 1091 2648 μὲν
1103 2556 1188 2626 ἄλλα

182 2667 264 2738 κατά
281 2665 385 2737 ταύτά
396 2671 554 2760 Σκύθησι
566 2672 776 2754 ἐπασκέουσι,
788 2682 882 2736 σῖτον
893 2665 929 2733 δέ
939 2666 996 2732 καὶ
1010 2667 1188 2747 σπείρουσι

182 2771 237 2838 καὶ
253 2771 432 2855 σιτέονται,
447 2775 506 2839 καὶ-
515 2770 672 2857 κρόμμυα
685 2773 740 2837 καὶ
755 2767 902 2852 σκόροδα
916 2766 972 2832 καὶ
983 2757 1121 2847 φακούς
1137 2754 1190 2823 καὶ

182 2867 349 2957 κέγχρους.
373 2866 457 2954 ὑπὲρ
474 2871 510 2937 δέ
528 2868 720 2950 Ἀλαζώνων
736 2869 882 2958 οἰκέουσι
899 2863 1041 2932 Σκύθαι
1064 2849 1191 2940 ἀροτή-

183 2993 253 3053 ρες,
275 2973 310 3034 οἳ
332 2963 395 3034 ούκ
421 2968 473 3033 ἐπὶ
492 2965 601 3052 σιτήσι
623 2972 799 3051 σπείρουσι
817 2961 879 3032 τόν
899 2976 1011 3044 σῖτον,
1035 2953 1113 3024 ἀλλ’
1141 2952 1193 3020 ἐπὶ
1219 2976 1221 3047 j

181 3063 293 3150 πρήσι.
316 3061 445 3130 τούτων
456 3063 492 3129 δὲ
505 3062 697 3146 κατύπερθε
708 3065 856 3130 οίκέουσι
866 3061 1013 3141 Νευροί,
1027 3057 1193 3136 ’Νευρῶν
1219 3062 1221 3135 ξ

183 3162 218 3226 δέ
228 3157 265 3227 τὰ
278 3157 361 3242 πρὸς
371 3161 494 3246 βορέην
509 3157 634 3244 ἀνέμου
644 3161 763 3244 έρήμος
774 3155 981 3240 ἀνθρώπων,
997 3151 1084 3222 ὅσον
1096 3149 1195 3238 ἡμεῖς
1219 3174 1221 3177 ·

183 3263 287 3373 ἴδμεν.
310 3256 490 3343 ταῦταμὲν
500 3255 589 3342 παρά
604 3254 815 3324 τόν”Τπανιν
826 3252 979 3340 ποταμόν
996 3255 1069 3320 έστι
1087 3255 1194 3317 έθνεα

139 3377 268 3436 1811909
294 3354 431 3438 ἑσπέρης
457 3361 517 3421 τού
538 3356 779 3436 Βορυσθένεος.
826 3349 922 3437 Ἀτάρ
949 3347 1108 3435 διαβάυτι
1133 3342 1197 3412 τὸν

183 3451 397 3532 Βορυσθένεα
419 3447 484 3516 ἀπὸ
509 3451 682 3535 θαλάσσης
700 3456 836 3534 πρῶτον
852 3449 914 3535 μέν
928 3445 950 3532 ή
965 3442 1099 3529 Ὑλαίη,
1124 3437 1195 3509 ἀπὸ
