2500 3925
303 245 388 300 ΗΒ.
421 244 492 301 VIII.
525 244 623 300 CAP.
660 252 832 307 losa-109.
1012 244 1074 307 209

48 399 105 481 ὡς
125 408 156 471 εί
169 402 312 472 λύσουσι
333 399 391 482 τάς
412 406 558 489 σχεόίας,
579 400 671 470 τοῦτ’
694 400 738 471 ἀν
759 408 915 491 μέγιστον
936 405 1072 473 πάντων

48 514 159 587 ,σφεῖς
169 498 274 568 πακόν
282 498 345 588 τήν
352 498 495 570 Ἑλλάδα
506 500 715 584 ἐργασαίατο.
730 508 759 571 εί
767 501 830 591 γάρ
841 501 1071 591 ἀναγκασθείη

50 596 296 686 ἀπολαμφθεὶς
316 596 334 667 ὁ
349 602 482 687 Πέρσης
496 607 611 686 μένειν
629 604 666 668 ἐν
681 608 720 690 τῇ
739 599 903 691 Εύράπη,
928 607 1069 692 πειρῷτο

54 694 105 765 ἀν
119 694 263 787 ἡσυχίην
277 697 322 787 μή
341 699 453 787 ἀγειν,
476 695 520 778 ὡς
534 697 651 786 ἀγοντι
664 702 726 786 μέν
741 704 776 769 οί
789 698 930 790 ἡσυχίην
945 698 1023 769 οὔτε
1038 726 1070 769 τι

54 801 267 884 προχωρέειν
278 793 352 867 οἷόν
362 823 398 865 τε
408 804 498 866 ἔσται
506 805 575 867 τῶν
586 789 792 885 πρηγμάτων
803 798 880 868 ούτε
889 826 938 879 τις
949 796 1069 887 κομιδή

54 895 98 964 τὸ
115 893 222 965 ὀπίσω
233 898 434 986 φανήσεται,
450 905 534 987 λιμῷ
549 901 586 966 τέ
593 901 629 966 οί
637 894 657 985 ἡ
669 896 802 985 στρατιή
817 902 1068 986 ἃιαφθαρέεται,

56 1000 277 1085 ἐπιχειρέοντι
292 998 329 1067 δέ
349 995 438 1087 αύτῷ
453 1000 508 1064 καί
524 1003 625 1083 έργου
641 998 909 1090 έχομένφπόντα
929 994 970 1065 τά
985 993 1068 1064 κατά

54 1096 123 1185 τήν
138 1096 308 1184 Εὐρώπην
323 1094 377 1165 οίά
391 1124 426 1165 τε
441 1103 530 1165 ἔσται
545 1102 780 1185 προσχωρῆσαι
802 1094 885 1165 κατὰ
906 1095 1004 1177 πόλις
1035 1120 1069 1163 τε

56 1201 114 1267 καὶ
127 1194 205 1267 κατ’
223 1203 337 1283 ἔθνεα,
355 1195 427 1283 ήτοι
439 1193 672 1284 ἁλισκομένων
684 1224 722 1283 γε
734 1193 754 1285 ἡ
766 1195 830 1286 πρό
846 1196 971 1266 τούτου
985 1193 1069 1284 ὁμο·

57 1298 259 1385 λογεόντων.
282 1295 412 1384 τροφήν
428 1322 462 1364 τε
477 1298 564 1377 ἕξειν
579 1298 684 1381 σφέας
699 1295 758 1365 τόν
775 1300 908 1367 έπέτεον
922 1301 985 1367 αίεί
999 1304 1067 1365 τῶν

49 1395 225 1485 Ἑλλήνων
239 1396 380 1481 καρπόν.
404 1392 489 1463 ἀλλά
505 1396 635 1463 δοκέειν
651 1393 716 1482 γάρ
730 1400 913 1481 νικηθέντα
927 1403 967 1483 τῇ
982 1422 1068 1463 ναν-

57 1503 160 1586 μαχίη
174 1495 216 1565 ού
232 1500 364 1585 μενέειν
379 1496 416 1562 έν
432 1500 472 1581 τῇ
486 1490 635 1581 Εὗρύπη
649 1490 709 1561 τὸν
719 1496 872 1581 Πέρσην,
890 1495 1003 1562 έατέον
1020 1484 1067 1561 ἀν

59 1594 146 1663 εἶναι
162 1595 319 1681 φεύγειν,
335 1596 368 1673 ές
382 1592 402 1660 ὃ
418 1598 503 1679 ἔλθη
519 1591 658 1678 φεύγων
675 1594 708 1672 ές
722 1592 783 1681 τήν
799 1596 935 1662 ἑωυτοῦ.
958 1592 995 1662 τὸ
1011 1596 1067 1663 έν-

58 1701 183 1762 θεῦτεν
204 1694 242 1761 δέ
262 1695 338 1776 περί
360 1696 416 1779 τῆς
434 1693 565 1759 ἐκείνου
586 1695 761 1760 ποιέεσθαι
784 1690 847 1779 ήδη
868 1690 929 1761 τόν
951 1689 1066 1780 ἀγῶνα

58 1796 199 1862 έκέλενε.
224 1791 345 1877 ταύτης
360 1790 397 1857 δέ
412 1798 539 1875 είχοντο
554 1795 611 1876 τῆς
624 1791 760 1877 γνύμης
780 1796 835 1861 καί
850 1801 1067 1881 Πελοποννη-

58 1898 142 1960 σίων
158 1897 227 1958 των
242 1888 354 1957 ἀλλων
371 1892 406 1958 οί
418 1895 605 1977 στρατηγοί.
639 1888 698 1971 Ὡς
709 1893 746 1959 δὲ
757 1897 863 1980 ἔμαθε
875 1890 925 1962 ότι
942 1890 983 1962 ού
993 1900 1068 1962 πεί·
1085 1903 1133 1961 109

58 2014 110 2060 σει
125 1992 204 2071 τούς
217 2017 256 2077 γε
270 1987 415 2070 πολλούς
426 1988 552 2060 πλώειν
563 1994 596 2069 ές
606 1989 666 2060 τόν
677 1988 922 2078 Ἑλλήσποντον
934 1989 1067 2079 ἀθεμι-

58 2091 232 2177 στοκλέης,
250 2085 447 2176 μεταβολῶν
460 2086 545 2173 πρὸς
561 2087 640 2168 τούς
654 2086 855 2177 Ἀθηναίους
878 2083 985 2159 ὀύτοι
999 2088 1065 2177 γάρ

57 2191 200 2276 μάλιστα
214 2188 471 2276 ἐκπεφευγότων
484 2194 734 2278 περιημέκτεον,
753 2187 903 2278 ὦρμέατό
913 2217 948 2259 τε
959 2192 992 2270 ές
1005 2189 1065 2260 τόν

53 2287 298 2376 Ἑλλήσποντον
314 2287 440 2357 πλύειν
455 2290 511 2357 καί
526 2290 577 2356 ἐπὶ
596 2291 710 2374 σφέων
725 2285 838 2356 αὐτῶν
850 2289 1064 2376 βαλλόμενοι,

61 2394 91 2455 εί
105 2380 204 2455 ἀλλοι
220 2384 265 2473 μὴ
283 2393 474 2473 βουλοίατο
498 2389 593 2473 ἔλεγέ
604 2405 665 2473 σφι
680 2386 775 2454 τάδε·
806 2388 871 2455 Καὶ
886 2383 987 2465 αύτός
1004 2384 1064 2473 ἤδη

61 2494 210 2555 πολλοῖσι
228 2487 479 2573 παρεγενόμην,
501 2488 556 2553 καὶ
570 2491 685 2574 πολλῷ
705 2488 793 2552 πλέω
808 2481 937 2571 ἀκήκοα
954 2484 1066 2552 τοιάδε

60 2585 234 2670 γενέσθαι,
249 2579 375 2671 ἄνδρας
386 2586 419 2662 ές
434 2581 621 2670 ἀναγκαίην
636 2579 878 2668 ἀπειληθέντας
889 2584 1067 2669 νενικημέ-

63 2709 141 2762 νους
161 2680 394 2768 ἀναμάχεσθαί
411 2708 446 2750 τε
467 2684 522 2750 καὶ
544 2679 797 2769 ἀναλαμβάνειν
817 2677 878 2768 τήν
900 2681 1062 2768 προτέρην

63 2781 233 2868 κακότητα.
257 2778 349 2868 ἡμεῖς
361 2783 398 2850 δέ
409 2779 552 2869 ἐὕρημα
564 2777 629 2868 γάρ
642 2778 831 2868 εὑρήκαμεν
843 2777 945 2867 ἡμέας
956 2806 990 2848 τε
1002 2778 1064 2848 αὐ-

61 2878 137 2958 τούς
151 2883 207 2947 καί
226 2877 293 2967 τήν
302 2878 460 2968 Ἑλλάδα,
480 2883 584 2965 νέφος
600 2886 741 2948 τοσοῦτο
762 2876 958 2966 ἀνθρώπων
974 2877 1064 2948 ἀνω-

62 2979 210 3065 σάμενοι·
224 2978 269 3067 μή
283 2979 456 3067 έιύκωμεν
468 2978 593 3068 ἀνδρας
608 2974 805 3066 φεύγοντας.
831 2978 909 3046 τάδε
923 2975 988 3064 γάρ
1000 2975 1063 3047 οὐκ

63 3076 150 3164 ἡμεῖς
165 3080 459 3167 κατεργασάμεθα,
475 3075 560 3147 ἀλλά
571 3086 652 3148 θεοί
659 3104 694 3148 τε
710 3083 765 3148 καί
779 3075 895 3167 ήρωες,
913 3076 1065 3164 οἳέφθό·

63 3195 166 3261 νησαν
186 3172 294 3262 ἀνδρα
309 3180 369 3245 ἕνα
385 3184 443 3264 τῆς
463 3204 498 3246 τε
515 3175 623 3265 Ἀσίης
641 3183 694 3247 καί
711 3185 767 3266 τῆς
785 3175 951 3267 Εὐρύτης
967 3186 1065 3266 βασι-

63 3280 172 3343 λεῦσαι
180 3272 277 3344 έόντα
285 3273 465 3346 ἀνόσιόντε
474 3271 744 3363 καὶάτάσθαλον,
755 3271 882 3357 ἀςτάτε
893 3273 948 3363 ίρά
958 3278 1013 3344 καὶ
1023 3280 1062 3345 τά

64 3379 128 3442 ίόια
140 3376 174 3441 έν
191 3372 295 3465 όμοίφ
307 3377 452 3442 ἐποιέετο
468 3373 635 3462 ἐμπιπράς
649 3376 752 3442 τεκαὶ
766 3375 985 3463 καταβάλλων
996 3381 1064 3443 τόν

66 3480 151 3543 θεῶν
164 3471 204 3543 τά
222 3469 411 3560 ἀγάλματα,
429 3468 531 3553 ὅςκαὶ
547 3469 608 3561 τήν
621 3471 800 3542 θάλασσαν
813 3470 1063 3560 ἀπεμαστίγωσε
