2500 3925
148 266 190 347 7ο
525 259 781 342 Ηεεοοοτι

145 442 326 534 ὖστεραίην
350 457 506 531 παρεῖναι
530 446 764 530 λελουμένους.
806 445 844 512 έν
868 444 905 511 δέ
929 441 1037 532 τούτῳ
1057 436 1099 505 τό
1120 462 1156 504 τε

145 546 281 617 αἰπόλια
295 543 421 625 καὶτὰς
434 542 577 633 ποίμνας
593 547 649 613 καί
662 541 704 613 τὰ
714 542 878 631 βουκόλια
888 540 908 611 ὁ
920 547 1033 626 Κῦρος
1043 536 1155 607 πάντα

143 654 206 716 τοῦ
227 642 353 731 πατρός
375 650 558 724 συναλίσας
579 646 612 724 ές
625 641 735 712 τόυτδ
751 648 835 712 ἔθυε
853 644 909 710 καὶ
928 637 1155 725 παρεσκεύαζε

143 744 188 826 ὡς
203 745 380 833 δεξόμενος
400 750 469 811 τῶν
482 746 643 829 Περσέων
657 740 719 812 τόν
732 740 893 831 στρατόν,
917 736 1003 826 πρὸς
1018 742 1055 807 δὲ
1069 747 1153 831 οίνρτ

141 872 177 914 τε
192 848 247 913 καὶ
261 850 395 913 σιτίοισι
411 840 456 922 ὡς
470 841 770 929 έπιτηδευτότοισι.
813 837 1040 928 ἀπικομένους
1060 838 1097 905 δὲ
1111 844 1154 924 τῇ

140 941 300 1033 δστεραίη
321 940 401 1023 τούς
413 945 546 1029 Πέρσας
571 948 772 1021 κατακλίνας
793 943 827 1020 ές
848 944 996 1026 λειμῶνα
1017 933 1150 1024 εόοόχεε.

141 1044 249 1111 ἐπείτε
276 1041 314 1111 δδ
339 1038 405 1110 εἰπό
427 1045 566 1111 δείπνου
586 1035 692 1130 ἦσαν,
721 1040 829 1127 εἴρετό
854 1059 959 1125 σφεας
984 1034 1002 1106 ὁ
1023 1042 1151 1123 Κῦρος,

139 1142 262 1230 κότερα
287 1139 327 1210 τὰ
347 1149 388 1232 τῇ
408 1148 590 1232 προτεραίῃ
612 1141 702 1229 εἶχον
721 1136 744 1229 ἢ
764 1137 805 1208 τὰ
827 1137 998 1225 παρεόντα
1020 1155 1081 1223 σφι
1098 1142 1152 1219 εἴη

139 1240 350 1329 αἱρετώτερα.
391 1246 425 1310 οί
448 1243 484 1309 δὲ
507 1247 638 1329 ἔφασαν
660 1238 789 1309 πολλόν
809 1238 895 1309 εἶναι
909 1234 1074 1308 αότῶντδ
1087 1235 1169 1323 μέγ

139 1359 218 1408 σου·
256 1337 319 1428 την
338 1344 401 1428 μὲν
420 1338 485 1428 γὰρ
506 1341 675 1429 προτέρην
696 1338 827 1428 ἡμέρην
838 1338 947 1407 πάντα
958 1340 1052 1423 σφίσι
1060 1332 1151 1404 κακᾶ

139 1443 244 1528 ἔχειν,
265 1436 328 1525 την
348 1438 384 1506 δὲ
405 1436 480 1507 τότε
495 1445 690 1526 παρεοῦσαν
704 1437 815 1506 πάντα
829 1435 953 1524 ἀγαθοί.
994 1443 1152 1524 παραλα-

138 1539 211 1629 βιδν
225 1542 261 1607 δέ
282 1546 380 1608 τοῦτο
400 1538 438 1607 τό
460 1546 538 1621 έπος
558 1538 577 1609 ὁ
593 1548 708 1629 Κῦρος
721 1539 942 1629 παρεγύμνου
958 1535 1020 1607 τόν
1035 1535 1151 1606 πάντα

138 1639 259 1728 λόγον,
274 1640 399 1727 λέγων·
433 1639 572 1729 ’Ἄνδρες
586 1644 731 1728 Πέρσαι,
747 1639 836 1707 οὕτω
851 1638 934 1728 ὑμῖν
950 1644 1033 1726 ἔχει·
1061 1645 1152 1724 βον-

137 1742 308 1826 λομένοισι
333 1740 396 1826 μὲν
421 1741 498 1827 έμέο
523 1746 705 1809 πείθεσθαι
731 1745 799 1808 ἔστι
823 1738 904 1807 τόδε
928 1764 963 1805 τε
984 1739 1040 1804 καλ
1061 1734 1152 1813 ἄλλα

137 1844 242 1924 μυρία
261 1834 394 1926 όγαθδ,
417 1836 541 1907 οὐδένα
562 1839 673 1908 πόνον
694 1840 926 1928 δουλοπρεπέα
941 1843 1070 1926 ἔχουσι·
1101 1833 1151 1922 μὴ
1243 1849 1244 1852 ’

136 1937 372 2025 βουλομένοισι
404 1938 441 2007 δὲ
456 1938 542 2030 [έμέο
570 1939 764 2032 πείθεσθαι]
779 1943 842 2010 είσλ
865 1937 948 2027 ὑμῖν
973 1937 1075 2009 πόνοι
1101 1942 1150 2030 τῷ
1242 2006 1243 2029 ,

135 2043 238 2128 χθιζῷ
259 2036 485 2127 παραπλήσιοι
507 2039 742 2130 ἀναρίθμητοι.
786 2049 853 2110 νῦν
868 2035 918 2110 ιόυ
932 2044 1008 2128 έμέο
1022 2039 1150 2110 πειθό-

134 2161 230 2220 μενοι
254 2141 394 2221 γίνεσθε
419 2136 604 2226 ἐλεύθεροι.
649 2136 751 2220 αὐτός
774 2165 811 2208 τε
836 2137 902 2226 γὰρ
930 2139 1038 2207 δοκέω
1064 2147 1150 2228 θείῃ

133 2231 217 2320 τύχη
231 2258 379 2319 γεγονοτς
392 2232 472 2301 ταδε
487 2237 520 2314 ές
534 2250 644 2324 χεῖρας
659 2235 814 2324 ἄγεσθαι,
829 2240 885 2306 καλ
898 2236 1041 2325 ὑμέας”
1016 2265 1149 2324 ηγημαι

134 2328 260 2417 ἄνδρας
280 2329 414 2420 Μηδοιν
431 2330 515 2399 εἶναι
532 2358 571 2400 ου
562 2329 893 2426 ’φλαυροτέρους”
848 2362 928 2404 ουτε
940 2330 1048 2404 τᾶλλα
1065 2360 1149 2404 ουτε

133 2453 174 2495 τα
162 2424 338 2550 πολέμια.
373 2425 418 2506 ὡς
433 2455 481 2497 ων
496 2430 641 2516 έχόυτων
656 2427 722 2502 ὦδε
737 2430 966 2503 όπίστασθε’
946 2431 1001 2501 απ’
1024 2431 1148 2501 Ἀστυ-

133 2525 232 2613 όγεος
248 2526 311 2613 τήν
327 2536 494 2616 ταχίστην.

66 2635 115 2692 127
214 2629 342 2713 Πέρσαι
362 2627 425 2712 μέν
444 2653 510 2694 νυν
530 2628 724 2711 προστάτεω
747 2628 1022 2718 έπιλαβόμενοι”
999 2628 1146 2717 ασμενοι

129 2723 397 2815 ηλευθεροῦντο,
422 2727 478 2793 καὶ
500 2725 604 2795 πόλαι
625 2726 741 2796 δεινόν
761 2729 958 2816 ποιεόμενον
972 2725 1043 2797 ὑπό
1058 2727 1148 2814 Μή-

131 2827 201 2891 δων
217 2821 388 2910 ἄρχεσθαι.
428 2820 610 2911 Ἀστυόγης
626 2823 700 2894 δέ’
677 2851 722 2904 ως
736 2825 881 2896 έπόθετο
896 2833 1017 2912 Κῦρον
1030 2825 1148 2914 πρήσ

62 2979 64 2984 .
129 2940 232 2989 σουτα
251 2928 356 2989 ταῦτα
364 2924 526 3009 ,πέμψας
539 2920 685 3008 ἄγγελον
698 2921 871 2993 έκόλεε’
828 2925 943 2995 αυτόν.
977 2923 1051 2994 ὁδὲ
1065 2931 1146 2992 Κῦ-
1236 2954 1237 2977 ³

129 3046 187 3108 ρος
210 3017 401 3090 ἐκέλευε
366 3047 428 3089 του
452 3018 596 3106 ἄγγελον
622 3019 912 3113 όταγγέλλειυ,”
890 3052 942 3094 οτι
968 3024 1147 3112 πρότερον
1235 3050 1236 3053 ’

127 3117 198 3206 ἥξει
231 3115 313 3203 παρ’
346 3113 549 3203 ἐκεῖνον,
527 3143 548 3203 η
578 3115 681 3199 αὐτός
703 3118 887 3210 Ἀστυάγης
921 3125 1143 3212 βουλήσεται.
1234 3120 1236 3193 ι

127 3213 275 3295 τἰκοόσας
290 3220 326 3283 δὲ
341 3221 445 3283 ταῦτα
460 3210 478 3282 ὁ
497 3212 680 3305 Ἀστυάγης
695 3218 840 3306 Μήδους
853 3247 890 3290 τε
904 3221 1146 3294 όόπλισετιόυ-

125 3339 199 3401 τας,
224 3317 280 3382 καλ
301 3309 489 3399 στρατηγόν
509 3308 623 3382 αὐτῶν
644 3314 730 3386 όόστε
749 3320 942 3433 θεοβλαβὴς
962 3321 1074 3392 ἐόντ’
1053 3327 1146 3394 από-
1233 3308 1235 3417 λ

126 3410 221 3493 δεξε
219 3411 400 3498 Ἅρπαγον,
426 3410 538 3498 λη’θην
557 3415 758 3502 ποιεόμενος
777 3419 819 3486 τά
840 3446 900 3507 μιν
919 3421 1047 3510 έόργεε.
1094 3422 1146 3504 ὡς
1231 3442 1234 3563 ρ

123 3513 214 3584 δὀἱ
225 3517 342 3601 Μῆδοι
355 3511 638 3601 στρατευσόμενοι
652 3530 738 3584 τοῖσι
751 3521 900 3609 Πέρσησι
914 3526 1144 3612 συνέμισγον,
