2500 3925
339 242 424 300 LIB.
455 241 504 298 IX.
539 241 640 299 cAP.
673 248 815 303 18—22
886 284 902 311 ..
1016 238 1080 307 m

55 401 211 487 μάλιστα
225 402 329 491 ταότη
350 403 476 486 ἐγίνετο
498 406 538 488 τῇ
555 402 654 484 ἵππω.
686 404 943 491 προσβαλοόσης
957 397 1008 472 άν
1021 410 1081 491 τῆς

54 502 174 567 ἵππου
192 502 226 567 οί
237 501 411 586 Μεγαρέες
430 497 620 584 πιεζόμενοι
640 503 790 585 ἔπεμπον
811 503 865 570 ίπλ
880 500 961 581 τούς
976 522 1079 589 στρα-

55 593 191 683 τηγοὺς
208 604 276 667 τῶν
291 595 461 683 Ἑλλήνων
482 595 631 683 κη’ρνιια,
652 593 857 684 ἀπικόμενος
872 601 910 668 δὲ
930 597 948 667 ὁ
971 603 1078 687 κῆρυξ

55 695 150 782 πρὸς
164 693 289 775 αὐτοὺς
300 701 391 781 ἔλεγε
405 695 500 762 τάδε·
524 698 700 781 Μεγαρέες
710 696 862 782 λέγουσι·
878 695 1002 784 Ἡμεῖς,
1015 695 1078 764 άν-

57 798 143 878 δρες
155 793 334 880 σύμμαχοι,
350 790 392 861 οὐ
403 797 545 860 δυνατοί
557 797 651 878 είμεν
661 789 724 880 τὴν
733 799 894 882 Περσέων
904 799 1010 864 ἵππου
1021 796 1078 862 δέ-

58 901 190 960 κεσθαι
203 898 343 978 μοῦνοι,
367 897 497 977 ἔχοντες
511 889 632 958 στάσιν
644 890 788 978 ταότην,
812 896 846 971 ές
859 889 922 978 την
936 898 1077 978 ἔστημεν

58 991 191 1080 ἀρχήν·
213 991 297 1062 όλλά
312 996 367 1062 καὶ
382 996 415 1072 ές
424 995 502 1062 τόδε
512 999 651 1082 λιπαρίη
664 1019 700 1061 τε
714 996 770 1062 καλ
780 991 882 1084 άρετῇ
895 993 1078 1092 ἀντέχομεν

58 1096 187 1176 καίπερ
202 1090 400 1178 πιεζόμενοι.
429 1097 496 1160 νῦν
516 1117 552 1158 τε
569 1096 600 1159 εί
619 1092 666 1178 μή
683 1117 777 1171 τινας
794 1091 918 1173 ἄλλους
933 1088 1078 1181 πέμψετε

52 1189 244 1297 διαδόχους
257 1197 315 1277 τῆς
329 1191 458 1276 τάξιος,
475 1199 545 1259 λστε
554 1186 659 1276 ἡμέας
670 1189 933 1272 ἐκλείψοντας
896 1217 960 1279 την
970 1191 1075 1271 τάξιν.

62 1287 175 1376 Ομὲν
196 1287 238 1374 δή
252 1309 312 1375 σφι
331 1297 436 1358 ταῦτα
451 1287 648 1377 ἀπήγγειλε,
670 1296 866 1379 Παυσανίης
880 1289 957 1362 δὲ’
938 1315 1077 1360 απεπει-

22 1459 23 1462 ,
60 1394 148 1474 ρᾶτο
170 1393 238 1456 τῶν
255 1385 441 1476 Ἑλλήνων,
464 1397 498 1456 ελ
514 1414 602 1466 τινες
617 1391 769 1457 ἐθέλοιεν
786 1388 882 1458 ἄλλοι
901 1391 1076 1458 ἐθελονταί

22 1525 23 1558 ;
60 1492 152 1556 ίέναι
166 1511 202 1554 τε
212 1484 291 1564 ές
257 1501 318 1555 τὀιι
329 1495 440 1574 χῶρον
450 1489 572 1555 τοῦτον
583 1488 640 1554 καλ
649 1485 834 1555 τάσσεσθαι
844 1488 1076 1574 διάδοχοιΜε-

22 1627 23 1638 ι
60 1590 215 1670 γαρεῦσι.
246 1582 289 1651 οὐ
303 1587 521 1674 βουλομένων
536 1585 573 1651 δὲ
592 1589 661 1650 τῶν
674 1582 788 1653 ἄλλων
804 1582 977 1672 Ἀθηναῖοι
990 1580 1075 1650 ὑπε-

22 1725 23 1756 :
62 1685 221 1771 δέξαντο,
236 1687 292 1752 καλ
303 1681 494 1770 Ἀθηναίων
508 1685 543 1750 οί
553 1681 738 1769 τριηκόσιοι
754 1682 903 1769 λογάδες,
919 1688 988 1750 τῶν
999 1683 1075 1750 έλο-

22 1823 24 1858 ι
61 1781 162 1871 χήγεε
178 1780 447 1870 Ὀλυμπιόδωρος
467 1780 485 1850 ὁ
503 1782 701 1869 Λάμπωνος.
747 1774 853 1850 Οὗτοι
871 1773 958 1868 ἦσαν
980 1783 1016 1848 οῗ
1035 1805 1072 1848 τε
1087 1792 1123 1845 22

21 1924 24 1962 5
61 1876 309 1968 ὑποδεξάμενοι
323 1884 424 1949 καλοί
435 1875 500 1965 πρό
512 1885 581 1947 τῶν
591 1877 704 1948 ἄλλων
714 1886 783 1948 τῶν
793 1877 990 1968 παρεόντων
999 1875 1074 1946 Ἑλ-

23 2030 25 2059 ,
63 1979 180 2065 λήνων
194 1983 228 2059 ἐς
239 1978 607 2069 Ἐρυθρὰςπαχθέντες,
625 1978 706 2061 τοὺς
718 1982 854 2062 τοξότας
867 1979 1073 2068 προσελόμε-

22 2129 24 2146 ι
63 2100 136 2143 νοι·
158 2081 355 2165 μαχομένων
370 2080 410 2146 δι’
420 2098 535 2165 σφεων
546 2080 599 2148 ἐπὶ
611 2079 738 2166 χρόνον
747 2083 839 2157 τέλος
853 2078 985 2149 τοιόνδε
999 2078 1072 2163 έγέ-

23 2252 25 2263 ‚
64 2199 142 2241 νετο
157 2180 215 2260 τῆς
231 2176 352 2263 μάχης·
380 2178 638 2266 προσβαλοόσης
650 2185 709 2265 τῆς
721 2181 828 2246 ἳππου
842 2176 926 2245 κατὰ
940 2180 1035 2245 τέλεα
1052 2172 1070 2243 ὁ

23 2328 24 2363 ss
65 2280 257 2342 Μασιστίου
272 2279 423 2362 προέχων
442 2283 511 2344 τῶν
528 2274 642 2345 άλλων
661 2281 762 2355 ἵππος
780 2275 938 2364 βάλλεται
954 2273 1072 2354 τοξεύ-

23 2430 24 2465 ,
65 2396 143 2458 ματι
155 2368 195 2437 τά
216 2370 361 2457 πλευρά,
380 2370 526 2459 ἀλγήσας
546 2373 583 2441 δέ
596 2377 729 2441 ἵσταταί
741 2398 777 2440 τε
797 2370 902 2457 ὀρθός
916 2374 972 2439 καὶ
986 2368 1072 2438 άπο-

23 2552 24 2559 ἵ
66 2472 186 2533 σείεται
207 2463 268 2532 τόν
290 2473 488 2536 Μασίστιον.
521 2471 660 2537 πεσόντι
677 2472 714 2536 δὲ
736 2466 827 2557 αὐτῷ
848 2472 883 2535 ολ
897 2466 1071 2553 Ἀθηναῖοι

23 2628 24 2635 ,
68 2557 185 2629 αὐτίκα
199 2563 363 2630 ἐπεκέατο.
386 2563 448 2630 τόν
458 2590 493 2632 τε
505 2562 546 2649 δὴ
556 2567 662 2632 ἵππον
677 2561 784 2630 αὐτοῦ
794 2562 1005 2651 λαμβάνουσι
1016 2564 1071 2631 καί

23 2656 24 2661 ’
68 2655 170 2725 αὐτὸν
184 2655 399 2746 ἀμυνόμενον
413 2667 593 2748 κτείνουσι,
609 2657 682 2729 κατ’
701 2657 803 2746 ἀρχάς
818 2657 860 2727 οό
875 2660 1069 2747 δυνάμενοι.

69 2758 285 2827 ἐνεσκεύαστο
299 2757 364 2848 γάρ
383 2758 489 2837 οὕτω·
513 2757 606 2839 ἐντός
619 2759 763 2846 θεόρηκα
777 2755 842 2843 εἶχε
855 2760 1000 2847 χρύσεον
1014 2768 1072 2828 λε-

24 2934 39 2961 ,
69 2858 230 2943 πιδωτόιι,
248 2859 442 2944 κατύπερθε
456 2861 492 2927 δὲ
506 2866 568 2928 τοῦ
581 2860 740 2947 θάρηκος
751 2864 885 2927 κιθῶνα
896 2865 1071 2945 φοινίκεον

69 2955 249 3025 ένδεδόκεε.
278 2958 460 3037 τύπτοντες
474 2962 511 3027 δὲ
527 2960 560 3039 ές
573 2956 635 3027 τόν
646 2960 789 3047 θεόρηκα
806 2960 942 3026 ἐποίευν
958 2956 1070 3044 οὐδέν,

69 3060 147 3139 πρίν
165 3080 203 3140 γε
224 3052 266 3141 δὴ
284 3056 408 3142 μαθιόν
424 3082 473 3135 τις
490 3054 528 3125 τὸ
546 3058 751 3144 ποιεόμενον
771 3062 862 3123 παίει
881 3081 941 3142 μιν
958 3056 992 3133 ές
1009 3052 1071 3121 τὸν

71 3152 255 3240 ὀφθαλμόν.
275 3151 364 3221 οὕτω
376 3152 417 3241 δη
429 3158 529 3223 ἔπεσέ
535 3182 571 3224 τε
582 3159 638 3224 καί
648 3153 809 3223 άπέθανε.
835 3159 948 3221 Ταῦτα
958 3154 1072 3231 δίκας

71 3249 227 3339 γινόμενα
238 3252 395 3339 ἐλελήθεε
405 3250 486 3332 τούς
496 3251 619 3333 ἄλλους
631 3257 764 3332 ἱππέας·
780 3248 935 3340 οὔτεγὰρ
946 3248 1071 3320 πεσόν-

70 3376 109 3419 τα
122 3375 177 3436 μιυ
191 3346 282 3417 εἶδον
304 3346 369 3419 άπὸ
384 3357 447 3419 τοῦ
467 3354 573 3419 ἵππου
590 3350 668 3420 οὔτε
683 3347 962 3437 ἀποθνήσκοντα,
987 3341 1071 3416 άνα-

71 3450 226 3538 χωρήσιος
246 3476 282 3519 τε
296 3454 475 3539 γινομένης
499 3455 554 3521 καὶ
575 3450 792 3539 ὑποστροφῆς
807 3447 871 3518 οόιι
885 3455 1015 3536 ἔμαθον
1031 3472 1074 3518 το-
