2500 3925
392 295 478 353 LlB.
509 295 529 351 1.
564 294 662 353 CAP.
691 303 834 360 ²449.
1077 298 1116 363 13

104 471 181 537 σος,
200 451 282 537 μετὰ
298 454 335 521 δὲ
349 456 386 523 έν
399 456 493 542 μέρει
506 452 675 521 ἑκάστοισι
692 452 816 524 Ἰάνων
831 484 868 526 τε
883 460 939 527 καί
953 462 1116 545 Αἰολέων,

105 554 240 624 άλλοισι
253 554 356 636 άλλας
371 562 478 635 αἰτίας
495 558 684 641 ἐπιφέρων,
701 564 771 626 των
785 558 849 645 μὲν
862 561 1005 630 ε’δόνατο
1019 564 1117 649 μέζο-

105 680 167 733 νας
181 661 437 741 παρευρίσκειν,
453 656 572 740 μέζονα
588 651 846 738 έπαιτιεόμενος,
855 672 941 726 τοῖσι
955 656 992 727 δὲ
1003 654 1116 727 αὐτῶν

105 757 162 822 καὶ
176 761 291 841 φαῦλα
305 756 483 842 ἐπιφέρων.
507 750 566 831 Ὡς
581 751 617 819 δέ
633 750 698 839 ἄρα
716 758 750 821 οί
761 758 800 823 έν
813 763 853 843 τῇ
863 753 1115 845 ἈσίηἝλληνες
1124 776 1156 830 2²

106 856 358 944 κατεστράφατο
380 859 414 935 ές
435 854 548 941 φόρου
571 850 775 942 ἀπαγωγήν,
797 854 834 923 τὸ
856 861 1017 925 ἐνθεῦτεν
1038 860 1115 925 έπε-

105 956 184 1025 νόεε
198 956 276 1034 νίας
289 954 514 1041 ποιησάμενος
524 953 722 1039 ἐπιχειρέειν
731 968 818 1023 τοῖσι
826 956 1020 1045 νησιώτῃσι.
1037 955 1116 1023 ἰόν-

104 1082 174 1124 των
195 1057 235 1122 δέ
251 1058 286 1121 οί
306 1054 444 1122 πάντων
467 1055 608 1138 ἑτοίμων
631 1054 666 1131 ἰς
686 1050 749 1139 τήν
765 1061 974 1143 ναυπηγίην,
997 1059 1032 1122 οί
1051 1054 1115 1141 μὲν

105 1162 231 1224 Βίαντα
245 1152 380 1239 λέγουσι
396 1151 458 1221 τόν
473 1154 623 1239 Πριηνέα
637 1149 845 1238 ἀπικόμενον
866 1155 900 1233 ές
913 1152 1059 1246 Σάρδις,
1081 1158 1116 1221 οἰ

104 1254 142 1322 δὲ
156 1249 327 1322 Πιττακόν
348 1249 410 1320 τόν
424 1258 678 1337 Μυτιληναῖον,
701 1253 878 1339 εἰρομένου
894 1258 1044 1339 Κροίσου
1083 1260 1117 1319 εί

103 1381 135 1422 τι
153 1364 204 1440 είη
220 1350 387 1438 νεάτερον
407 1352 484 1438 περί
497 1347 559 1435 τήν
567 1348 728 1437 Ἑλλάδα,
749 1351 886 1445 εἰπόντα
906 1352 986 1421 τάδε
1009 1378 1112 1419 κατα-

104 1460 232 1523 παῦσαι
254 1450 317 1540 τήν
336 1455 544 1537 ναυπηγίην·
572 1442 612 1517 Ὦ
640 1456 798 1537 βασιλεῦ,
826 1457 985 1539 νησιῶται
1006 1453 1111 1518 ἵππον

103 1555 333 1621 συνωνέονται
355 1556 497 1637 μυρίην,
522 1551 556 1627 ές
578 1547 708 1631 Σάρδις
728 1573 764 1615 τε
787 1551 842 1616 καὶ
861 1550 915 1617 έπί
929 1547 967 1617 σέ
981 1553 1110 1635 ἔχοντες

104 1649 214 1739 ε’ννόφ
220 1648 473 1737 στρατεύεσθαι.
490 1654 639 1731 Κροῖσον
655 1644 691 1715 δὲ
707 1648 885 1715 ἐλπίσαντα
899 1650 1008 1733 λέγειν
1024 1649 1110 1715 έκεῖ-

103 1776 165 1817 νον
186 1745 317 1834 ἀληθέα
338 1752 477 1815 εἰπεῖν·
508 1750 557 1813 A?
575 1744 756 1832 γάρτοῦτο
773 1749 850 1814 θεοί
862 1746 1040 1834 ποιήσειαν
1057 1748 1109 1813 ἐπὶ

103 1852 186 1932 νόον
200 1846 399 1937 νησιώτῃσι,
415 1850 529 1916 έλθεϊν
546 1849 599 1915 ε’πί
611 1850 738 1915 Λυδῶν
752 1850 874 1925 παῖδας
888 1844 954 1913 σὺν
968 1849 1107 1913 ἵπποισι.

106 1948 174 2019 Τὸν
193 1948 229 2019 δὲ
246 1946 462 2036 ὑπολαβόντα
476 1946 601 2033 φάναι·
621 1939 661 2013 Ὦ
678 1951 834 2035 βασιλεῦ,
851 1946 1036 2033 προθύμως
1051 1969 1108 2032 μοι

106 2057 240 2136 φαίνεαι
268 2047 430 2128 εὔξασθαι
459 2046 624 2133 νησιώτας
652 2047 900 2130 ἱππευομένους
927 2052 1043 2132 λαβεῖν
1071 2045 1109 2110 ἰν

103 2149 246 2238 ἠπείρῳ,
268 2145 382 2214 οἰκότα
403 2150 558 2226 ἐλπίζων·
591 2164 757 2232 νησιωτας
772 2143 809 2212 δὲ
829 2150 863 2212 τί
875 2148 1001 2224 δοκέεις
1015 2142 1108 2230 εὔχε-

103 2261 186 2318 σθαι
202 2246 283 2316 άλλο
301 2242 341 2334 ή,
367 2247 477 2314 έπείτε
491 2245 628 2330 τάχιστα
642 2243 815 2313 ἐπύθοντό
829 2262 867 2310 σε
881 2247 1045 2330 μέλλοντα
1055 2246 1108 2312 ἐπὶ

102 2354 200 2434 σφίσι
213 2345 464 2431 ναυπηγέεσθαι
484 2346 578 2428 νέας,
600 2349 718 2429 λαβεῖν
737 2337 911 2429 αἱρεόμενοι
922 2340 1056 2422 Λυδοὺς
1071 2345 1108 2410 έν

103 2444 270 2532 θαλάσση,
287 2446 345 2510 ἵνα
358 2440 444 2525 ὑπὲρ
461 2447 529 2510 τῶν
546 2443 584 2510 έν
599 2447 641 2529 τῇ
652 2437 781 2532 ήπείρφ
796 2446 983 2530 οἰκημένων
991 2441 1111 2528 Ἑλλήυ

103 2573 174 2614 νων
193 2549 354 2611 τίσωνταί
372 2562 429 2628 σε,
451 2538 531 2619 τούς
552 2537 595 2608 οὐ
619 2539 795 2619 δουλώσας
815 2546 916 2626 έχειςς
948 2541 1054 2629 κάρτα
1074 2565 1110 2607 τε

102 2647 253 2737 ἡσθῆναι
267 2650 416 2730 Κροῖσον
436 2648 482 2733 τῷ
500 2641 669 2738 έπιλόγφ,
695 2647 754 2708 καί
771 2646 812 2729 οί,
822 2646 1024 2730 προσφυέως
1045 2639 1110 2728 γάρ

102 2747 198 2826 δόξαι
218 2744 346 2828 λέγειν,
372 2739 580 2826 πειθόμενον
610 2739 806 2806 παύσασθαι
835 2745 893 2828 τῆς
913 2747 1108 2826 ναυπηγίης.

102 2847 157 2914 καὶ
182 2839 273 2910 οὕτω
297 2853 383 2908 τοῖσι
408 2837 467 2918 τάς
493 2839 619 2928 νήσους
648 2842 855 2926 οἰκημένοισι
867 2838 960 2910 Ἴωσι
985 2847 1111 2928 ξεινίην

102 2937 326 3026 συνεθήκατο.
358 2938 496 3025 Χρόνου
517 2937 554 3005 δέ
575 2940 813 3024 ἐπιγινομένου
835 2945 890 3008 καὶ
907 2960 1157 3027 κατεστραμ-ςε

101 3047 216 3132 μένων
238 3035 358 3126 σχεδόν
371 3039 510 3108 πάντων
530 3046 598 3106 τῶν
613 3036 836 3119 έντόςἍλυος
850 3048 1003 3126 ποταμοῦ
1018 3046 1111 3127 οἰκη-

102 3147 215 3230 μένων
243 3137 345 3226 ’πλήν
369 3137 435 3226 γάρ
461 3145 611 3208 Κιλίκων
640 3141 695 3206 καὶ
722 3145 860 3207 Λυκίων
884 3136 964 3219 τούς
989 3137 1112 3216 ἄλλους

101 3239 231 3317 πάντας
242 3233 301 3304 ὑπ’
316 3239 428 3328 ἑωυτῷ
441 3235 505 3327 εἶχε
516 3237 830 3326 καταστρεψάμενος
841 3234 860 3306 ὁ
871 3244 1034 3325 Κροῖσος·
1050 3242 1113 3307 εἰσὶ

102 3337 138 3408 δὲ
152 3341 243 3423 οἵδε,
259 3338 403 3424 [Λυδοί,]
421 3337 569 3424 Φρύγες,
588 3339 715 3422 Μυσοί,
732 3333 982 3423 Μαριανδυνοί,
996 3336 1113 3406 Χάλυ-

101 3446 175 3526 βες,
201 3433 443 3522 Παφλαγόνες,
470 3435 612 3523 Θρήϊκες
634 3439 670 3502 οί
688 3440 800 3503 Θυνοί
819 3459 856 3502 τε
880 3438 936 3503 καί
955 3435 1111 3519 Βιθυνοί,

107 3543 230 3622 Κᾶρες,
243 3527 374 3622 Ἴωνες,
397 3537 561 3622 Δωριέες,
586 3536 742 3618 Αἰολέες,
767 3533 964 3628 Πάμφυλοι·
1012 3545 1156 3599 κατε-ἐί
