<?xml version="1.0" encoding="UTF-8"?>
<!DOCTYPE html PUBLIC "-//W3C//DTD XHTML 1.0 Transitional//EN"
    "http://www.w3.org/TR/xhtml1/DTD/xhtml1-transitional.dtd">
<html xmlns="http://www.w3.org/1999/xhtml" xml:lang="en" lang="en">
 <head>
  <title>
</title>
<meta http-equiv="Content-Type" content="text/html;charset=utf-8" />
  <meta name='ocr-system' content='tesseract 3.04.00' />
  <meta name='ocr-capabilities' content='ocr_page ocr_carea ocr_par ocr_line ocrx_word'/>
</head>
<body>
  <div class='ocr_page' id='page_1' title='image "./herodotihistori00dietgoog_0233.png"; bbox 0 0 2500 3925; ppageno 0'>
   <div class='ocr_carea' id='block_1_1' title="bbox 372 219 1103 291">
    <p class='ocr_par' dir='ltr' id='par_1_1' title="bbox 372 219 1103 291">
     <span class='ocr_line' id='line_1_1' title="bbox 372 219 1103 291; baseline 0.007 -16"><span class='ocrx_word' id='word_1_1' title='bbox 372 219 455 281; x_wconf 81' lang='grc' dir='ltr'><strong><em>ιιε.</em></strong></span> <span class='ocrx_word' id='word_1_2' title='bbox 488 220 534 277; x_wconf 85' lang='grc' dir='ltr'><strong><em>ιιι</em></strong></span> <span class='ocrx_word' id='word_1_3' title='bbox 566 219 663 277; x_wconf 74' lang='grc' dir='ltr'><strong><em>οτι.</em></strong></span> <span class='ocrx_word' id='word_1_4' title='bbox 695 225 835 285; x_wconf 36' lang='grc' dir='ltr'><strong><em>ιιὴττ.</em></strong></span> <span class='ocrx_word' id='word_1_5' title='bbox 1040 223 1103 291; x_wconf 74' lang='lat'><strong><em>2³1</em></strong></span> 
     </span>
    </p>
   </div>
   <div class='ocr_carea' id='block_1_2' title="bbox 107 365 1103 570">
    <p class='ocr_par' dir='ltr' id='par_1_2' title="bbox 107 365 1103 570">
     <span class='ocr_line' id='line_1_2' title="bbox 107 365 1103 477; baseline 0.017 -36"><span class='ocrx_word' id='word_1_6' title='bbox 107 375 211 442; x_wconf 75' lang='grc' dir='ltr'><strong><em>ἔπεσι·</em></strong></span> <span class='ocrx_word' id='word_1_7' title='bbox 240 365 502 461; x_wconf 48' lang='lat' dir='ltr'><strong><em>&amp;mummi</em></strong></span> <span class='ocrx_word' id='word_1_8' title='bbox 513 374 622 444; x_wconf 83' lang='grc' dir='ltr'><strong><em>πάντα</em></strong></span> <span class='ocrx_word' id='word_1_9' title='bbox 635 372 747 467; x_wconf 81' lang='grc' dir='ltr'><strong><em>ἡλικίη</em></strong></span> <span class='ocrx_word' id='word_1_10' title='bbox 757 382 812 449; x_wconf 78' lang='grc' dir='ltr'><strong><em>καλ</em></strong></span> <span class='ocrx_word' id='word_1_11' title='bbox 821 388 923 475; x_wconf 77' lang='grc' dir='ltr'><strong><em>θυμβ</em></strong></span> <span class='ocrx_word' id='word_1_12' title='bbox 934 386 1103 477; x_wconf 79' lang='grc' dir='ltr'><strong><em>ἐπίτραπε,</em></strong></span> 
     </span>
     <span class='ocr_line' id='line_1_3' title="bbox 107 468 1103 570; baseline 0.015 -30"><span class='ocrx_word' id='word_1_13' title='bbox 107 468 172 541; x_wconf 72' lang='grc' dir='ltr'><strong><em>ἄλλ’</em></strong></span> <span class='ocrx_word' id='word_1_14' title='bbox 184 474 321 559; x_wconf 82' lang='grc' dir='ltr'><strong><em>ίσχεκαὶ</em></strong></span> <span class='ocrx_word' id='word_1_15' title='bbox 332 471 565 560; x_wconf 74' lang='grc' dir='ltr'><strong><em>καταλάμβανε</em></strong></span> <span class='ocrx_word' id='word_1_16' title='bbox 576 475 742 545; x_wconf 88' lang='grc' dir='ltr'><strong><em>σεωυτόν·</em></strong></span> <span class='ocrx_word' id='word_1_17' title='bbox 766 474 899 563; x_wconf 80' lang='grc' dir='ltr'><strong><em>ἀγαθόν</em></strong></span> <span class='ocrx_word' id='word_1_18' title='bbox 912 507 943 549; x_wconf 94' lang='grc' dir='ltr'><strong><em>τι</em></strong></span> <span class='ocrx_word' id='word_1_19' title='bbox 954 483 1103 570; x_wconf 76' lang='grc' dir='ltr'>πρόνοον</span> 
     </span>
    </p>
   </div>
   <div class='ocr_carea' id='block_1_3' title="bbox 89 568 1140 3482">
    <p class='ocr_par' dir='ltr' id='par_1_3' title="bbox 89 568 1140 3482">
     <span class='ocr_line' id='line_1_4' title="bbox 107 568 1104 667; baseline 0.012 -28"><span class='ocrx_word' id='word_1_20' title='bbox 107 569 204 658; x_wconf 77' lang='grc' dir='ltr'><strong><em>εἶναι,</em></strong></span> <span class='ocrx_word' id='word_1_21' title='bbox 222 568 333 657; x_wconf 84' lang='grc' dir='ltr'><strong><em>σοφόν</em></strong></span> <span class='ocrx_word' id='word_1_22' title='bbox 344 572 380 639; x_wconf 73' lang='grc' dir='ltr'><strong><em>δὲ</em></strong></span> <span class='ocrx_word' id='word_1_23' title='bbox 393 569 414 658; x_wconf 75' lang='grc' dir='ltr'><em>ἡ</em></span> <span class='ocrx_word' id='word_1_24' title='bbox 426 580 632 659; x_wconf 87' lang='grc' dir='ltr'><strong><em>προμήθεια·</em></strong></span> <span class='ocrx_word' id='word_1_25' title='bbox 651 571 694 642; x_wconf 82' lang='grc' dir='ltr'><strong><em>σύ</em></strong></span> <span class='ocrx_word' id='word_1_26' title='bbox 707 572 742 642; x_wconf 80' lang='grc' dir='ltr'><strong><em>δέ</em></strong></span> <span class='ocrx_word' id='word_1_27' title='bbox 754 582 892 656; x_wconf 89' lang='grc' dir='ltr'><strong><em>κτείνεις</em></strong></span> <span class='ocrx_word' id='word_1_28' title='bbox 902 577 964 665; x_wconf 71' lang='grc' dir='ltr'><strong><em>μὲν</em></strong></span> <span class='ocrx_word' id='word_1_29' title='bbox 979 579 1104 667; x_wconf 76' lang='grc' dir='ltr'><strong><em>ἄνδρας</em></strong></span> 
     </span>
     <span class='ocr_line' id='line_1_5' title="bbox 106 666 1100 769; baseline 0.01 -34"><span class='ocrx_word' id='word_1_30' title='bbox 106 674 255 736; x_wconf 78' lang='grc' dir='ltr'><strong><em>σεωυτοῦ</em></strong></span> <span class='ocrx_word' id='word_1_31' title='bbox 279 670 438 757; x_wconf 78' lang='grc' dir='ltr'><strong><em>πολιήτας</em></strong></span> <span class='ocrx_word' id='word_1_32' title='bbox 467 666 519 737; x_wconf 88' lang='grc' dir='ltr'><strong><em>ἐπ’</em></strong></span> <span class='ocrx_word' id='word_1_33' title='bbox 546 666 686 759; x_wconf 77' lang='grc' dir='ltr'><strong><em>οὐδεμιῇ</em></strong></span> <span class='ocrx_word' id='word_1_34' title='bbox 711 676 798 761; x_wconf 82' lang='grc' dir='ltr'><strong><em>αἰτίη</em></strong></span> <span class='ocrx_word' id='word_1_35' title='bbox 822 671 981 769; x_wconf 71' lang='grc' dir='ltr'><strong><em>ἀξιόχρεῳ</em></strong></span> <span class='ocrx_word' id='word_1_36' title='bbox 1005 680 1100 763; x_wconf 78' lang='grc' dir='ltr'><strong><em>ἑλόν,</em></strong></span> 
     </span>
     <span class='ocr_line' id='line_1_6' title="bbox 105 761 1101 863; baseline 0.01 -30"><span class='ocrx_word' id='word_1_37' title='bbox 105 771 241 843; x_wconf 80' lang='grc' dir='ltr'><strong><em>κτείνεις</em></strong></span> <span class='ocrx_word' id='word_1_38' title='bbox 264 768 301 833; x_wconf 75' lang='grc' dir='ltr'><strong><em>δέ</em></strong></span> <span class='ocrx_word' id='word_1_39' title='bbox 322 770 457 846; x_wconf 77' lang='grc' dir='ltr'><strong><em>παῖδας·</em></strong></span> <span class='ocrx_word' id='word_1_40' title='bbox 483 761 528 854; x_wconf 77' lang='grc' dir='ltr'><strong><em>ἢν</em></strong></span> <span class='ocrx_word' id='word_1_41' title='bbox 546 768 584 837; x_wconf 80' lang='grc' dir='ltr'><strong><em>δέ</em></strong></span> <span class='ocrx_word' id='word_1_42' title='bbox 604 765 711 839; x_wconf 80' lang='grc' dir='ltr'><strong><em>πολλὰ</em></strong></span> <span class='ocrx_word' id='word_1_43' title='bbox 730 776 866 839; x_wconf 85' lang='grc' dir='ltr'><strong><em>τοιαῦτα</em></strong></span> <span class='ocrx_word' id='word_1_44' title='bbox 886 775 1016 863; x_wconf 85' lang='grc' dir='ltr'><strong><em>ποιέης,</em></strong></span> <span class='ocrx_word' id='word_1_45' title='bbox 1039 773 1101 863; x_wconf 83' lang='grc' dir='ltr'><strong><em>ὅρα</em></strong></span> 
     </span>
     <span class='ocr_line' id='line_1_7' title="bbox 104 859 1100 957; baseline 0.011 -27"><span class='ocrx_word' id='word_1_46' title='bbox 104 861 187 940; x_wconf 87' lang='grc' dir='ltr'><strong><em>όκως</em></strong></span> <span class='ocrx_word' id='word_1_47' title='bbox 207 860 256 949; x_wconf 87' lang='grc' dir='ltr'><strong><em>μή</em></strong></span> <span class='ocrx_word' id='word_1_48' title='bbox 270 879 331 929; x_wconf 90' lang='grc' dir='ltr'><strong><em>σευ</em></strong></span> <span class='ocrx_word' id='word_1_49' title='bbox 351 859 594 949; x_wconf 75' lang='grc' dir='ltr'><strong><em>ἀποστήσονται</em></strong></span> <span class='ocrx_word' id='word_1_50' title='bbox 610 866 746 950; x_wconf 78' lang='grc' dir='ltr'><strong><em>Πέρσαι.</em></strong></span> <span class='ocrx_word' id='word_1_51' title='bbox 781 866 853 951; x_wconf 79' lang='grc' dir='ltr'><strong><em>έμοδ</em></strong></span> <span class='ocrx_word' id='word_1_52' title='bbox 880 867 918 936; x_wconf 84' lang='grc' dir='ltr'><strong><em>δέ</em></strong></span> <span class='ocrx_word' id='word_1_53' title='bbox 947 869 1054 957; x_wconf 77' lang='grc' dir='ltr'><strong><em>πατὴρ</em></strong></span> <span class='ocrx_word' id='word_1_54' title='bbox 1082 870 1100 941; x_wconf 85' lang='grc' dir='ltr'><strong><em>ό</em></strong></span> 
     </span>
     <span class='ocr_line' id='line_1_8' title="bbox 105 957 1099 1047; baseline 0.007 -21"><span class='ocrx_word' id='word_1_55' title='bbox 105 957 158 1038; x_wconf 83' lang='grc' dir='ltr'><strong><em>σός</em></strong></span> <span class='ocrx_word' id='word_1_56' title='bbox 170 966 288 1047; x_wconf 82' lang='grc' dir='ltr'><strong><em>Κῦρος</em></strong></span> <span class='ocrx_word' id='word_1_57' title='bbox 301 961 483 1029; x_wconf 72' lang='grc' dir='ltr'><strong><em>ένετέλλαο</em></strong></span> <span class='ocrx_word' id='word_1_58' title='bbox 498 957 605 1030; x_wconf 78' lang='grc' dir='ltr'><strong><em>πολλὰ</em></strong></span> <span class='ocrx_word' id='word_1_59' title='bbox 619 960 767 1030; x_wconf 87' lang='grc' dir='ltr'><strong><em>κελεύων</em></strong></span> <span class='ocrx_word' id='word_1_60' title='bbox 785 980 821 1030; x_wconf 89' lang='grc' dir='ltr'><strong><em>σε</em></strong></span> <span class='ocrx_word' id='word_1_61' title='bbox 835 966 1029 1034; x_wconf 78' lang='grc' dir='ltr'><strong><em>νουθετέειν</em></strong></span> <span class='ocrx_word' id='word_1_62' title='bbox 1044 966 1099 1033; x_wconf 76' lang='grc' dir='ltr'><strong><em>καὶ</em></strong></span> 
     </span>
     <span class='ocr_line' id='line_1_9' title="bbox 106 1051 1099 1148; baseline 0.006 -25"><span class='ocrx_word' id='word_1_63' title='bbox 106 1053 327 1125; x_wconf 80' lang='grc' dir='ltr'><strong><em>ὑποτίθεσθαι</em></strong></span> <span class='ocrx_word' id='word_1_64' title='bbox 347 1054 368 1124; x_wconf 87' lang='grc' dir='ltr'><strong><em>ό</em></strong></span> <span class='ocrx_word' id='word_1_65' title='bbox 387 1082 417 1124; x_wconf 91' lang='grc' dir='ltr'><strong><em>τι</em></strong></span> <span class='ocrx_word' id='word_1_66' title='bbox 437 1051 482 1123; x_wconf 81' lang='grc' dir='ltr'><strong><em>άν</em></strong></span> <span class='ocrx_word' id='word_1_67' title='bbox 502 1054 646 1144; x_wconf 76' lang='grc' dir='ltr'><strong><em>εὑρίσκω</em></strong></span> <span class='ocrx_word' id='word_1_68' title='bbox 666 1054 807 1143; x_wconf 79' lang='grc' dir='ltr'><strong><em>ἀγαθόν.</em></strong></span> <span class='ocrx_word' id='word_1_69' title='bbox 846 1056 882 1126; x_wconf 89' lang='lat'><strong><em>‘0</em></strong></span> <span class='ocrx_word' id='word_1_70' title='bbox 897 1060 960 1145; x_wconf 67' lang='grc' dir='ltr'><strong><em>μὲν</em></strong></span> <span class='ocrx_word' id='word_1_71' title='bbox 980 1058 1020 1148; x_wconf 78' lang='grc' dir='ltr'><strong><em>δή</em></strong></span> <span class='ocrx_word' id='word_1_72' title='bbox 1041 1058 1099 1129; x_wconf 88' lang='grc' dir='ltr'><strong><em>εύ-</em></strong></span> 
     </span>
     <span class='ocr_line' id='line_1_10' title="bbox 104 1151 1097 1245; baseline 0.004 -26"><span class='ocrx_word' id='word_1_73' title='bbox 104 1176 197 1219; x_wconf 90' lang='grc' dir='ltr'><strong><em>νοιαν</em></strong></span> <span class='ocrx_word' id='word_1_74' title='bbox 223 1158 356 1239; x_wconf 81' lang='grc' dir='ltr'><strong><em>φαίνων</em></strong></span> <span class='ocrx_word' id='word_1_75' title='bbox 380 1153 607 1241; x_wconf 84' lang='grc' dir='ltr'><strong><em>συνεβούλευέ</em></strong></span> <span class='ocrx_word' id='word_1_76' title='bbox 621 1157 668 1239; x_wconf 56' lang='grc' dir='ltr'><strong><em>ὀί</em></strong></span> <span class='ocrx_word' id='word_1_77' title='bbox 692 1161 811 1241; x_wconf 86' lang='grc' dir='ltr'><strong><em>ταῦτα,</em></strong></span> <span class='ocrx_word' id='word_1_78' title='bbox 845 1151 862 1223; x_wconf 84' lang='grc' dir='ltr'>ὁ</span> <span class='ocrx_word' id='word_1_79' title='bbox 889 1152 921 1224; x_wconf 89' lang='grc' dir='ltr'><strong><em>δ’</em></strong></span> <span class='ocrx_word' id='word_1_80' title='bbox 947 1152 1097 1245; x_wconf 86' lang='grc' dir='ltr'><strong><em>άμείβετο</em></strong></span> 
     </span>
     <span class='ocr_line' id='line_1_11' title="bbox 104 1245 1099 1340; baseline 0.002 -23"><span class='ocrx_word' id='word_1_81' title='bbox 104 1252 242 1317; x_wconf 78' lang='grc' dir='ltr'><strong><em>τοιοίδε·</em></strong></span> <span class='ocrx_word' id='word_1_82' title='bbox 262 1245 317 1316; x_wconf 88' lang='grc' dir='ltr'><strong><em>Σύ</em></strong></span> <span class='ocrx_word' id='word_1_83' title='bbox 331 1251 385 1317; x_wconf 74' lang='grc' dir='ltr'><strong><em>καὶ</em></strong></span> <span class='ocrx_word' id='word_1_84' title='bbox 396 1250 468 1336; x_wconf 76' lang='grc' dir='ltr'><strong><em>ἐμοὶ</em></strong></span> <span class='ocrx_word' id='word_1_85' title='bbox 480 1254 602 1339; x_wconf 77' lang='grc' dir='ltr'><strong><em>τολμᾷς</em></strong></span> <span class='ocrx_word' id='word_1_86' title='bbox 619 1250 879 1339; x_wconf 77' lang='grc' dir='ltr'><strong><em>συμβουλεύειν,</em></strong></span> <span class='ocrx_word' id='word_1_87' title='bbox 903 1246 940 1331; x_wconf 79' lang='grc' dir='ltr'><strong><em>ὃς</em></strong></span> <span class='ocrx_word' id='word_1_88' title='bbox 951 1257 1099 1340; x_wconf 77' lang='grc' dir='ltr'><strong><em>χρηστῶς</em></strong></span> 
     </span>
     <span class='ocr_line' id='line_1_12' title="bbox 103 1340 1100 1439; baseline 0.001 -25"><span class='ocrx_word' id='word_1_89' title='bbox 103 1349 161 1432; x_wconf 70' lang='grc' dir='ltr'><strong><em>μὲν</em></strong></span> <span class='ocrx_word' id='word_1_90' title='bbox 173 1345 238 1434; x_wconf 78' lang='grc' dir='ltr'><strong><em>τήν</em></strong></span> <span class='ocrx_word' id='word_1_91' title='bbox 254 1353 402 1415; x_wconf 85' lang='grc' dir='ltr'><strong><em>σεωυτοῦ</em></strong></span> <span class='ocrx_word' id='word_1_92' title='bbox 416 1350 558 1435; x_wconf 90' lang='grc' dir='ltr'><strong><em>κατρίδα</em></strong></span> <span class='ocrx_word' id='word_1_93' title='bbox 572 1344 831 1433; x_wconf 87' lang='grc' dir='ltr'><strong><em>ἐπετρόπευσας,</em></strong></span> <span class='ocrx_word' id='word_1_94' title='bbox 847 1340 886 1415; x_wconf 79' lang='grc' dir='ltr'><strong><em>εὖ</em></strong></span> <span class='ocrx_word' id='word_1_95' title='bbox 898 1346 935 1414; x_wconf 82' lang='grc' dir='ltr'><strong><em>δέ</em></strong></span> <span class='ocrx_word' id='word_1_96' title='bbox 944 1354 989 1439; x_wconf 76' lang='grc' dir='ltr'><strong><em>τῷ</em></strong></span> <span class='ocrx_word' id='word_1_97' title='bbox 1000 1346 1100 1436; x_wconf 78' lang='grc' dir='ltr'><strong><em>πατρί</em></strong></span> 
     </span>
     <span class='ocr_line' id='line_1_13' title="bbox 89 1441 1097 1539; baseline -0.001 -24"><span class='ocrx_word' id='word_1_98' title='bbox 89 1441 144 1538; x_wconf 72' lang='grc' dir='ltr'><strong><em>’τῷ</em></strong></span> <span class='ocrx_word' id='word_1_99' title='bbox 158 1449 227 1539; x_wconf 79' lang='grc' dir='ltr'><strong><em>ἐμῷ</em></strong></span> <span class='ocrx_word' id='word_1_100' title='bbox 242 1446 510 1535; x_wconf 79' lang='grc' dir='ltr'><strong><em>συνεβούλευσας</em></strong></span> <span class='ocrx_word' id='word_1_101' title='bbox 521 1445 670 1513; x_wconf 73' lang='grc' dir='ltr'><strong><em>κελεύων</em></strong></span> <span class='ocrx_word' id='word_1_102' title='bbox 685 1441 789 1513; x_wconf 82' lang='grc' dir='ltr'><strong><em>αὐτόν</em></strong></span> <span class='ocrx_word' id='word_1_103' title='bbox 801 1442 941 1535; x_wconf 76' lang='grc' dir='ltr'><strong><em>Ἀράξην</em></strong></span> <span class='ocrx_word' id='word_1_104' title='bbox 948 1443 1097 1532; x_wconf 85' lang='grc' dir='ltr'><strong><em>ποταμὸν</em></strong></span> 
     </span>
     <span class='ocr_line' id='line_1_14' title="bbox 102 1540 1097 1632; baseline -0.007 -19"><span class='ocrx_word' id='word_1_105' title='bbox 102 1544 263 1632; x_wconf 74' lang='grc' dir='ltr'><strong><em>διαβάντα</em></strong></span> <span class='ocrx_word' id='word_1_106' title='bbox 285 1545 370 1611; x_wconf 86' lang='grc' dir='ltr'><strong><em>ίέυαι</em></strong></span> <span class='ocrx_word' id='word_1_107' title='bbox 396 1543 448 1611; x_wconf 82' lang='grc' dir='ltr'><strong><em>ἐπὶ</em></strong></span> <span class='ocrx_word' id='word_1_108' title='bbox 474 1542 696 1627; x_wconf 76' lang='grc' dir='ltr'><strong><em>Μασσαγέτας</em></strong></span> <span class='ocrx_word' id='word_1_109' title='bbox 719 1540 934 1628; x_wconf 90' lang='grc' dir='ltr'><strong><em>βουλομένων</em></strong></span> <span class='ocrx_word' id='word_1_110' title='bbox 960 1542 1097 1610; x_wconf 83' lang='grc' dir='ltr'><strong><em>ἐκείνων</em></strong></span> 
     </span>
     <span class='ocr_line' id='line_1_15' title="bbox 102 1635 1097 1728; baseline -0.003 -20"><span class='ocrx_word' id='word_1_111' title='bbox 102 1646 287 1728; x_wconf 79' lang='grc' dir='ltr'><strong><em>διαβαίνειν</em></strong></span> <span class='ocrx_word' id='word_1_112' title='bbox 299 1642 333 1719; x_wconf 89' lang='grc' dir='ltr'><strong><em>ές</em></strong></span> <span class='ocrx_word' id='word_1_113' title='bbox 347 1638 407 1726; x_wconf 80' lang='grc' dir='ltr'><strong><em>τήν</em></strong></span> <span class='ocrx_word' id='word_1_114' title='bbox 422 1637 602 1727; x_wconf 79' lang='grc' dir='ltr'><strong><em>ἡμετέρην,</em></strong></span> <span class='ocrx_word' id='word_1_115' title='bbox 625 1640 680 1705; x_wconf 80' lang='grc' dir='ltr'><strong><em>καὶ</em></strong></span> <span class='ocrx_word' id='word_1_116' title='bbox 695 1635 760 1706; x_wconf 84' lang='grc' dir='ltr'><strong><em>άπό</em></strong></span> <span class='ocrx_word' id='word_1_117' title='bbox 774 1636 836 1725; x_wconf 72' lang='grc' dir='ltr'><strong><em>μέν</em></strong></span> <span class='ocrx_word' id='word_1_118' title='bbox 851 1636 999 1706; x_wconf 86' lang='grc' dir='ltr'><strong><em>σεωυτόν</em></strong></span> <span class='ocrx_word' id='word_1_119' title='bbox 1015 1636 1097 1707; x_wconf 78' lang='grc' dir='ltr'><strong><em>ὤλε-</em></strong></span> 
     </span>
     <span class='ocr_line' id='line_1_16' title="bbox 103 1732 1092 1825; baseline -0.004 -20"><span class='ocrx_word' id='word_1_120' title='bbox 103 1759 159 1817; x_wconf 89' lang='grc' dir='ltr'><strong><em>σας</em></strong></span> <span class='ocrx_word' id='word_1_121' title='bbox 172 1745 231 1825; x_wconf 78' lang='grc' dir='ltr'><strong><em>τῆς</em></strong></span> <span class='ocrx_word' id='word_1_122' title='bbox 245 1745 394 1806; x_wconf 80' lang='grc' dir='ltr'><strong><em>σεωυτοῦ</em></strong></span> <span class='ocrx_word' id='word_1_123' title='bbox 407 1740 565 1822; x_wconf 89' lang='grc' dir='ltr'><strong><em>πατρίδος</em></strong></span> <span class='ocrx_word' id='word_1_124' title='bbox 580 1742 689 1814; x_wconf 77' lang='grc' dir='ltr'><strong><em>κακῶς</em></strong></span> <span class='ocrx_word' id='word_1_125' title='bbox 703 1734 863 1821; x_wconf 78' lang='grc' dir='ltr'><strong><em>προστὰς,</em></strong></span> <span class='ocrx_word' id='word_1_126' title='bbox 882 1732 999 1819; x_wconf 55' lang='lat' dir='ltr'><strong><em>aad&amp;</em></strong></span> <span class='ocrx_word' id='word_1_127' title='bbox 1014 1734 1092 1803; x_wconf 79' lang='grc' dir='ltr'><strong><em>ὤλε-</em></strong></span> 
     </span>
     <span class='ocr_line' id='line_1_17' title="bbox 103 1832 1094 1925; baseline -0.003 -21"><span class='ocrx_word' id='word_1_128' title='bbox 103 1858 159 1916; x_wconf 90' lang='grc' dir='ltr'><strong><em>σας</em></strong></span> <span class='ocrx_word' id='word_1_129' title='bbox 173 1844 292 1924; x_wconf 80' lang='grc' dir='ltr'><strong><em>Κύρου</em></strong></span> <span class='ocrx_word' id='word_1_130' title='bbox 305 1836 511 1925; x_wconf 78' lang='grc' dir='ltr'><strong><em>πειθόμενόν</em></strong></span> <span class='ocrx_word' id='word_1_131' title='bbox 525 1856 594 1904; x_wconf 88' lang='grc' dir='ltr'><strong><em>σοι·</em></strong></span> <span class='ocrx_word' id='word_1_132' title='bbox 617 1832 692 1904; x_wconf 78' lang='grc' dir='ltr'><strong><em>ἀλλ’</em></strong></span> <span class='ocrx_word' id='word_1_133' title='bbox 708 1833 781 1903; x_wconf 88' lang='grc' dir='ltr'><strong><em>ούτι</em></strong></span> <span class='ocrx_word' id='word_1_134' title='bbox 795 1841 937 1922; x_wconf 87' lang='grc' dir='ltr'><strong><em>χαίρων,</em></strong></span> <span class='ocrx_word' id='word_1_135' title='bbox 958 1838 1032 1903; x_wconf 89' lang='grc' dir='ltr'><strong><em>ἐπεί</em></strong></span> <span class='ocrx_word' id='word_1_136' title='bbox 1043 1859 1094 1902; x_wconf 85' lang='grc' dir='ltr'><strong><em>τοι</em></strong></span> 
     </span>
     <span class='ocr_line' id='line_1_18' title="bbox 104 1931 1093 2023; baseline -0.004 -19"><span class='ocrx_word' id='word_1_137' title='bbox 104 1936 154 2004; x_wconf 72' lang='grc' dir='ltr'><strong><em>καὶ</em></strong></span> <span class='ocrx_word' id='word_1_138' title='bbox 173 1933 278 2004; x_wconf 84' lang='grc' dir='ltr'><strong><em>πύλαι</em></strong></span> <span class='ocrx_word' id='word_1_139' title='bbox 301 1938 334 2014; x_wconf 90' lang='grc' dir='ltr'><strong><em>ές</em></strong></span> <span class='ocrx_word' id='word_1_140' title='bbox 353 1934 391 2005; x_wconf 70' lang='grc' dir='ltr'><strong><em>σὲ</em></strong></span> <span class='ocrx_word' id='word_1_141' title='bbox 413 1933 601 2023; x_wconf 85' lang='grc' dir='ltr'><strong><em>προφάσιός</em></strong></span> <span class='ocrx_word' id='word_1_142' title='bbox 620 1959 679 2003; x_wconf 87' lang='grc' dir='ltr'><strong><em>τευ</em></strong></span> <span class='ocrx_word' id='word_1_143' title='bbox 704 1931 845 2020; x_wconf 77' lang='grc' dir='ltr'><strong><em>ἐδεόμην</em></strong></span> <span class='ocrx_word' id='word_1_144' title='bbox 870 1935 1093 2020; x_wconf 83' lang='grc' dir='ltr'><strong><em>ἐπιλαβέσθαι.</em></strong></span> 
     </span>
     <span class='ocr_line' id='line_1_19' title="bbox 111 2027 1095 2126; baseline -0.005 -26"><span class='ocrx_word' id='word_1_145' title='bbox 111 2039 216 2100; x_wconf 82' lang='grc' dir='ltr'><strong><em>Ταῦτα</em></strong></span> <span class='ocrx_word' id='word_1_146' title='bbox 240 2034 278 2102; x_wconf 71' lang='grc' dir='ltr'><strong><em>δὲ</em></strong></span> <span class='ocrx_word' id='word_1_147' title='bbox 300 2042 393 2126; x_wconf 71' lang='grc' dir='ltr'><strong><em>εἴπας</em></strong></span> <span class='ocrx_word' id='word_1_148' title='bbox 414 2033 579 2118; x_wconf 87' lang='grc' dir='ltr'><strong><em>ἐλάμβανε</em></strong></span> <span class='ocrx_word' id='word_1_149' title='bbox 602 2029 640 2099; x_wconf 87' lang='grc' dir='ltr'><strong><em>τό</em></strong></span> <span class='ocrx_word' id='word_1_150' title='bbox 664 2031 762 2112; x_wconf 82' lang='grc' dir='ltr'><strong><em>τόξον</em></strong></span> <span class='ocrx_word' id='word_1_151' title='bbox 783 2027 826 2109; x_wconf 78' lang='grc' dir='ltr'><strong><em>ὡς</em></strong></span> <span class='ocrx_word' id='word_1_152' title='bbox 847 2030 1095 2110; x_wconf 83' lang='grc' dir='ltr'><strong><em>κατατοξεύσων</em></strong></span> 
     </span>
     <span class='ocr_line' id='line_1_20' title="bbox 104 2123 1091 2218; baseline -0.004 -22"><span class='ocrx_word' id='word_1_153' title='bbox 104 2128 222 2217; x_wconf 88' lang='grc' dir='ltr'><strong><em>αύτόν,</em></strong></span> <span class='ocrx_word' id='word_1_154' title='bbox 257 2137 399 2214; x_wconf 80' lang='grc' dir='ltr'><strong><em>Κροίσος</em></strong></span> <span class='ocrx_word' id='word_1_155' title='bbox 420 2131 456 2198; x_wconf 85' lang='grc' dir='ltr'><strong><em>δέ</em></strong></span> <span class='ocrx_word' id='word_1_156' title='bbox 470 2127 674 2218; x_wconf 71' lang='grc' dir='ltr'><strong><em>ἀναδραμὸν</em></strong></span> <span class='ocrx_word' id='word_1_157' title='bbox 695 2135 771 2197; x_wconf 81' lang='grc' dir='ltr'><strong><em>ἔθεε</em></strong></span> <span class='ocrx_word' id='word_1_158' title='bbox 786 2131 864 2208; x_wconf 80' lang='grc' dir='ltr'><strong><em>ἔξω·</em></strong></span> <span class='ocrx_word' id='word_1_159' title='bbox 887 2123 904 2196; x_wconf 83' lang='grc' dir='ltr'><strong>ὁ</strong></span> <span class='ocrx_word' id='word_1_160' title='bbox 926 2124 965 2194; x_wconf 71' lang='grc' dir='ltr'><strong><em>δὲ</em></strong></span> <span class='ocrx_word' id='word_1_161' title='bbox 984 2126 1091 2193; x_wconf 89' lang='grc' dir='ltr'><strong><em>ἐπείτε</em></strong></span> 
     </span>
     <span class='ocr_line' id='line_1_21' title="bbox 105 2222 1094 2317; baseline -0.004 -25"><span class='ocrx_word' id='word_1_162' title='bbox 105 2232 250 2306; x_wconf 80' lang='grc' dir='ltr'><strong><em>τοξεῦσαι</em></strong></span> <span class='ocrx_word' id='word_1_163' title='bbox 264 2222 327 2293; x_wconf 92' lang='grc' dir='ltr'><strong><em>ούκ</em></strong></span> <span class='ocrx_word' id='word_1_164' title='bbox 341 2223 421 2312; x_wconf 83' lang='grc' dir='ltr'><strong><em>εἶχε,</em></strong></span> <span class='ocrx_word' id='word_1_165' title='bbox 433 2227 613 2317; x_wconf 81' lang='grc' dir='ltr'><strong><em>ἐνετείλατο</em></strong></span> <span class='ocrx_word' id='word_1_166' title='bbox 629 2239 712 2294; x_wconf 76' lang='grc' dir='ltr'><strong><em>τοῖσι</em></strong></span> <span class='ocrx_word' id='word_1_167' title='bbox 728 2225 917 2313; x_wconf 80' lang='grc' dir='ltr'><strong><em>θεράπουσι</em></strong></span> <span class='ocrx_word' id='word_1_168' title='bbox 932 2222 1094 2310; x_wconf 84' lang='grc' dir='ltr'><strong><em>λαβόντας</em></strong></span> 
     </span>
     <span class='ocr_line' id='line_1_22' title="bbox 105 2317 1093 2407; baseline -0.002 -19"><span class='ocrx_word' id='word_1_169' title='bbox 105 2347 160 2388; x_wconf 88' lang='grc' dir='ltr'><strong><em>αιυ</em></strong></span> <span class='ocrx_word' id='word_1_170' title='bbox 173 2318 372 2390; x_wconf 81' lang='grc' dir='ltr'><strong><em>τἰτιοκτείναι.</em></strong></span> <span class='ocrx_word' id='word_1_171' title='bbox 397 2325 431 2390; x_wconf 83' lang='grc' dir='ltr'><strong><em>οί</em></strong></span> <span class='ocrx_word' id='word_1_172' title='bbox 443 2320 479 2389; x_wconf 80' lang='grc' dir='ltr'><strong><em>δέ</em></strong></span> <span class='ocrx_word' id='word_1_173' title='bbox 495 2321 702 2406; x_wconf 85' lang='grc' dir='ltr'><strong><em>θεράποντες</em></strong></span> <span class='ocrx_word' id='word_1_174' title='bbox 717 2321 927 2407; x_wconf 86' lang='grc' dir='ltr'><strong><em>ἐπιστάμενοι</em></strong></span> <span class='ocrx_word' id='word_1_175' title='bbox 940 2317 1001 2387; x_wconf 86' lang='grc' dir='ltr'><strong><em>τόν</em></strong></span> <span class='ocrx_word' id='word_1_176' title='bbox 1015 2317 1093 2406; x_wconf 89' lang='grc' dir='ltr'><strong><em>τρό-</em></strong></span> 
     </span>
     <span class='ocr_line' id='line_1_23' title="bbox 104 2415 1093 2509; baseline -0.001 -25"><span class='ocrx_word' id='word_1_177' title='bbox 104 2441 167 2484; x_wconf 87' lang='grc' dir='ltr'><strong><em>πον</em></strong></span> <span class='ocrx_word' id='word_1_178' title='bbox 184 2415 288 2485; x_wconf 79' lang='grc' dir='ltr'><strong><em>αὐτοῦ</em></strong></span> <span class='ocrx_word' id='word_1_179' title='bbox 310 2417 579 2504; x_wconf 86' lang='grc' dir='ltr'><strong><em>κατακρύπτουσι</em></strong></span> <span class='ocrx_word' id='word_1_180' title='bbox 598 2415 660 2485; x_wconf 85' lang='grc' dir='ltr'><strong><em>τόν</em></strong></span> <span class='ocrx_word' id='word_1_181' title='bbox 681 2425 843 2503; x_wconf 81' lang='grc' dir='ltr'><strong><em>Κροίσου,</em></strong></span> <span class='ocrx_word' id='word_1_182' title='bbox 867 2419 919 2486; x_wconf 76' lang='grc' dir='ltr'><strong><em>ἐπὶ</em></strong></span> <span class='ocrx_word' id='word_1_183' title='bbox 941 2421 1024 2509; x_wconf 77' lang='grc' dir='ltr'><strong><em>τῷδε</em></strong></span> <span class='ocrx_word' id='word_1_184' title='bbox 1048 2421 1093 2507; x_wconf 79' lang='grc' dir='ltr'><strong><em>τῷ</em></strong></span> 
     </span>
     <span class='ocr_line' id='line_1_24' title="bbox 105 2513 1093 2605; baseline -0.001 -23"><span class='ocrx_word' id='word_1_185' title='bbox 105 2513 187 2604; x_wconf 74' lang='grc' dir='ltr'><strong><em>λόγῳ</em></strong></span> <span class='ocrx_word' id='word_1_186' title='bbox 203 2513 301 2601; x_wconf 74' lang='grc' dir='ltr'><strong><em>ὥστε,</em></strong></span> <span class='ocrx_word' id='word_1_187' title='bbox 324 2519 355 2582; x_wconf 87' lang='grc' dir='ltr'><strong><em>εί</em></strong></span> <span class='ocrx_word' id='word_1_188' title='bbox 365 2516 428 2600; x_wconf 72' lang='grc' dir='ltr'><strong><em>μὲν</em></strong></span> <span class='ocrx_word' id='word_1_189' title='bbox 442 2513 658 2603; x_wconf 81' lang='grc' dir='ltr'><strong><em>μεταμελήσει</em></strong></span> <span class='ocrx_word' id='word_1_190' title='bbox 672 2520 717 2605; x_wconf 79' lang='grc' dir='ltr'><strong><em>τῷ</em></strong></span> <span class='ocrx_word' id='word_1_191' title='bbox 732 2513 896 2602; x_wconf 83' lang='grc' dir='ltr'><strong><em>Καμβύση</em></strong></span> <span class='ocrx_word' id='word_1_192' title='bbox 911 2517 965 2582; x_wconf 76' lang='grc' dir='ltr'><strong><em>καί</em></strong></span> <span class='ocrx_word' id='word_1_193' title='bbox 983 2517 1093 2600; x_wconf 78' lang='grc' dir='ltr'><strong><em>ἐπιζη-</em></strong></span> 
     </span>
     <span class='ocr_line' id='line_1_25' title="bbox 106 2604 1092 2700; baseline -0.001 -22"><span class='ocrx_word' id='word_1_194' title='bbox 106 2611 190 2698; x_wconf 83' lang='grc' dir='ltr'><strong><em>τήσει</em></strong></span> <span class='ocrx_word' id='word_1_195' title='bbox 203 2609 262 2679; x_wconf 85' lang='grc' dir='ltr'><strong><em>τόν</em></strong></span> <span class='ocrx_word' id='word_1_196' title='bbox 275 2619 440 2700; x_wconf 82' lang='grc' dir='ltr'><strong><em>Κροῖσον,</em></strong></span> <span class='ocrx_word' id='word_1_197' title='bbox 462 2617 496 2681; x_wconf 85' lang='grc' dir='ltr'><strong><em>οί</em></strong></span> <span class='ocrx_word' id='word_1_198' title='bbox 514 2610 551 2680; x_wconf 71' lang='grc' dir='ltr'><strong><em>δὲ</em></strong></span> <span class='ocrx_word' id='word_1_199' title='bbox 565 2612 769 2699; x_wconf 79' lang='grc' dir='ltr'><strong><em>ἐκφήναντες</em></strong></span> <span class='ocrx_word' id='word_1_200' title='bbox 785 2604 889 2677; x_wconf 87' lang='grc' dir='ltr'><strong><em>αύτόν</em></strong></span> <span class='ocrx_word' id='word_1_201' title='bbox 903 2613 993 2697; x_wconf 82' lang='grc' dir='ltr'><strong><em>δῶρα</em></strong></span> <span class='ocrx_word' id='word_1_202' title='bbox 1007 2610 1092 2696; x_wconf 88' lang='grc' dir='ltr'><strong><em>λάμ-</em></strong></span> 
     </span>
     <span class='ocr_line' id='line_1_26' title="bbox 106 2705 1093 2796; baseline -0.003 -20"><span class='ocrx_word' id='word_1_203' title='bbox 106 2721 217 2787; x_wconf 69' lang='grc' dir='ltr'><strong><em>ψονται</em></strong></span> <span class='ocrx_word' id='word_1_204' title='bbox 240 2710 385 2796; x_wconf 79' lang='grc' dir='ltr'><strong><em>ζωάγρια</em></strong></span> <span class='ocrx_word' id='word_1_205' title='bbox 398 2716 565 2796; x_wconf 84' lang='grc' dir='ltr'><strong><em>Κροίσου,</em></strong></span> <span class='ocrx_word' id='word_1_206' title='bbox 587 2705 631 2796; x_wconf 79' lang='grc' dir='ltr'><strong><em>ἦν</em></strong></span> <span class='ocrx_word' id='word_1_207' title='bbox 651 2711 687 2777; x_wconf 78' lang='grc' dir='ltr'><strong><em>δὲ</em></strong></span> <span class='ocrx_word' id='word_1_208' title='bbox 709 2705 753 2796; x_wconf 80' lang='grc' dir='ltr'><strong><em>μὴ</em></strong></span> <span class='ocrx_word' id='word_1_209' title='bbox 775 2708 989 2794; x_wconf 82' lang='grc' dir='ltr'><strong><em>μεταμέληται</em></strong></span> <span class='ocrx_word' id='word_1_210' title='bbox 1010 2706 1093 2793; x_wconf 65' lang='grc' dir='ltr'><strong><em>μηδὲ</em></strong></span> 
     </span>
     <span class='ocr_line' id='line_1_27' title="bbox 107 2801 1084 2897; baseline 0 -25"><span class='ocrx_word' id='word_1_211' title='bbox 107 2815 190 2897; x_wconf 80' lang='grc' dir='ltr'><strong><em>ποθῇ</em></strong></span> <span class='ocrx_word' id='word_1_212' title='bbox 206 2835 280 2894; x_wconf 88' lang='grc' dir='ltr'><strong><em>μιν,</em></strong></span> <span class='ocrx_word' id='word_1_213' title='bbox 301 2808 377 2876; x_wconf 91' lang='grc' dir='ltr'><strong><em>τότε</em></strong></span> <span class='ocrx_word' id='word_1_214' title='bbox 391 2815 629 2897; x_wconf 76' lang='grc' dir='ltr'><strong><em>καταχρᾶσθαι.</em></strong></span> <span class='ocrx_word' id='word_1_215' title='bbox 654 2808 803 2894; x_wconf 80' lang='grc' dir='ltr'><strong><em>ἐπόθησέ</em></strong></span> <span class='ocrx_word' id='word_1_216' title='bbox 815 2831 850 2874; x_wconf 86' lang='grc' dir='ltr'><strong><em>τε</em></strong></span> <span class='ocrx_word' id='word_1_217' title='bbox 865 2801 905 2892; x_wconf 80' lang='grc' dir='ltr'><strong><em>δή</em></strong></span> <span class='ocrx_word' id='word_1_218' title='bbox 921 2801 939 2873; x_wconf 85' lang='grc' dir='ltr'>ὁ</span> <span class='ocrx_word' id='word_1_219' title='bbox 954 2803 1084 2891; x_wconf 82' lang='grc' dir='ltr'><strong><em>Καμβύ</em></strong></span> 
     </span>
     <span class='ocr_line' id='line_1_28' title="bbox 109 2899 1093 2998; baseline -0.005 -28"><span class='ocrx_word' id='word_1_220' title='bbox 109 2924 162 2990; x_wconf 91' lang='grc' dir='ltr'><strong><em>σης</em></strong></span> <span class='ocrx_word' id='word_1_221' title='bbox 175 2904 233 2974; x_wconf 87' lang='grc' dir='ltr'><strong><em>τὸν</em></strong></span> <span class='ocrx_word' id='word_1_222' title='bbox 247 2914 393 2995; x_wconf 74' lang='grc' dir='ltr'><strong><em>Κροῖσον</em></strong></span> <span class='ocrx_word' id='word_1_223' title='bbox 414 2905 455 2974; x_wconf 87' lang='grc' dir='ltr'><strong><em>ού</em></strong></span> <span class='ocrx_word' id='word_1_224' title='bbox 476 2913 588 2998; x_wconf 76' lang='grc' dir='ltr'><strong><em>πολλῷ</em></strong></span> <span class='ocrx_word' id='word_1_225' title='bbox 603 2908 791 2994; x_wconf 85' lang='grc' dir='ltr'><strong><em>μετέπειτεν</em></strong></span> <span class='ocrx_word' id='word_1_226' title='bbox 811 2903 920 2993; x_wconf 76' lang='grc' dir='ltr'><strong><em>χρόνῳ</em></strong></span> <span class='ocrx_word' id='word_1_227' title='bbox 941 2899 1093 2987; x_wconf 77' lang='grc' dir='ltr'><strong><em>ὕστερον,</em></strong></span> 
     </span>
     <span class='ocr_line' id='line_1_29' title="bbox 109 2997 1093 3094; baseline -0.004 -24"><span class='ocrx_word' id='word_1_228' title='bbox 109 3005 208 3072; x_wconf 78' lang='grc' dir='ltr'><strong><em>καλοί</em></strong></span> <span class='ocrx_word' id='word_1_229' title='bbox 227 3005 434 3093; x_wconf 88' lang='grc' dir='ltr'><strong><em>θεράποντες</em></strong></span> <span class='ocrx_word' id='word_1_230' title='bbox 457 3007 624 3094; x_wconf 86' lang='grc' dir='ltr'><strong><em>μαθόντες</em></strong></span> <span class='ocrx_word' id='word_1_231' title='bbox 642 2997 740 3074; x_wconf 78' lang='grc' dir='ltr'><strong><em>τοῦτο</em></strong></span> <span class='ocrx_word' id='word_1_232' title='bbox 764 2999 971 3090; x_wconf 75' lang='grc' dir='ltr'><strong><em>ἐπήγγελλον</em></strong></span> <span class='ocrx_word' id='word_1_233' title='bbox 994 2998 1093 3089; x_wconf 76' lang='grc' dir='ltr'><strong><em>αύτῷ,</em></strong></span> 
     </span>
     <span class='ocr_line' id='line_1_30' title="bbox 110 3093 1093 3192; baseline 0.001 -29"><span class='ocrx_word' id='word_1_234' title='bbox 110 3093 150 3176; x_wconf 76' lang='grc' dir='ltr'><strong><em>ὥς</em></strong></span> <span class='ocrx_word' id='word_1_235' title='bbox 162 3109 294 3189; x_wconf 86' lang='grc' dir='ltr'><strong><em>περιείη.</em></strong></span> <span class='ocrx_word' id='word_1_236' title='bbox 335 3104 518 3191; x_wconf 86' lang='grc' dir='ltr'><strong><em>Καμβύσης</em></strong></span> <span class='ocrx_word' id='word_1_237' title='bbox 534 3104 571 3171; x_wconf 79' lang='grc' dir='ltr'><strong><em>δέ</em></strong></span> <span class='ocrx_word' id='word_1_238' title='bbox 584 3109 717 3192; x_wconf 78' lang='grc' dir='ltr'><strong><em>Κροίσῳ</em></strong></span> <span class='ocrx_word' id='word_1_239' title='bbox 729 3102 793 3189; x_wconf 76' lang='grc' dir='ltr'><strong><em>μὲν</em></strong></span> <span class='ocrx_word' id='word_1_240' title='bbox 808 3099 1014 3186; x_wconf 87' lang='grc' dir='ltr'><strong><em>συνήδεσθαι</em></strong></span> <span class='ocrx_word' id='word_1_241' title='bbox 1030 3103 1093 3186; x_wconf 89' lang='grc' dir='ltr'><strong><em>ἐφη</em></strong></span> 
     </span>
     <span class='ocr_line' id='line_1_31' title="bbox 111 3191 1095 3288; baseline -0.002 -23"><span class='ocrx_word' id='word_1_242' title='bbox 111 3197 281 3286; x_wconf 79' lang='grc' dir='ltr'><strong><em>περιεόντι,</em></strong></span> <span class='ocrx_word' id='word_1_243' title='bbox 304 3201 452 3278; x_wconf 80' lang='grc' dir='ltr'><strong><em>ἐκείνους</em></strong></span> <span class='ocrx_word' id='word_1_244' title='bbox 465 3202 579 3288; x_wconf 80' lang='grc' dir='ltr'><strong><em>μέντοι</em></strong></span> <span class='ocrx_word' id='word_1_245' title='bbox 592 3198 671 3278; x_wconf 85' lang='grc' dir='ltr'><strong><em>τούς</em></strong></span> <span class='ocrx_word' id='word_1_246' title='bbox 685 3197 964 3286; x_wconf 86' lang='grc' dir='ltr'><strong><em>περιποιήσαντας</em></strong></span> <span class='ocrx_word' id='word_1_247' title='bbox 979 3191 1020 3262; x_wconf 89' lang='grc' dir='ltr'><strong><em>ού</em></strong></span> <span class='ocrx_word' id='word_1_248' title='bbox 1034 3221 1095 3263; x_wconf 89' lang='grc' dir='ltr'><strong><em>κα-</em></strong></span> 
     </span>
     <span class='ocr_line' id='line_1_32' title="bbox 113 3289 1140 3384; baseline -0.005 -17"><span class='ocrx_word' id='word_1_249' title='bbox 113 3299 348 3384; x_wconf 66' lang='grc' dir='ltr'><strong><em>ταπροΐξεσθαι,</em></strong></span> <span class='ocrx_word' id='word_1_250' title='bbox 363 3295 437 3366; x_wconf 74' lang='grc' dir='ltr'><strong><em>ἀλλ’</em></strong></span> <span class='ocrx_word' id='word_1_251' title='bbox 450 3295 680 3367; x_wconf 88' lang='grc' dir='ltr'><strong><em>άποκτενέειυ·</em></strong></span> <span class='ocrx_word' id='word_1_252' title='bbox 703 3298 757 3363; x_wconf 78' lang='grc' dir='ltr'><strong><em>καὶ</em></strong></span> <span class='ocrx_word' id='word_1_253' title='bbox 773 3297 905 3380; x_wconf 88' lang='grc' dir='ltr'><strong><em>ἐποίησε</em></strong></span> <span class='ocrx_word' id='word_1_254' title='bbox 919 3299 1030 3362; x_wconf 86' lang='grc' dir='ltr'><strong><em>ταῦτα.</em></strong></span> <span class='ocrx_word' id='word_1_255' title='bbox 1057 3289 1093 3363; x_wconf 84' lang='lat'><strong><em>‘0</em></strong></span> <span class='ocrx_word' id='word_1_256' title='bbox 1106 3305 1140 3362; x_wconf 83' lang='grc'><strong><em>37</em></strong></span> 
     </span>
     <span class='ocr_line' id='line_1_33' title="bbox 114 3390 1095 3482; baseline -0.006 -19"><span class='ocrx_word' id='word_1_257' title='bbox 114 3393 165 3476; x_wconf 66' lang='grc' dir='ltr'><strong><em>μέν</em></strong></span> <span class='ocrx_word' id='word_1_258' title='bbox 177 3394 215 3482; x_wconf 80' lang='grc' dir='ltr'><strong><em>δή</em></strong></span> <span class='ocrx_word' id='word_1_259' title='bbox 228 3404 366 3466; x_wconf 80' lang='grc' dir='ltr'><strong><em>τοιαῦτα</em></strong></span> <span class='ocrx_word' id='word_1_260' title='bbox 381 3395 488 3465; x_wconf 78' lang='grc' dir='ltr'><strong><em>πολλὰ</em></strong></span> <span class='ocrx_word' id='word_1_261' title='bbox 506 3401 538 3478; x_wconf 85' lang='grc' dir='ltr'><strong><em>ἐς</em></strong></span> <span class='ocrx_word' id='word_1_262' title='bbox 548 3401 680 3480; x_wconf 85' lang='grc' dir='ltr'><strong><em>Πέρσας</em></strong></span> <span class='ocrx_word' id='word_1_263' title='bbox 693 3421 728 3463; x_wconf 89' lang='grc' dir='ltr'><strong><em>τε</em></strong></span> <span class='ocrx_word' id='word_1_264' title='bbox 744 3395 798 3460; x_wconf 82' lang='grc' dir='ltr'><strong><em>καὶ</em></strong></span> <span class='ocrx_word' id='word_1_265' title='bbox 813 3390 891 3468; x_wconf 82' lang='grc' dir='ltr'><strong><em>τούς</em></strong></span> <span class='ocrx_word' id='word_1_266' title='bbox 906 3392 1095 3477; x_wconf 87' lang='grc' dir='ltr'><strong><em>συμμάχους</em></strong></span> 
     </span>
    </p>
   </div>
   <div class='ocr_carea' id='block_1_4' title="bbox 0 0 1255 3925">
    <p class='ocr_par' dir='ltr' id='par_1_4' title="bbox 0 0 1255 3925">
     <span class='ocr_line' id='line_1_34' title="bbox 0 0 1255 3925; baseline 0 0"><span class='ocrx_word' id='word_1_267' title='bbox 0 0 1255 3925; x_wconf 95' lang='lat' dir='ltr'><strong><em> </em></strong></span> 
     </span>
    </p>
   </div>
  </div>
 </body>
</html>
