2500 3925
280 254 291 272 .
352 221 438 278 LIB.
469 221 527 279 m
560 219 659 278 GAP.
692 229 833 284 40-46.
1034 222 1095 286 145

86 388 217 453 Καϊκου
231 379 450 468 ὁρμεόμευος,
466 378 581 465 Κάνης
591 371 695 466 οὖρος
706 385 791 466 έχων
801 383 840 450 ἐν
854 380 1022 475 ἀριστερῇ,
1038 388 1094 457 διὰ

86 487 147 548 τοῦ
157 477 330 564 Ἀταρνέος
343 480 377 556 ἐς
383 472 672 578 Καρήνηνιπόλιν,
688 474 753 546 ἀπὸ
771 480 807 549 δέ
818 482 941 569 ταύτης
956 483 1011 554 διά
1023 485 1094 573 Θή-

85 587 148 666 βης
161 583 280 646 πεδίου
294 574 491 661 ἐπορεύετο,
509 571 765 662 Ἀτραμύττειόν
781 602 817 646 τε
831 580 932 650 πόλιν
945 583 1002 650 καὶ
1012 580 1095 650 Ἀν-

85 679 233 764 τανδρου
251 671 314 763 τήν
333 677 525 760 Πελασγίδα
541 674 846 760 παραμειβόμενος·
868 674 930 764 τὴν
942 677 1038 767 Ἴδην
1059 683 1094 748 δὲ

85 772 201 864 λαβάν
219 778 253 854 ές
269 772 451 861 ἀριστερὴν
469 788 563 860 χεῖρα
582 771 636 859 ἤιε
655 775 689 852 ές
708 771 770 861 τὴν
795 773 916 847 Ἰλιάδα
937 788 1011 868 γῆν.
1039 786 1095 851 καὶ

85 880 201 961 πρῶτα
214 875 277 959 μέν
291 877 326 941 οἱ
337 870 404 941 ὑπὸ
418 871 536 962 τῇἼδη
549 872 658 940 νύκτα
671 869 888 960 ἀναμείναντι
904 885 1046 966 βρονταί
1059 906 1095 948 τε

85 974 142 1040 καί
154 978 341 1059 πρηστῆρες
354 974 608 1056 ἐπεσπίπτουσι,
625 977 685 1039 καί
695 996 770 1038 τινα
788 971 897 1042 αὐτοῦ
908 979 1012 1066 ταύτη
1031 997 1095 1045 συ-

84 1065 168 1159 χνόν
179 1067 298 1154 ὅμιλον
308 1073 517 1156 διέφθειραν.
534 1066 755 1155 Ἀπικομένου
766 1069 802 1139 δέ
813 1078 874 1140 τοῦ
885 1082 1029 1161 στρατοῦ
1041 1077 1094 1144 ἐπὶ
1108 1091 1144 1148 4³

85 1165 146 1237 τόν
160 1167 403 1255 Σκάμανδρον,
417 1167 457 1252 ὃς
472 1174 604 1255 πρῶτος
621 1174 797 1256 ποταμοῖν,
821 1171 929 1240 ἐπείτε
950 1175 986 1242 ἐκ
999 1181 1095 1261 Σαρ-

85 1273 170 1336 δίων
186 1263 391 1353 ὁρμηθέντες
410 1269 627 1353 έπεχείρησαν
647 1272 687 1355 τῇ
704 1264 789 1358 ὁδῷ,
811 1269 944 1338 ἐπέλιπε
964 1267 1001 1339 τό
1022 1274 1095 1356 βέε-

85 1376 176 1454 θρον
191 1360 266 1432 οὐδ’
280 1359 446 1452 ἀπέχρησε
459 1370 500 1453 τῇ
514 1371 651 1453 στρατιῇ
665 1389 701 1434 τε
717 1368 772 1434 καί
787 1380 872 1436 τοῖσι
888 1369 1024 1457 κτήνεσι
1038 1393 1096 1436 πι-

87 1462 246 1549 νόμενος,
262 1462 315 1530 ἐπὶ
330 1468 453 1530 τοῦτον
467 1459 582 1549 δητδν
592 1458 745 1550 ποταμόν
756 1460 801 1543 ὡς
815 1460 949 1534 ἀπίκετο
961 1467 1094 1553 Ξέρξης,

86 1566 121 1640 ἐς
135 1560 172 1628 τό
184 1561 343 1649 Πριάμου
352 1564 534 1649 Πέργαμον
543 1560 648 1650 ἀνέβη
659 1565 778 1650 ἵμερον
788 1568 874 1650 έχων
886 1565 1093 1652 θηήσασθαι.

87 1656 303 1749 θηησάμενος
318 1665 356 1730 δέ
369 1665 425 1732 καί
439 1663 636 1748 πυθόμενος
653 1665 792 1732 ἐκείνων
807 1666 929 1733 ἕκαστα
943 1670 983 1754 τῇ
993 1660 1096 1749 Ἀθη·

87 1771 166 1851 ναίη
179 1769 220 1850 τῇ
230 1758 343 1831 Ἰλιάδι
358 1767 463 1833 ἀθνσε
476 1769 559 1850 βοῦς
572 1769 696 1849 χιλίας,
710 1761 791 1849 χοάς
802 1765 839 1831 δὲ
850 1767 885 1832 οί
896 1764 998 1850 μάγοι
1010 1775 1095 1830 τοῖσι

88 1861 194 1950 ἥρωσι
208 1861 351 1947 ἐχέαντο.
374 1867 479 1930 ταῦτα
490 1862 527 1930 δέ
537 1864 793 1948 ποιησαμένοισι
808 1857 931 1939 νυκτὸς
945 1859 1053 1948 φόβος
1063 1861 1097 1939 ἐς

90 1958 126 2030 τό
138 1958 365 2047 στρατόπεδον
377 1962 519 2030 ἐνέπεσε.
536 1958 606 2048 ἅμα
616 1958 724 2051 ἡμέρη
736 1960 772 2029 δὲ
783 1959 960 2044 ἐπορεύετο
973 1960 1096 2027 ἐνθεῦ-

88 2084 156 2145 τεν,
172 2059 209 2126 έν
220 2054 378 2148 ἀριστερῇ
387 2060 451 2146 μὲν
461 2054 618 2146 ἀπέργων
625 2058 781 2129 Ῥοίτειον
792 2058 893 2127 πόλιν
904 2060 959 2125 καὶ
969 2053 1096 2143 Ὀφρύ-

89 2183 183 2227 νειον
196 2159 252 2226 καὶ
266 2158 467 2245 Δάρδανον,
497 2154 583 2247 ἥπερ
602 2156 644 2245 δη
657 2156 786 2250 Ἀβύδῳ
800 2153 949 2244 όμουρός
963 2156 1043 2241 ἐστι,
1058 2155 1094 2221 ἐν

88 2260 180 2344 δεξιῇ
194 2257 232 2326 δέ
246 2257 414 2343 Γέργιθας
432 2258 612 2344 Τευκρούς.

168 2353 256 2426 Ἐπεὶ
266 2351 297 2424 δ’
310 2358 466 2442 έγίνοντο
478 2358 515 2423 έν
526 2353 667 2448 Ἀβύδῳ,
678 2353 824 2443 ἠθέλησε
830 2359 952 2442 Ξέρξης
963 2359 1095 2423 ἰδέσθαι
1110 2370 1145 2422 ελ

89 2469 198 2523 πάντα
211 2451 273 2521 τόν
286 2454 440 2540 στρατόν.
462 2456 519 2521 καί
532 2459 778 2539 προεπεποίητο
793 2449 859 2539 γάρ
876 2454 927 2519 ἐπὶ
943 2457 1096 2519 κολωνοῦ

89 2557 238 2641 ἐπίτηδες
249 2549 355 2621 αὐτοῦ
365 2554 470 2642 ταύτῃ
481 2557 665 2642 προεξέδρη
677 2561 780 2623 λίθον
790 2558 915 2622 λευκοῦ
929 2554 1097 2638 ’ἐποίησαν

89 2662 127 2731 δέ
137 2654 314 2745 Ἀβυδηνοὶ
327 2657 561 2742 ἐντειλαμένου
575 2655 742 2742 πρότερον
754 2655 917 2741 βασιλέος·
948 2655 1096 2731 ένθαύτα

90 2756 134 2835 ὃς
147 2753 419 2842 ίζετομιατορέων
434 2755 487 2822 ἐπὶ
502 2761 560 2841 τῆς
573 2752 690 2841 ἠιόνος
706 2748 839 2838 έθηέετο
853 2754 909 2821 καὶ
923 2748 984 2821 τόν
997 2747 1097 2832 πεζόν

88 2852 144 2922 καί
153 2850 213 2933 τάς
223 2854 310 2930 νέας.
324 2848 515 2937 θηεύμενος
526 2853 564 2919 δέ
574 2853 698 2938 ίμίρθη
709 2856 777 2919 των
789 2855 878 2919 νεῶν
888 2847 1032 2936 ἀμιλλαν
1044 2873 1098 2933 γι-

88 2954 235 3040 νομένην
247 2956 388 3021 ίδέσθαι.
411 2954 482 3021 ἐπεὶ
496 2949 529 3020 δ’
546 2950 679 3039 ἐγένετό
689 2978 725 3021 τε
739 2954 793 3021 καὶ
805 2951 934 3019 ένίκεον
943 2956 1098 3025 Φοίνικες

89 3051 262 3137 Σιδόνιοι,
279 3048 370 3137 ἥσθη
385 3076 420 3119 τε
430 3057 470 3140 τῇ
480 3048 602 3140 άμίλλη
612 3054 667 3119 καλ
678 3058 718 3141 τῇ
729 3057 873 3139 στρατιῇ.
901 3047 960 3128 Ὡς
974 3047 1010 3116 δὲ
1026 3044 1096 3133 ἀρα
1111 3058 1148 3113 4ο

89 3150 199 3219 πάντα
213 3148 276 3234 μέν
289 3145 349 3215 τὸν
355 3146 600 3238 Ἑλλήσποντον
613 3147 680 3219 ὑπὸ
695 3157 764 3219 τῶν
780 3155 869 3217 νεῶν
884 3145 1100 3234 ἀποκεκρυμ-

89 3252 210 3340 μένον,
228 3246 337 3325 πάσας
350 3250 387 3315 δέ
399 3245 459 3327 τάς
474 3244 578 3333 άκτάς
591 3253 648 3318 καί
660 3246 701 3317 τά
712 3246 908 3337 Ἀβυδηνῶν
917 3249 1015 3317 πεδία
1026 3248 1100 3315 ἐπί-

88 3356 174 3417 πλεα
185 3344 392 3433 ἀνθρώπων,
404 3348 554 3416 ένθαύτα
563 3350 688 3435 Ξέρξης
699 3343 827 3415 ἑωυτόν
838 3342 1026 3431 ἐμακάρισε,
1038 3368 1099 3430 με·

91 3444 130 3514 τά
148 3445 185 3514 δὲ
198 3449 298 3513 τοῦτο
313 3444 486 3532 ἐδάκρυσε.
509 3443 648 3515 Μαθάν
665 3448 704 3515 δέ
715 3470 774 3533 μιν
787 3441 988 3531 Ἀρτάβανος
999 3439 1018 3511 ό
1031 3440 1097 3509 πά·-
1110 3449 1145 3503 4ο

175 3556 275 3595 mou.
298 3540 331 3597 11.
927 3543 960 3596 10
