2500 3925
413 274 499 331 LIB.
532 274 567 329 V.
602 273 702 330 GAP.
734 281 801 333 2-
815 282 842 334 9
1088 275 1110 336 3

100 441 294 533 παρθένους
312 464 353 505 ου
342 432 600 523 ’φυλάσσουσι,
619 427 694 500 ἀλλ’
712 433 789 500 ἐῶσι
811 446 894 500 τοῖσι
912 431 1009 504 αύταλ
1024 437 1111 524 βού-

100 545 216 606 λονται
242 523 385 622 ἀνδράσι
409 537 598 618 μίσγεσθαι.
635 526 694 608 τάς
719 533 755 598 δὲ
778 545 940 618 γυναῖκας
965 539 1109 652 ἰσχυρῶς

101 632 330 720 φυλάσσουσι,
354 658 409 698 και
398 626 588 696 ὠνέονται
609 624 669 706 τδς
682 640 845 714 γυναῖκας
860 628 951 717 παρὰ
965 640 1033 700 τῶν
1047 659 1109 719 γο-

100 735 188 799 νέων
201 730 380 819 χρημάτων
396 726 559 814 μεγάλων.
595 724 701 794 καλ
667 751 704 793 το
726 729 789 813 μὲν
809 727 1010 814 έστίχθαι’
974 733 1108 817 ευγενὲς

100 831 265 913 κέκριται,
285 823 369 894 τὸδ’
388 822 544 892 αστικτον
555 819 720 909 αγενές
702 850 809 911 αργον
821 823 906 894 εἶναι
916 827 1106 915 καλλιστον,

99 931 160 1010 γῆς
176 925 213 993 δὲ
228 919 407 1026 έργάτην’
388 922 596 1008 ατιμότατον.
626 918 664 990 τὸ
686 921 821 1004 ξόαν’
802 922 868 992 απδ
883 930 1032 1013 πολέμου
1052 931 1108 995 καλ

102 1013 266 1146 ληιστύος
273 1022 460 1090 κάλλιστον
492 1011 596 1087 Οὗτοι
610 1023 672 1107 μέν
683 1040 797 1107 σφεων
808 1027 842 1090 ολ
852 1026 1106 1125 έπιφανέστατοι

100 1122 199 1207 νόμοι
215 1128 286 1191 εἰσί.

185 1221 292 1300 Θεούς
307 1223 343 1290 δὲ
359 1224 513 1309 σέβονται
527 1221 678 1308 μούνους
692 1224 829 1312 τούσδε,
840 1223 942 1313 ’Ἁρεα
955 1229 1010 1295 καὶ
1020 1227 1106 1295 Διό·
1121 1241 1137 1297 λ

99 1341 209 1388 νυσου
224 1317 298 1387 καὶ
297 1317 461 1405 Ἄρτεμιν·
491 1323 523 1387 ολ
543 1321 579 1387 δὲ
598 1323 749 1408 βασιλέες
769 1318 898 1410 αὐτῶν,
920 1323 1023 1410 πάρεξ
1037 1331 1106 1392 τῶν

99 1417 215 1498 ἄλλων
232 1419 432 1505 πολιητέων,
449 1417 602 1502 σέβονται
611 1413 750 1502 Ἑρμέην
763 1429 905 1505 μαλιστα
919 1428 1030 1509 θεῶν,
1050 1427 1106 1490 καὶ

100 1513 265 1603 ὀμνύουσι
288 1523 418 1601 μοῦνον
441 1523 578 1599 τοῦτον,
607 1519 662 1583 καλ
682 1520 817 1603 λέγουσι
839 1523 1015 1605 γεγονέναι
1039 1516 1103 1588 άτδ

99 1615 220 1700 Ερμέω
236 1612 390 1691 ἑωυτούς.
439 1615 547 1699 Ταφαλ
569 1615 605 1680 δὲ
625 1627 711 1680 τοῖσι
726 1611 899 1701 εὐδαίμοσι
916 1615 1030 1685 αὐτῶν
1044 1623 1137 1687 εἰσλδ

100 1714 189 1779 αἵδε·
211 1724 299 1794 τρεῖς
308 1712 371 1798 μέν
380 1709 506 1800 ἡμέρας
522 1719 708 1797 προτνθετσι
724 1709 785 1778 τὸν
795 1710 936 1802 νεκρδυ,
952 1719 1007 1784 καὶ
1018 1741 1105 1784 παν-

99 1823 172 1878 τοῖα
188 1809 374 1897 σφάξαντες
391 1811 483 1898 ἱρήια
495 1809 711 1898 εὐωχέονται,
726 1813 998 1897 προκλαύσαντες
1012 1825 1105 1901 πρῶ-

98 1934 174 1977 τον·
205 1913 334 1979 ἔπειτεν
354 1910 390 1980 δὲ
413 1912 583 1980 θάπτουσι
604 1909 873 1991 κατακαύσαντες
892 1908 916 2000 ἢ
937 1911 1046 1994 άλλως
1061 1923 1104 2003 γῇ

100 2006 304 2097 κρύψαντες,
332 2017 424 2097 χῶμα
447 2012 482 2077 δὲ
501 2014 635 2096 χέαντες
655 2006 769 2095 ἀγῶνα
789 2021 911 2079 τιθεῖσι
931 2027 1103 2099 παντοῖον,

100 2109 137 2174 έν
157 2113 203 2198 τῷ
222 2105 263 2175 τά
283 2112 419 2193 μέγιστα
436 2106 543 2177 ύεθλα
559 2114 689 2175 τίθεται
710 2107 793 2175 κατὰ
809 2108 913 2196 λόγον
929 2138 1104 2200 μουνομα-

98 2215 179 2294 χίης.
202 2211 304 2295 ταφαὶ
318 2209 380 2295 μὲν
395 2207 434 2295 δὴ
453 2215 609 2296 Θρηίκων
625 2210 688 2276 εἰσὶ
703 2211 784 2276 αἵδε.

186 2306 230 2375 T&
247 2310 283 2375 δέ
300 2306 383 2393 πρὸς
400 2313 508 2397 βορέω
523 2314 570 2377 ἔτι
583 2314 642 2393 τῆς
655 2308 764 2394 χώρης
778 2306 901 2394 ταύτης
915 2308 1025 2392 οὐδεὶς
1040 2320 1104 2400 ἔχει
1119 2319 1138 2376 9

99 2406 228 2497 φράσαι
241 2406 278 2475 τὸ
295 2406 446 2496 ἀτρεκὲς,
468 2411 587 2486 οἵτινές
609 2414 672 2476 εἰσι
689 2406 884 2496 ἀνθρώπων
914 2415 948 2479 οἱ
975 2416 1105 2483 οδκέον·

99 2533 152 2587 τες
168 2506 289 2595 αὐτὴν,
311 2506 393 2578 ἀλλὰ
410 2507 449 2576 τδι
466 2511 572 2597 πέρην
585 2504 650 2594 ἤδη
664 2506 865 2595 τοῦἼστρου
879 2511 999 2597 έρῆμος
1012 2513 1104 2600 χάρη

100 2613 254 2693 φαίνεται
270 2607 371 2673 έοῦσα
392 2610 447 2674 καὶ
464 2604 600 2693 ἄπορος.
638 2605 790 2690 μούνους
811 2608 847 2673 δὲ
869 2608 1014 2694 δύναμαι
1036 2636 1104 2679 πυ-

98 2704 224 2771 θέσθαι
240 2703 409 2783 οἰκέοντας
429 2708 536 2791 πέρην
555 2710 616 2771 τοῦ
628 2702 763 2789 Ἴστρον
777 2701 997 2831 ἀνθρώπους,
1019 2723 1103 2777 τοῖσι

99 2798 229 2887 ούνομα
245 2798 330 2869 εἶναι
344 2804 534 2891 Σιγύννας,
558 2806 674 2888 έσθητι
690 2803 727 2871 δε
739 2809 941 2925 χρεομένους
955 2814 1103 2899 Μηδικῇ

98 2895 178 2976 τούς
193 2896 261 2965 δδ“
246 2922 369 2979 ιππους
383 2897 495 2968 αὐτῶν
512 2898 596 2969 εἶναι
612 2899 787 2979 λασέονς’
764 2926 854 2969 απαν
869 2900 907 2970 τὸ
926 2912 1036 2990 σωμα,
1052 2909 1104 2973 έπι

99 2998 162 3063 πει
163 3021 197 3063 τε
212 2996 446 3078 δακτύλους
413 3024 449 3067 το
466 3000 575 3087 βάθος
587 3025 656 3066 των
669 3006 802 3087 τριχῶν,
819 2998 982 3089 σμικρούς
996 3004 1034 3069 δέ
1048 3006 1102 3070 καὶ

100 3090 219 3179 σιμοὺς
234 3121 291 3164 και
279 3092 494 3177 ἀδυνάτους
508 3096 635 3185 ἄνδρας
650 3100 782 3185 φέρειν,
805 3102 1050 3184 ζευγνυμένους
1068 3103 1104 3168 δέ

100 3192 159 3263 ὑπ’
186 3192 316 3283 ἅρματα
343 3196 427 3265 εἶναι
449 3197 645 3279 ὀξυτάτους·
678 3194 940 3285 ἁρματηλατέειν
961 3197 998 3264 δὲ
1020 3196 1104 3279 πρὸς

98 3322 203 3367 ταυτα
213 3325 293 3379 τους
304 3302 509 3389 ἐπιχωρίους
532 3327 690 3388 κατηκειν
701 3299 737 3367 δέ
747 3325 878 3367 τουτων
891 3326 970 3378 τους
980 3325 1104 3385 ονρους

98 3393 204 3482 ιἰγχου
189 3394 355 3465 Ἐνετων
369 3425 437 3467 των
449 3401 486 3468 έν
500 3425 546 3467 τω
532 3396 679 3487 Ἀδρίη
702 3396 786 3469 εἶναι
801 3400 837 3467 δὲ
853 3398 986 3519 Μήδων
1000 3404 1104 3486 σφέας

98 3491 262 3571 ἀποίκους
282 3495 478 3583 λέγουσι·”
458 3524 545 3577 οκως
562 3498 598 3566 δέ
622 3490 717 3591 οὗτοι
736 3496 912 3586 Μήδων”
889 3523 1021 3652 ατὶοχκοι
1046 3524 1103 3585 γε·
