2500 3925
159 226 222 290 194
548 226 788 284 flnnonowl

162 403 200 470 ἐν
214 408 382 488 Σαλαμῖνι
393 391 642 485 τοῦςἝλληνας
654 393 715 465 τόν
727 394 874 485 Πέρσην.
891 395 952 465 τόν
965 396 1004 466 δδ
1013 394 1178 484 Ἀμίλκαν

161 499 394 589 Καρχηδόνιον
408 498 508 569 ἐόντα
519 495 605 587 πρός
621 494 759 585 πατρός,
776 494 945 585 μητρόθεν
958 497 996 566 δὲ
1014 499 1177 588 Συρηκό-

163 622 247 688 σιον,
264 597 510 689 βασιλεῦσαντά
525 623 562 666 τε
577 591 652 665 κατ’
667 594 903 684 ἀνδραγαθίην
915 602 1177 687 Καρχηδονίων,

162 700 208 783 ῦς
220 700 242 789 ἡ
255 700 405 790 συμβολή
416 726 453 769 τε
471 702 599 784 ἐγίνετο
615 698 674 765 καί
688 694 734 778 ῦς
748 699 888 767 ἑσσοῦτο
901 704 944 788 τῇ
961 698 1063 789 μάχη,
1082 696 1176 786 ἀφα-

161 808 319 889 νισθῆναι
340 799 571 887 πυνθάνομαι·
596 796 677 867 οῦτε
700 797 765 887 γάρ
788 798 911 881 ζάοντα
933 799 1013 869 οῦτε
1037 796 1180 869 ἀποθα-

161 901 267 972 νόντα
279 906 429 990 φανῆναι
441 894 594 987 οῦδαμοῦ
608 903 687 985 γῆς·
706 897 743 966 τῦ
754 902 822 967 πᾶν
834 898 900 987 γάρ
916 902 1113 982 ἐπεξελθεῖν
1123 906 1177 969 δι-

96 1020 145 1075 167
161 1002 302 1091 ξάμενον
314 1002 461 1073 Γέλωνα.
486 997 578 1070 Ἐστι
596 999 635 1068 δέ
646 995 709 1067 ἀπ’
725 998 840 1069 αῦτῦν
853 1006 1100 1088 Καρχηδονίων
1120 1000 1182 1071 ὅδε

161 1097 180 1172 ό
195 1101 294 1189 λόγος
306 1102 497 1189 λεγόμενος,
515 1099 621 1169 οίκότι
636 1102 838 1188 χρεομένων,
858 1099 903 1180 ῦς
916 1106 951 1169 οί
961 1100 1023 1189 μὲν
1040 1101 1180 1191 βάρβα-

162 1230 214 1292 ροι
230 1200 455 1288 commanos
473 1203 510 1269 ἐν
527 1206 569 1290 τῇ
584 1206 726 1291 Σικελίη
745 1200 905 1289 ἐμάχοντο
924 1204 956 1283 ἐξ
970 1200 1054 1289 ἠοῦς
1068 1200 1181 1292 ἀρξά-

161 1330 255 1391 μενοι
266 1304 361 1392 μέχρι
374 1306 484 1390 δείλης
498 1298 597 1387 ὀψίης
610 1316 619 1334 ·
630 1300 684 1369 ἐπὶ
696 1306 837 1371 τοσοῦτο
850 1300 914 1389 γάρ
928 1303 1059 1388 λέγεται
1073 1302 1181 1371 έλκά-

161 1424 215 1472 σαι
231 1402 293 1491 τὴν
315 1402 490 1472 σῦστασιν·
516 1399 534 1469 ὁ
560 1400 598 1469 δδ
611 1399 766 1489 Ἀμίλκας
793 1404 830 1471 ἐν
853 1401 960 1493 τοῦτφ
985 1406 1032 1493 τῷ
1060 1403 1181 1495 χρόνῳ
1246 1485 1247 1488 ¹

162 1506 274 1592 μένων
288 1507 325 1572 έν
336 1509 385 1594 τῷ
394 1502 605 1593 στρατοπέδφ
620 1503 823 1592 ἐκαλλιρέετο
837 1502 892 1571 ἐπὶ
905 1508 1014 1591 πυρῆς
1026 1503 1183 1591 μεγάλης

163 1601 383 1692 σάματατόλα
401 1609 601 1690 καταγίζων,
628 1599 713 1671 ίδιδν
736 1602 775 1671 δὲ
797 1602 926 1693 τροπὴν
948 1605 1017 1673 νῦν
1044 1606 1182 1673 ἑωυτοῦ
1249 1653 1250 1678 ;

161 1706 352 1792 γινομένην,
369 1698 415 1783 ῦς
433 1708 529 1791 ἐτυχε
547 1704 757 1772 ἐπισπένδων
773 1718 858 1773 τοῖσι
877 1708 987 1793 ίροίσι,
1006 1696 1072 1773 εἷσε
1089 1706 1181 1774 ἑωυ-

162 1804 223 1874 τόν
247 1808 280 1885 ές
303 1803 341 1873 τό
365 1806 449 1890 πῦρ·
474 1800 563 1872 οῦτω
587 1794 630 1890 δὴ
653 1804 909 1874 κατακαυθέντα
933 1802 1180 1893 ἀφανισθῆναι

162 1902 381 1995 ἀφανισθέντι
398 1904 437 1973 δέ
450 1901 588 1994 Ἀμίλκᾳ
604 1903 717 2000 τρόπῳ
735 1916 801 1976 είτε
817 1904 967 1999 τοιοότςο,
987 1903 1032 1987 ἀς
1053 1913 1181 1977 Φοίνι-

162 2035 217 2088 κες
234 2009 387 2094 λέγουσι,
412 2016 479 2075 εἴτε
497 2009 615 2097 ἑτέρω,
641 2004 686 2086 ῦς
703 2007 926 2096 Συρηκόσιοι,
943 2011 1041 2076 τοῦτο
1059 2007 1130 2094 μὲν
1147 2013 1185 2078 οί

163 2107 306 2193 θῦουσι,
331 2108 429 2175 τοῦτο
457 2105 495 2174 δδ
519 2105 674 2194 μνήματα
701 2110 863 2196 ἐποίησαν
888 2110 926 2176 έν
949 2106 1074 2197 πάσησι
1100 2114 1182 2199 τῇσι

163 2207 274 2276 πόλισι
291 2211 360 2276 τεόν
378 2205 573 2292 ἀποικίδων,
592 2209 630 2275 έν
647 2202 735 2298 αῦτη
747 2235 782 2277 τε
799 2210 954 2297 μέγιστον
967 2208 1183 2298 Καρχηδόνι.

169 2305 217 2380 Τά
235 2307 299 2398 μὲν
316 2301 382 2378 ἀπὸ
401 2314 556 2393 Σικελίης
573 2312 729 2377 τοσαῦτα.

97 2429 147 2482 ιοε
239 2419 442 2500 Κερκυραῖοι
468 2405 604 2478 δὲτάδε
619 2406 880 2500 ὑποκρινάμενοι
902 2421 986 2481 τοῖσι
1004 2403 1184 2498 ἀγγέλοισι

162 2511 274 2581 τοιάδε
298 2515 475 2601 ἐποίησαν·
500 2511 557 2580 καὶ
581 2510 646 2601 γάρ
663 2510 804 2593 τούτους
822 2512 1082 2602 παρελάμβανον
1105 2507 1182 2582 οῦν-

162 2612 215 2681 τολ
229 2617 323 2702 οἵπερ
336 2613 393 2681 καλ
408 2615 441 2691 ἐς
452 2617 609 2698 Σικελίην
623 2607 777 2700 ἀπίκατο,
792 2615 945 2698 λέγοντες
957 2611 1038 2693 τοῦς
1047 2607 1183 2696 αῦτοῦς
1245 2695 1246 2702 χ

164 2712 285 2796 λόγους
299 2712 377 2796 τοῦς
391 2714 446 2782 καί
464 2711 550 2803 πρός
563 2713 701 2781 Γέλωνα
720 2718 844 2800 έλεγον.
877 2718 912 2782 οί
927 2712 966 2782 δέ
983 2721 1184 2813 παραυτίκα

163 2811 227 2898 μὲν
244 2810 427 2902 ὑπίσχοντο
445 2815 593 2901 πέμψειν.
603 2840 640 2881 τε
656 2813 713 2881 καί
730 2811 900 2902 ἀμυνέειν,
918 2813 1114 2904 φράζοντες,
1135 2813 1181 2895 ὥς

163 2911 205 2980 οῦ
219 2932 279 3000 σφι
292 2915 469 3002 περιοπτέη
480 2907 699 3000 έστίὴἙλλάς
710 2909 924 3002 ἀπολλυμένη
939 2907 1000 3002 ’ἦν
1008 2915 1073 3004 γάρ
1085 2937 1182 3004 σφα·

164 3019 222 3102 λῇ,
245 3028 343 3100 σφεῖς
360 3042 398 3100 γε
415 3011 519 3083 οῦδὲν
536 3010 653 3101 άλλοῆ
672 3015 893 3084 δουλεύσουσι
909 3021 951 3104 τῇ
969 3013 1087 3104 κράτη
1107 3022 1182 3084 τῶν

161 3109 328 3202 ἡμερέων·
345 3113 430 3183 ἀλλά
445 3116 647 3204 τιμωρητέον
657 3125 707 3204 είη
719 3118 751 3194 ές
760 3114 801 3184 τά
815 3115 1060 3185 δυνατώτατον.
1088 3114 1180 3185 ῦπε·
1243 3129 1244 3202 ξ

164 3220 323 3301 κρίναντο
346 3215 410 3304 μέν
432 3214 521 3285 οῦτω
539 3212 756 3303 εὐπρόσωπα,
782 3216 853 3286 ἐπεὶ
871 3215 909 3284 δέ
927 3221 999 3284 ἔδεε
1015 3217 1179 3303 βωθέειν,
1243 3215 1244 3279 λ

165 3314 249 3381 ἄλλα
262 3319 417 3396 νοεῦντες
431 3315 628 3406 ἐπλήρωσαν
640 3317 719 3397 νέας
738 3315 907 3403 ἑξήκοντα,
924 3315 1021 3405 μόγις
1035 3315 1073 3384 δέ
1087 3313 1178 3384 άνα-
1242 3329 1243 3384 λ

163 3413 302 3500 χθέντες
319 3415 519 3503 προσέμιξαν
535 3421 578 3504 τῇ
594 3416 862 3511 Πελοποννήσῳ,
879 3415 936 3485 καὶ
953 3415 1030 3506 περὶ
1047 3415 1177 3486 Πάλον

162 3511 220 3578 καὶ
243 3516 411 3601 Ταίναρον
437 3519 498 3602 γῆς
514 3520 574 3603 τῆς
591 3522 866 3606 Λακεδαιμονίων
883 3515 1096 3605 άνεκάχενον
1113 3515 1179 3596 τάς
