2500 3925
327 211 804 281 mamma-21.
1011 225 1074 289 303

91 363 119 427 δὲ
140 362 252 451 ταύτης
275 363 346 437 ἄνω
365 368 451 438 ίόντι
476 374 622 442 οἰκέουσι
645 373 784 446 Σκύθαι
808 388 950 472 γεωργοὶ
992 392 1073 472 τούς

85 457 218 546 ΙΙ’δλληνες
237 467 272 531 οί
289 468 455 545 οἰκέοντες
475 470 527 537 aaz
547 477 593 561 τῷ
608 468 727 541 Ὑπάνι
751 489 888 573 ποταμῷ
914 492 1072 559 καλέουσι

90 565 353 649 Βορυσθενεΐτας,
375 568 480 651 σφέας
495 570 531 635 δὲ
547 565 673 649 αύτούς
689 568 942 661 Ὀλβιοπολίτας.
976 577 1071 657 οὗτοι

90 651 130 724 άυ
148 663 178 727 ολ
193 666 335 748 γεωργοὶ
349 667 488 735 Σκύθαι
509 672 665 757 νέμονται
686 673 723 741 τὸ
747 680 811 761 μὲν
829 678 914 768 πρδς
935 681 997 771 τὴν
1020 683 1069 774 ἧό

87 758 130 823 ἐπὶ
149 772 231 843 τρεῖς
256 756 383 847 ἡμέρας
405 761 507 854 ὁδοῦ,
529 769 727 856 κατήκοντες
752 777 805 843 έπλ
828 779 996 868 ποταμδν,
1023 792 1070 876 τῷ

85 852 197 940 οὔνομα
210 856 319 925 κέεται
330 864 563 951 Παντικάπης,
584 865 622 935 τὸ
646 870 682 936 δὲ
702 869 786 957 πρὸς
799 881 923 964 βορέην
942 877 1069 967 άνεμον

84 950 176 1021 πλέον
188 952 251 1023 ύυά
266 954 328 1026 τὸν
341 965 559 1045 Βορυσθένεα
573 962 725 1053 ἡμερέων
737 972 874 1041 ἕνδεκα·
894 973 916 1064 ἡ
937 979 974 1047 δὲ
986 1006 1068 1048 κατ-

84 1048 197 1139 ύπερθε
216 1054 348 1125 τούτων
369 1060 490 1147 έρῆμάς
510 1066 579 1131 ἐστι
599 1066 652 1132 ἐπὶ
672 1068 808 1138 πολλόν.
840 1073 923 1159 μετά
943 1079 980 1144 δὲ
1003 1076 1068 1166 τὴν

82 1151 192 1235 ἐρῆμον
208 1149 433 1244 Ἀνδροφάγοι
454 1162 617 1249 οἰκέουσι,
640 1169 741 1245 ἔθνος
754 1166 813 1237 ἐὰν
832 1175 921 1240 ίδιον
934 1178 990 1244 καλ
1003 1173 1067 1245 ού-

80 1252 178 1333 δαμάς
190 1255 378 1324 Σκυθικόν.
407 1254 444 1325 τὸ
461 1261 497 1327 δὲ
511 1262 643 1329 τούτων
656 1264 849 1355 κατύπερθε
864 1272 984 1357 έρῆμος
999 1270 1064 1361 ἤδη

78 1343 214 1432 ἀληθέως
227 1354 281 1420 καὶ
298 1357 399 1433 έθνος
413 1352 608 1444 άνθροέπων
622 1357 741 1449 οὐδὲν,
756 1361 839 1433 ὅσον
848 1362 941 1453 ἡμεῖς
955 1372 1061 1455 ίδμεν.

79 1442 118 1511 Τὸ
132 1446 165 1515 δὲ
179 1445 262 1536 πρὸς
277 1448 339 1539 τὴν
352 1449 402 1540 ἠῶ
412 1461 480 1521 τάν
493 1462 656 1547 γεωργῶν
666 1461 796 1529 τούτων
805 1469 975 1533 Σκυθέων
988 1470 1063 1534 δια·
1077 1487 1111 1543 1⁹

75 1542 160 1626 βάντι
179 1544 239 1613 τὸν
259 1550 481 1638 Παντικάπην
500 1551 652 1641 ποταμδν
673 1558 817 1646 νομάδες
841 1558 906 1649 ἤδη
923 1566 1062 1635 Σκύθαι

74 1642 234 1730 νέμονται,
264 1642 344 1715 ούτε
376 1677 407 1718 τι
438 1658 630 1737 σπείροντες
654 1652 756 1725 οὐδὲν
780 1657 858 1729 οὔτε
882 1659 1059 1751 άροῦντες·

73 1737 141 1825 ψιλὴ
156 1744 192 1809 δὲ
206 1746 595 1841 δενδρέωνὴπᾶσααύτη
606 1764 650 1844 γῆ
660 1762 749 1846 πλὴν
757 1759 956 1848 τῆςῪλαίης.
976 1765 1011 1829 οί
1022 1763 1060 1830 δέ

72 1839 201 1925 νομάδες
221 1836 316 1913 ούτοι
334 1844 371 1915 τδ
392 1845 478 1937 πρὸς
497 1848 561 1938 τὴν
575 1849 624 1940 ἠῶ
645 1850 798 1942 ἡμερέων
817 1859 983 1946 τεσσέρων
1004 1861 1060 1927 καὶ

71 1946 140 2010 δέκα
152 1940 234 2013 ὁδὸν
249 1949 407 2035 νέμονται
420 1951 534 2041 χάρην
554 1964 816 2026 κατατείνουσαν
835 1959 888 2027 ἐπὶ
907 1956 1059 2047 ποταμὸν

70 2045 194 2128 Γέρρον.
238 2048 354 2134 Πέρην
368 2053 405 2117 δὲ
417 2058 479 2119 τοῦ
492 2056 623 2142 Γέρρον
637 2064 742 2125 ταῦτα
756 2055 797 2146 δὴ
812 2057 853 2128 τά
867 2059 1056 2146 καλεύμενα
1069 2076 1104 2128 2⁰

72 2143 212 2232 βασιλήιά
232 2149 301 2216 ἐστι
324 2150 378 2216 καὶ
397 2152 536 2220 Σκύθαι
563 2160 596 2222 οἱ
619 2153 751 2239 άριστοί
771 2183 808 2226 τε
833 2161 888 2227 καὶ
910 2166 1057 2228 πλεῖστοι

68 2250 112 2314 καὶ
125 2246 201 2326 τούς
219 2246 343 2329 άλλονς
355 2260 544 2339 νομίζοντες
557 2257 701 2338 Σκύθας
714 2260 858 2338 δούλους
874 2262 1057 2348 σφετέρους

68 2343 156 2412 εἶναι·
183 2349 365 2437 κατήκουσι
381 2353 418 2418 δὲ
439 2345 534 2423 οὗτοι
553 2352 589 2422 τὰ
607 2355 671 2443 μὲν
690 2354 775 2441 πρὸς
793 2365 1003 2446 μεσαμβρίην
1021 2360 1055 2436 ές

65 2442 118 2530 την
134 2447 322 2536 Ταυρικήν,
337 2447 376 2518 τό
391 2451 428 2519 δὲ
442 2451 527 2541 πρὸς
542 2451 592 2541 ἠῶ
607 2458 663 2524 έπί
673 2482 710 2526 τε
723 2455 873 2544 τάφρου,
894 2454 956 2544 τὴν
968 2454 1007 2543 δὴ
1021 2460 1056 2523 οί

65 2547 171 2615 ἐκτῶν
190 2557 331 2636 τυφλῶν
349 2552 526 2639 γευόμενοι
548 2554 698 2644 ὤρυξαν,
721 2561 776 2626 καλ
797 2560 850 2627 έπλ
864 2566 922 2647 τῆς
935 2566 1053 2645 λίμνης

64 2652 110 2731 τῆς
123 2648 309 2737 Μαιήτιδος
329 2650 366 2721 τδ
390 2655 568 2743 ἐμπόριον,
589 2657 627 2725 τὸ
651 2662 802 2728 καλέεται
815 2666 985 2747 Κρημνοί·
1012 2654 1053 2728 τά

63 2745 92 2809 δὲ
106 2743 214 2816 αὐτῶν
230 2751 413 2838 κατήκουσι
429 2756 482 2822 ἐπὶ
496 2751 648 2841 ποταμὸν
665 2755 801 2824 Τάναιν.
830 2754 872 2824 τά
892 2757 928 2826 δὲ
948 2757 1052 2824 κατύ-

61 2855 155 2928 περθε
174 2846 260 2936 πρδς
286 2858 412 2939 βορέην
437 2851 565 2942 ἄνεμον
588 2862 656 2924 τοῖν
679 2865 864 2944 βασιληίων
883 2863 1051 2926 Σκυθέων

61 2949 192 3017 οἰκέουσι
208 2951 479 3039 Μελάγχλαινοι,
501 2951 583 3022 άλλο
604 2961 706 3034 ἔθνος
725 2959 780 3023 καὶ
804 2953 847 3023 ού
859 2956 1047 3024 Σκυθικόν.

60 3049 314 3133 Μελαγχλαίνων
329 3050 365 3117 δὲ
378 3047 415 3118 τό
435 3052 628 3140 κατύπερθε
641 3062 756 3141 λίμναι
772 3057 828 3122 καλ
844 3054 966 3141 έρῆμός
980 3056 1049 3121 ἐστι

59 3138 257 3232 άνθράπων,
280 3145 354 3214 κατ’
372 3147 455 3217 ὅσον
474 3148 568 3238 ἡμεῖς
587 3156 693 3240 ἴδμεν.
741 3153 869 3220 Τάναϊν
886 3150 923 3218 δὲ
941 3175 1047 3218 ποτα·
1062 3165 1097 3219 ²1

57 3241 112 3324 μὸν
126 3245 279 3333 διαβάντι
297 3243 409 3315 οὐκέτι
425 3246 600 3337 Σκυθικὴ,
623 3249 698 3320 ἀλλ’
720 3249 740 3337 ἡ
763 3253 826 3336 μὲν
844 3250 958 3338 κράτη
979 3258 1048 3319 τῶν

56 3348 165 3425 λαξίων
177 3351 431 3435 Σαυροματέων
452 3353 535 3438 ἐστὶ,
559 3359 594 3420 οἳ
606 3355 643 3421 ἐκ
662 3359 724 3420 τοῦ
741 3356 850 3437 μυχοῦ
866 3347 1047 3438 ἀρξάμενοι

58 3451 103 3529 τῆς
117 3435 302 3534 Ματῆτιδος
316 3455 435 3537 λίμνης
450 3455 607 3537 νέμονται
620 3451 658 3519 τό
674 3448 759 3532 πρὸς
772 3453 896 3536 βορέην
910 3449 1046 3538 ἄνεμον,
