2500 3925
349 257 1085 323 Llss.1V.cAP.s—11.m

98 408 213 479 καὶτὸν
234 418 379 501 ζωστῆρα
404 418 612 500 προδέξαντα
632 419 901 505 παραδοῦναι
864 446 904 491 το
924 419 1025 503 τόξον
1046 448 1083 491 τε

100 504 207 576 καὶτὸν
219 514 363 599 ζωστῆρα
379 519 497 599 ἔχοντα
508 512 601 582 ἐπ”
578 539 683 602 ακρης
695 522 754 603 τῆς
768 526 939 608 συμβολῆς
954 520 1082 607 φιάλην

100 612 236 699 χρυσέην,
256 611 359 682 δόντα
374 614 411 683 δέ
426 612 721 703 άπαλλάσσεσθαι,
742 643 872 705 την
819 616 851 685 δ
894 622 969 688 έπεί
979 622 1015 687 ολ
1023 645 1082 706 γε·

98 710 239 798 νομένους
249 710 329 792 τούς
342 718 463 793 παῖδας
472 711 709 800 άνδρωθῆναι,
720 721 820 783 τοῦτο
831 718 894 802 μέν
906 735 967 803 σφι
978 714 1083 786 ούνό·

96 836 167 895 ματα
183 812 326 895 θέσθαι,
348 818 394 903 τῷ
410 810 473 898 μὲν
490 808 707 900 Ἀγάθνρσον
727 808 858 900 αύτάν,
879 819 926 904 τῷ
946 810 979 881 δ’
1003 816 1082 881 §10-

96 912 169 999 μένμ
181 912 355 997 Γελωνόν,
381 910 530 997 Σκύθην
551 912 587 978 δὲ
600 916 647 1000 τῷ
664 908 835 1002 νεωτάτῳ,
859 918 958 981 τοῦτο
973 912 1009 981 δὲ
1024 919 1081 998 τῆς

96 1010 245 1094 ἐπιστολῆς
264 1014 482 1097 μεμνημένην
503 1005 610 1095 αὐτὴν
631 1014 767 1096 ποιῆσαι
786 1004 828 1077 τά
849 1010 1078 1095 ἐντεταλμένα.

95 1107 137 1173 καὶ
148 1102 184 1192 δὴ
199 1108 261 1175 δύο
282 1110 345 1195 μέν
365 1112 480 1176 οἰτόν
496 1111 644 1195 παίδων,
665 1106 727 1175 τόν
741 1131 778 1175 τε
794 1103 1009 1195 Ἀγάθυρσον
1024 1110 1080 1175 καὶ

94 1201 141 1270 τόν
151 1207 322 1293 Γελωνόν,
344 1204 407 1275 ούκ
427 1209 521 1286 οἵους
540 1232 576 1275 τε
590 1208 794 1292 γενομένους
808 1207 975 1287 ἐξικέσθαι
994 1205 1079 1295 πρός

93 1300 140 1370 τόν
151 1312 370 1393 προκείμενον
384 1304 522 1389 ἄεθλον,
533 1314 686 1391 οἴχεσθαι
700 1306 738 1373 έκ
753 1312 812 1392 τῆς
831 1304 941 1393 χόθησ
958 1307 1079 1394 ἐκβλη-

91 1404 193 1483 θέντας
214 1402 285 1473 ὑπδ
309 1412 367 1493 τῆς
389 1406 605 1492 γειναμένης,
631 1400 694 1471 τόν
716 1403 753 1471 δέ
775 1401 944 1472 νεάτατον
965 1400 1078 1471 αὐτῶν

91 1500 217 1591 Σκύθην
231 1507 468 1573 ἐπιτελέσαντα
482 1514 679 1589 καταμεῖναι
695 1502 734 1569 έν
748 1506 789 1590 τῇ
804 1500 904 1590 χάρη.
939 1502 995 1569 καλ
1010 1496 1078 1567 άπό

90 1601 139 1685 μὲν
150 1603 297 1672 Σκύθεω
310 1610 372 1671 τοῦ
387 1601 569 1689 Ἡρακλέος
581 1604 743 1686 γενέσθαι
752 1595 833 1678 τούς
845 1601 910 1668 αέελ
922 1599 1079 1687 βασιλέας

89 1704 269 1787 γινομένους
284 1702 471 1785 Σκυθέων,
487 1694 553 1765 άπό
569 1699 606 1765 δέ
618 1704 677 1783 τῆς
688 1696 811 1784 φιάλης
825 1701 873 1764 έτι
888 1699 945 1765 καὶ
954 1697 988 1775 ές
1000 1696 1078 1765 τόδε

90 1797 192 1883 φιάλας
208 1802 244 1867 ἐκ
260 1806 333 1867 τῶν
354 1798 532 1885 ζωστήρων
547 1799 685 1883 φορέειν
700 1795 854 1873 Σκύθας.
868 1791 919 1883 [τό
934 1791 976 1880 δὴ
991 1800 1078 1881 μοῦ-

88 1921 138 1964 νον
149 1899 406 1988 μηχανήσασθαι
421 1895 484 1985 τὴν
497 1898 622 1984 μητέρα
636 1890 786 1984 Σκύθη].
794 1898 899 1961 ταῦτα
913 1891 950 1958 δέ
960 1886 1077 1976 ‘Eun'-

88 2022 144 2065 νων
157 2003 189 2067 οέ
200 1999 263 2070 τδν
278 2001 416 2069 Πόντον
430 2001 596 2076 οἰκέοντες
609 1998 755 2082 λέγουσι.

145 2097 233 2170 Ἐστι
249 2103 289 2168 δέ
306 2101 360 2168 καὶ
375 2096 475 2178 ἄλλος
489 2098 590 2183 λόγος
604 2101 690 2182 ἔχων
704 2086 785 2178 τάδε,
803 2118 849 2183 τρι
835 2091 1005 2177 μάλιστα
1019 2099 1076 2158 λε·
1090 2115 1120 2170 ll

87 2203 197 2291 γομένμ
212 2197 318 2279 αύτός
333 2199 552 2284 πρόσκειμαι,
570 2194 715 2271 Σκύθας
730 2188 810 2269 τούς
824 2187 974 2276 νομάδας
987 2188 1077 2256 οἰκέ-

87 2321 166 2376 οντας
180 2300 217 2366 έν
229 2325 273 2388 τη
256 2293 376 2385 Ἀσίη
391 2298 526 2386 πολέμῳ
535 2295 736 2368 πιεσθέντας
746 2285 814 2356 ὑπο
802 2284 1076 2373 Μασσαγετέων

86 2403 216 2478 οἶχεσθαι
228 2395 413 2484 διαβάντας
423 2391 575 2480 ποταμόν
586 2389 839 2475 Ἀράξηνέιδ
797 2413 862 2506 γην
872 2412 936 2473 την
946 2393 1076 2472 Κιμμε·

85 2496 146 2576 οίην
165 2491 241 2581 (την
261 2492 329 2580 γάρ
350 2500 417 2561 νῦν
437 2497 596 2578 νέμονται
613 2487 769 2570 Σκύθαι,
791 2483 876 2572 αὕτη
890 2482 1070 2570 λέγεται
1036 2507 1073 2550 το

84 2591 209 2661 παλαιόν
224 2593 313 2662 εἶναι
328 2596 557 2681 Κιμμερίων),
579 2586 660 2667 τούς
680 2587 717 2654 δὲ
733 2590 940 2672 Κιμμερίους
960 2581 1076 2650 έκιύν-

84 2713 137 2754 των
149 2694 319 2760 Σκυθέων
332 2690 577 2780 βουλεύεσθαι,
594 2713 639 2765 ως
649 2704 794 2770 στρατον
779 2682 956 2761 έπιόντος
969 2681 1075 2768 μεγά-

85 2795 147 2874 λου,
162 2793 215 2857 καὶ
230 2788 326 2877 δὴ
289 2817 349 2874 τας
361 2791 499 2877 γνύμας
510 2789 626 2902 σφέωγ
637 2784 898 2871 κεχωρισμένας,
914 2780 1072 2858 έντόνους

84 2886 132 2966 μὲν
144 2883 394 2974 άμφοτέρας,’
374 2913 437 2974 αμε
439 2894 501 2955 ίνω
523 2880 609 2952 δὲ
572 2910 637 3000 τηγ
649 2887 718 2949 τόν
731 2880 913 2967 βασιλέων·
934 2902 997 2963 την
1009 2874 1072 2962 μὲν

83 2981 133 3069 γὰρ
147 2984 184 3073 δὴ
199 3012 264 3054 του
247 2986 390 3074 δήμου
412 2988 530 3102 φέρειν
552 2981 709 3067 γνύμην,
731 3003 776 3056 ως
797 2973 1072 3044 ἀπαλλάσσεσθαι

84 3105 199 3202 τρηγμα
216 3093 269 3167 εἰη
293 3081 379 3169 μηδὲ
403 3078 490 3169 πρός
508 3077 655 3158 πολλούς
679 3078 756 3145 δέον
768 3079 930 3162 μένοντας
952 3074 1072 3139 κινδυ-

85 3183 195 3272 νεύειν,
213 3210 277 3272 την
292 3185 330 3252 δέ
343 3191 412 3251 τῶν
425 3183 592 3271 βασιλέων
606 3177 829 3264 διαμάχεσθαι
843 3173 971 3259 περὶ
932 3196 990 3257 της
1003 3167 1070 3256 γά-

83 3307 130 3369 ςης
146 3299 229 3354 τοῖσι
249 3287 392 3354 έπιούσι.
426 3280 489 3350 ούκ
507 3274 556 3349 τόν
578 3277 618 3367 δὴ
641 3281 773 3346 ἐθέλειν
794 3279 975 3341 πείθεσθαι
992 3267 1070 3339 οὔτε

83 3396 151 3450 τοῖσι
164 3393 339 3472 βασιλεῦσι
356 3381 417 3451 τόν
432 3378 634 3469 δῆμον”οντε
648 3375 804 3468 τῷδήμῳ
814 3369 893 3452 τούς
903 3372 1066 3460 βασιλέας.

84 3477 146 3560 τοὺς
160 3483 220 3567 μὲν
241 3482 282 3569 δὴ
301 3481 579 3552 ἀπαλλάσσεσθαι
601 3445 827 3565 βουλεύεσθαι
848 3469 1043 3560 άμαχητὶ
1006 3497 1071 3557 την
