2500 3925
316 200 403 255 ιιε.
437 200 496 256 vn.
531 200 631 258 σεε.
662 205 863 272 ε,ι-ο,ε.
1002 173 1093 267 ιεει

85 356 204 435 δόντας
216 354 383 438 ἀναξίους.
406 360 461 426 καὶ
476 354 541 444 γάρ
556 355 671 426 δεινόν
685 353 730 426 ἀν
745 369 794 447 είη
810 368 960 450 πρῆγμα,
978 369 1008 432 εί
1019 365 1092 432 Σά-

85 482 148 535 κας
160 459 223 542 μὲν
233 459 290 525 καί
298 453 425 536 Ἰνδοδς
434 458 490 524 καὶ
500 461 670 536 Αἰθίοπας
684 459 739 525 καὶ
749 455 944 547 Ἀσσυρίους
959 459 1043 534 ἀλλα
1056 487 1092 531 τι

85 562 189 626 ἔθνεα
202 553 310 626 πολλά
325 559 382 625 καί
395 556 523 642 μεγάλα
540 552 746 643 ἀδικήσαντα
754 559 891 644 ΙΠέρσας
905 557 1016 647 ούδίν,
1030 558 1092 630 ἀλ.

84 653 127 724 λά
144 655 292 742 δύναμιν
307 660 542 742 προσκτᾶσθαι
554 654 769 742 βουλόμενοι,
785 659 1090 747 καταστρεψάμενοι

84 754 230 834 δούλους
246 759 380 842 ἔχομεν,
388 751 550 839 Ἕλληνας
564 754 601 821 δὲ
614 750 827 838 ὑπάρξαντας
840 751 970 844 ἀδικίης
984 753 1027 826 ού
1039 782 1090 824 τι·

84 852 322 940 μωρησόμεθα.
352 859 387 922 τί
398 856 583 933 δείσαντεςς
608 859 707 939 κοίην
721 853 869 942 πλήθεος
882 853 1089 943 συστροφὴν,

83 959 183 1039 κοίην
198 954 234 1021 δε
252 951 432 1040 χρημάτων
451 951 616 1037 δύναμινς
636 958 705 1018 τῶν
726 952 932 1038 ἐπιστάμεθα
951 955 1013 1040 μὲν
1027 949 1120 1040 τὴνῑ

82 1051 204 1139 μάχην,
217 1051 423 1137 ἐπιστάμεθα
434 1051 471 1118 δδ
480 1046 543 1136 την
554 1048 701 1136 δύναμιν
712 1052 836 1118 έοῦσαν
846 1047 1000 1119 ἀσθενέα.
1015 1055 1089 1136 ἐχυ-

82 1175 147 1237 μεν
160 1151 197 1219 δέ
207 1149 320 1220 αὐτῶν
330 1155 451 1230 παῖδας
463 1149 772 1242 καταστρεψάμενοι
785 1148 943 1236 τούτους,
958 1156 993 1218 οδ
1001 1151 1038 1218 ἐν
1048 1154 1088 1237 τῇ

81 1248 223 1340 ἡμετέρη
240 1249 591 1339 κατοικημένοιἽωνές
604 1276 640 1318 τε
655 1252 710 1318 καὶ
722 1251 858 1328 Αἰολέες
872 1250 928 1317 καὶ
940 1249 1088 1336 Δωριέες

83 1353 267 1420 καλέονται.
291 1349 476 1439 ἐπειρήθην
489 1351 527 1418 δὲ
546 1351 601 1417 καλ
616 1345 718 1427 αύτὸς
737 1346 802 1436 ἤδη
823 1347 1017 1417 ἐπελαύνων
1034 1348 1088 1417 ἐπὶ

82 1447 162 1528 τούς
172 1447 298 1536 ἀνδρας
308 1448 448 1528 τούτους
458 1445 525 1516 ὑπό
538 1443 664 1535 πατρός
673 1453 735 1515 τοῦ
746 1452 809 1514 σού
817 1453 1019 1532 κελευσθείς,
1031 1453 1088 1514 καί

80 1574 138 1635 μοι
152 1547 247 1634 μέχρι
265 1552 479 1633 Μακεδονίης
500 1546 656 1616 ἐλάσαντι
677 1548 733 1615 καὶ
752 1543 867 1632 ὀλίγον
886 1543 1085 1614 ἀπολιπόντι

82 1650 116 1725 ἐς
131 1642 233 1724 αύτάς
250 1644 393 1733 Ἀθήνας
409 1643 591 1715 ἀπικέσθαι
607 1643 718 1724 οὐδεὶς
738 1643 890 1732 ἠντιοόθη
912 1648 945 1726 ἐς
964 1644 1082 1732 μάχην.

80 1751 199 1814 Καίτοι
208 1771 247 1832 γε
258 1743 557 1832 έοόθασιἝλληνες,
575 1742 620 1824 ὡς
630 1745 861 1831 πυνθάνομαι,
877 1741 1084 1832 ἀβουλότατα
1100 1755 1118 1809 ²

81 1848 247 1932 πολέμους
256 1848 415 1913 ἵστασθαι
428 1841 497 1912 ὑπό
510 1870 546 1912 τε
557 1840 802 1930 ἀγνωμοσύνης
812 1845 868 1911 καὶ
881 1842 1082 1929 σκαιότητος.

80 1941 183 2013 επεάν
199 1941 264 2030 γάρ
279 1940 454 2031 ἀλλήλοισι
465 1943 614 2031 πόλεμον
628 1949 828 2031 προείπωσι,
843 1941 1034 2031 ἐξευρόντες
1047 1937 1084 2011 τό

79 2041 259 2110 κάλλιστον
268 2046 392 2128 χωρίον
407 2040 652 2110 καλλειότατον
666 2044 700 2121 ἐς
712 2049 813 2110 τοῦτο
829 2043 1000 2120 κατιόντες
1019 2040 1086 2127 μά-

78 2165 204 2225 χονται,
217 2135 301 2207 άστε
310 2134 378 2207 σύν
388 2146 479 2230 κακῷ
489 2139 623 2230 μεγάλην
634 2141 670 2207 οί
675 2138 1085 2221 νικίοντεςάπαλλάσσον-

79 2262 148 2305 ται·
170 2238 246 2325 περὶ
260 2237 297 2305 δέ
312 2244 380 2305 τάν
394 2240 595 2325 ἑσσωμένων
611 2236 692 2307 ούδέ
708 2242 794 2325 λέγω
809 2236 931 2327 ἀρχὴν,
949 2239 1085 2320 ἐξώλεες

79 2334 143 2426 γὰρ
158 2336 200 2425 δὴ
214 2344 382 2424 γίνονται·
404 2335 483 2417 τούς
495 2346 596 2427 χρῆν,
617 2338 734 2417 ἐόντας
749 2336 1002 2425 ὁμογλώσσους,
1022 2337 1081 2425 κη’-

79 2441 157 2518 ρυξί
167 2462 202 2504 τε
218 2439 475 2523 διαχρεομένους
489 2441 545 2507 καλ
561 2435 733 2525 ἀγγέλοισι
743 2440 1011 2525 καταλαμβάνειν
1025 2436 1084 2518 τάς

80 2533 244 2620 διαφοράς
259 2537 315 2603 καλ
327 2539 428 2604 παντὶ
443 2533 604 2623 μάλλυνῆ
617 2536 752 2623 μάχηαι·
776 2541 806 2604 εί
819 2538 855 2603 δὲ
870 2536 1002 2625 πάντας
1013 2543 1084 2607 έδεε

79 2639 252 2722 πολεμέειν
266 2633 351 2720 πρός
367 2634 543 2723 ἀλλήλους,
558 2638 761 2722 ἐξευρίσκειν
775 2641 870 2724 χρῆν,
885 2643 925 2726 τῇ
934 2636 1087 2724 έκάτεροί

79 2742 142 2804 είσι
155 2736 469 2822 δυσχειρωτότατοι,
486 2738 542 2805 καί
560 2735 665 2824 ταύτη
679 2742 808 2823 πειρᾶν.
838 2734 951 2826 τρόπῳ
966 2742 1083 2803 τοίνυν

78 2830 119 2902 ού
133 2841 263 2924 χρηστῷ
274 2832 432 2922 Ἕλληνες
446 2833 677 2923 διαχρεόμενοι
698 2835 772 2921 ἐμέο
797 2834 975 2913 ἐλάσαντος
989 2835 1083 2921 μέχρι

79 2939 292 3021 Μακεδονίης
318 2930 383 3003 ούκ
412 2927 519 3021 ἦλθον
550 2935 585 3015 ἐς
612 2933 735 3004 τούτου
771 2932 872 3019 λόγον
903 2926 988 2999 ὥστε
1017 2932 1084 3018 μά-

77 3043 204 3120 χεσθαι.
238 3037 302 3103 Σοὶ
315 3037 352 3104 δέ
368 3032 410 3122 δὴ
426 3037 538 3122 μέλλει
551 3059 617 3121 τις,
640 3026 837 3121 ἀβασιλεῦ,
859 3030 1116 3100 ἀντιάσεσθαιθ

77 3135 225 3220 πόλεμον
236 3136 450 3221 προσφέρων,
468 3132 585 3219 ἀγοντι
596 3134 652 3200 καί
663 3137 795 3218 πλῆθος
808 3128 845 3198 τδ
859 3132 896 3199 ἐκ
906 3136 964 3217 τῆς
975 3126 1083 3214 Ἀσίης

77 3239 131 3305 καλ
151 3238 229 3314 νίας
241 3231 302 3313 τὰς
316 3230 463 3315 ἇπάσαςς
484 3230 530 3312 όις
549 3234 613 3320 μὲν
628 3227 693 3317 ἐγιδ
710 3231 833 3315 δοκέω,
855 3224 919 3298 ούκ
936 3229 970 3307 ἐς
983 3233 1081 3295 τοῦτο

78 3334 222 3425 θράσεος
232 3331 351 3420 ἀνήκει
361 3331 403 3402 τά
413 3331 584 3421 Ἑλλήνων
597 3331 787 3419 πράγματα·
807 3334 838 3399 εί
846 3326 883 3397 δὲ
893 3324 959 3413 ἀρα
971 3324 1037 3414 ἐγαί
1046 3350 1082 3393 τε

79 3439 264 3521 ψευσθείην
278 3432 398 3523 γνάμη
414 3437 470 3503 ml
491 3435 612 3502 ἐκείνου
630 3427 851 3517 ἐπαερθέντες
866 3422 1009 3515 ἀβουλίη
1025 3429 1077 3493 έλ-
