2500 3925
354 221 439 307 ιιυ.
470 223 529 284 vn.
563 223 660 282 οεε.
694 231 866 289 νει-τεο.
1051 229 1113 296 177

111 381 234 470 ἀνδρες
247 342 468 470 Σπαρτιῆται,
489 381 574 468 φύσι
592 408 630 450 τε
650 385 824 469 γεγονότες
841 379 880 453 εύ
897 391 950 458 καί
970 389 1112 476 χρήμασι

113 478 294 568 ἀνήκοντες
308 482 341 559 ές
353 476 394 546 τά
408 485 539 565 πρῶτα,
556 481 730 550 ἐθελονταὶ
744 480 917 552 ὑπέδυσαν
930 485 1052 574 ποινήν
1062 493 1110 558 τί·

113 602 187 650 σειν
199 583 304 670 Ξέρξη
317 587 386 648 τόν
397 586 546 668 Δαρείου
560 580 721 668 κηρύκων
734 588 802 650 τῶν
822 585 859 650 έν
873 586 1013 674 Σπάρτη
1027 585 1112 656 ἀπο-

114 683 273 767 λομένων.
294 678 596 766 ούτωΣπαρτιήται
605 679 748 758 τούτους
759 678 803 758 ὡς
814 678 1112 769 ἀποθανεομίνους

113 782 300 870 έςΜήδους
310 778 515 867 ἀπέπεμψαν.
529 777 625 866 Αὑτη
636 806 672 850 τε
683 779 705 867 ή
716 780 821 867 τόλμα
832 782 962 850 τούτων
972 790 1040 851 τῶν
1051 780 1113 850 ἀν·
1130 801 1179 855 1³5

111 878 202 957 δρῶν
222 871 379 960 θύματος
402 875 475 963 ἀξίη
485 878 540 948 καί
550 876 630 944 τάδε
640 875 724 961 πρὸς
733 877 879 948 τούτοισι
891 877 930 948 τά
941 886 1031 948 έπεα.
1048 901 1112 947 πο-

112 971 289 1059 ρευόμενοι
302 967 367 1057 γάρ
383 977 416 1054 ές
428 981 545 1043 Σοῦσα
561 971 775 1043 ἀπικνέονται
792 980 871 1063 παρ’
896 975 1065 1062 Ὑδάρνεα.
1092 974 1111 1044 ὁ

111 1065 317 1155 δὲ’Υδάρνης
329 1060 374 1154 ήν
384 1073 554 1158 μὲνγένος
564 1073 712 1159 Πέρσης,
725 1070 908 1159 στρατηγός
919 1074 956 1142 δέ
965 1081 1034 1143 τῶν
1045 1096 1111 1142 πα·

111 1170 348 1252 ραθαλασσίων
359 1165 552 1256 ἀνθρώπων
562 1176 631 1237 τῶν
642 1172 679 1238 έν
688 1176 728 1258 τῇ
739 1168 838 1258 Ἀσίη,
849 1169 886 1249 ὅς
895 1190 999 1258 σφεας
1008 1176 1111 1251 ξείνια

110 1265 319 1348 προθέμενος
332 1269 434 1352 ίστία,
456 1272 603 1347 ξεινίζων
616 1269 655 1334 δὲ
672 1275 777 1353 είρετο
792 1270 900 1352 λέγων
912 1268 1007 1336 τάδε·
1030 1266 1111 1335 ''Av-

111 1369 189 1450 δρες
203 1364 478 1453 Λακεδαιμόνιοι,
496 1374 531 1436 τί
541 1367 582 1454 δή
602 1366 744 1453 φεύγετε
757 1370 887 1454 βασιλέι·
905 1374 996 1454 φίλοι
1017 1372 1112 1454 γενέ-

112 1470 211 1542 σθαις
226 1458 326 1548 ὁρᾶτε
336 1461 413 1552 γάρ,
428 1461 472 1542 ἀς
483 1466 651 1534 ἐπίσταται
661 1462 817 1551 βασιλεύς
827 1463 951 1550 ἀνδρας
961 1460 1112 1549 ἀγαθούς

112 1566 229 1645 τιμᾶν,
246 1561 279 1638 ές
289 1561 350 1645 έμέ
357 1586 392 1629 τε
401 1564 457 1630 καί
467 1559 507 1628 τά
518 1560 580 1647 έμά
590 1560 767 1647 πρήγματα
778 1558 1031 1647 ἀποβλέποντες.
1050 1556 1113 1626 οὕ-

112 1683 158 1725 τω
178 1654 218 1743 δή
235 1659 290 1726 καί
311 1656 405 1744 ὑμεῖς
421 1665 452 1726 εί
465 1662 573 1744 δοίητε
589 1656 693 1744 ὑμέας
710 1654 833 1735 αύτοὺς
850 1659 993 1745 βασιλέ’
1016 1654 1112 1724 δεδό·

112 1760 222 1835 ξωσθε
233 1752 299 1842 γάρ
315 1755 399 1844 πρὸς
411 1755 517 1828 αὑτοῦ
530 1756 652 1846 ἀνδρες
662 1757 748 1828 εἶναι
762 1754 895 1843 ἀγαθοί·
918 1760 1054 1835 ἕκαστος
1068 1754 1112 1824 ἀν

112 1856 225 1944 ὑμέων
240 1854 336 1943 ἀρχοι
351 1863 412 1943 γῆς
422 1854 577 1935 Ἐλλάδος
592 1858 710 1935 δόντος
720 1859 882 1944 βασιλέος.
904 1853 996 1942 Πρός
1009 1861 1112 1924 ταῦτα

112 1953 335 2042 ὑπεκρίναντο
351 1955 445 2025 τάδε·
459 1953 634 2043 Ὕδαρνες,
650 1953 713 2025 οὑκ
724 1958 758 2039 έξ
768 1966 844 2025 ίσου
857 1962 983 2044 γίνεται
994 1953 1015 2043 ἡ
1027 1976 1113 2041 συμ-

112 2062 229 2145 βουλίη
244 2052 266 2142 ή
281 2059 314 2134 ές
334 2053 436 2144 ήμέας
450 2064 615 2125 τείνουσα.
643 2064 704 2125 τοῦ
718 2056 780 2143 μέν
795 2054 859 2143 γὰρ
874 2058 1112 2143 πεπειρημένος

112 2153 371 2241 συμβουλεύεις,
393 2161 454 2223 τοῦ
469 2154 505 2223 δέ
520 2152 656 2241 ἀπειρος
672 2155 745 2223 έύν.
772 2152 809 2223 τὸ
830 2154 893 2241 μέν
906 2150 972 2240 γάρ
993 2157 1113 2229 δοῦλος

113 2254 197 2325 εἶναι
210 2256 408 2342 ἐξεπίστεαι,
426 2258 619 2342 ἐλευθερίης
637 2257 673 2322 δὲ
687 2252 778 2321 ούιιω
791 2253 981 2340 ἐπειρήθης,
996 2247 1068 2321 οὔτ’
1084 2252 1115 2319 εί

112 2362 181 2425 έστι
194 2351 302 2440 γλυκὺ
318 2352 393 2423 οὔτ’
409 2362 439 2425 εί
451 2355 506 2441 μή.
535 2360 566 2423 εί
579 2351 645 2441 γάρ
659 2350 762 2439 αύτής
782 2352 971 2437 πειρήσαιο,
994 2348 1056 2417 οὑκ
1070 2344 1114 2415 ἀν

112 2455 254 2541 δούρασι
267 2454 511 2539 συμβουλεύοις
524 2450 605 2538 ἡμῖν
622 2454 697 2535 περὶ
711 2448 812 2534 αὐτῆς
826 2447 1007 2533 μάχεσθαι,
1030 2444 1113 2513 ἀλλά

112 2556 169 2621 καὶ
182 2555 342 2621 πελέκεσι.
370 2558 481 2619 Ταῦτα
497 2548 729 2637 μέν’Τδάρνεα
745 2546 937 2633 ἀμείψαντο,
954 2548 1114 2615 ἐνθεῦτεν
1131 2560 1181 2615 136

113 2651 150 2718 δέ
170 2648 214 2727 ὡς
231 2646 400 2736 ἀνέβησαν
420 2650 454 2727 ές
466 2655 599 2735 Σοῦσα,
621 2650 677 2716 καὶ
695 2651 825 2735 βασιλέϊ
843 2647 876 2725 ές
896 2644 975 2727 ὄψιν
991 2638 1112 2731 ήλθον,

112 2754 227 2833 πρῶτα
237 2746 300 2831 μέν
310 2752 379 2815 τῶν
392 2746 597 2834 δορυφόρων
606 2745 815 2815 κελευόντων
825 2748 880 2815 καλ
892 2743 1042 2832 ἀνάγκην
1053 2764 1113 2829 σφι

112 2840 376 2931 προσφερόντων
389 2848 610 2932 προσκυνέειν
622 2849 760 2933 βασιλέα
775 2851 1040 2933 προσπίπτοντας
1051 2841 1114 2912 οὐκ

114 2951 243 3030 έφασαν
269 2940 456 3029 ὠθεόμενοι
475 2942 559 3033 πρὸς
582 2940 695 3011 αὑτῶν
717 2946 770 3012 έπλ
793 2940 942 3029 κεφαλήν
962 2941 1114 3029 ποιήσειν

113 3050 217 3111 ταῦτα
233 3040 374 3130 ούδαμί·
401 3043 479 3114 ούτε
497 3044 563 3131 γάρ
580 3066 641 3133 σφι
662 3045 806 3137 ἐννόμῳ
826 3043 910 3113 εἶναι
930 3042 1113 3129 ἄνθρωπον

113 3144 336 3226 προσκυνέειν
347 3139 424 3210 οὔτε
435 3142 518 3211 κατὰ
528 3150 633 3213 ταῦτα
643 3142 752 3230 ήκειν·
762 3141 806 3222 ὡς
816 3144 853 3211 δέ
868 3139 1112 3229 ἀπεμαχέσαντο

115 3241 230 3323 τοῦτο,
245 3236 385 3323 δεύτερά
399 3258 460 3325 σφι
470 3243 606 3325 λέγουσι
618 3242 698 3309 τάδε
708 3243 763 3309 καὶ
776 3238 880 3326 λόγου
894 3242 1026 3307 τοιοῦδε
1040 3236 1114 3325 έχό·

114 3359 215 3421 μευα·
233 3325 272 3400 Ὦ
282 3341 421 3422 βασιλεύ
433 3339 575 3427 Μήδων,
586 3347 738 3427 ἔπεμψαν
748 3336 1113 3428 ήμέαςΛακεδαιμόνιοι

115 3432 189 3502 ἀντί
202 3438 271 3500 τόν
284 3434 474 3583 ένΠΣποίρτη
483 3435 703 3526 ἀπολομένων
713 3437 881 3526 κηρύκων,
897 3434 1019 3590 ποβὲήν
1030 3440 1114 3509 ἐκεί,

199 3543 298 3582 ΗΕΒΟΙ).
341 3569 349 3583 ε
