2500 3925
142 190 204 294 ει
539 230 791 290 amnon

161 399 229 461 τῶν
243 399 423 480 κειμηλίων
437 398 506 459 τῶν
517 388 714 478 Ἀρίστωνος
725 386 907 477 ὁἈγητος,
926 391 982 458 καὶΙ
997 385 1105 468 αὐτος
1124 384 1200 474 τὴν

78 509 83 518 ’
161 486 282 577 ὁμοίην
299 490 422 576 ζητέων
437 491 603 576 φέρεσθαι
622 485 703 575 παρ’
720 491 868 576 ἐκείνου,
888 490 1043 556 ίνθαῦτα
1060 482 1105 574 δὴ
1124 491 1201 554 τοῦ

159 592 293 674 ἑταίρου
303 585 366 676 τήν
375 601 520 674 γυναῖκα
530 588 682 674 ἐπειρᾶτο
695 581 897 673 ἀπάγεσθαι.
916 583 934 654 ὁ
948 587 985 653 δέ
995 581 1090 672 πλήν
1102 580 1201 652 '⁶025-

158 713 221 755 του
232 685 365 773 μοάνου
375 683 416 753 τὰ
425 684 510 754 άλλα
522 683 586 771 ἔφη
597 685 797 752 καταινέσαι.
810 680 1089 772 ἀναγκαζόμενος
1101 685 1201 770 μέν·

158 809 211 853 τοι
224 790 271 876 τῷ
285 809 322 852 τε
337 783 427 875 ὅρκῳ
442 785 497 852 καὶ
511 789 569 868 τῆς
583 778 711 868 άτάτης
724 788 764 871 τῇ
774 789 961 871 παραγωγῇ
976 779 1074 850 άπίει
1093 777 1200 848 άπά-

110 897 146 954 63
160 893 292 970 γεσθαι.
332 880 432 951 Οὕτω
446 879 508 968 μέν
528 876 569 965 δή
583 878 647 965 τήν
660 886 775 967 τρίτην
797 879 977 968 ἐσηγάγετο
994 891 1159 966 γυναῖκα
1177 874 1198 946 ὁ

155 976 333 1066 Ἀρίστων,
348 977 411 1065 τήν
426 980 588 1061 δευτέρην
597 974 898 1064 ἀποπεμψάμενος,
917 979 955 1045 ἐν
971 981 1013 1046 δέ
1021 981 1059 1045 οί
1067 976 1198 1066 χρόνῳ

160 1077 318 1144 ἐλάσσονι
328 1077 383 1145 καλ
391 1074 434 1144 οὐ
444 1075 649 1163 πληρώσασα
658 1070 737 1155 τούς
748 1077 828 1144 δέκα
838 1082 946 1163 μῆνας
956 1074 977 1165 ἡ
989 1074 1085 1163 γυνὴ
1097 1073 1199 1162 αὕτη

159 1179 262 1241 τίκτει
272 1180 393 1242 τοῦτον
404 1171 445 1260 δή
459 1171 520 1241 τόν
530 1171 745 1260 Δημάρητον.
757 1181 828 1242 Ικαί
834 1181 883 1254 τίς
893 1179 927 1243 οί
936 1183 1007 1243 τῶν
1020 1176 1192 1244 οίκετέωι

159 1276 198 1343 ἐν
212 1274 316 1364 θάκμ
330 1276 504 1363 κατημένῳ
519 1269 683 1359 μετὰτῶν
701 1272 835 1360 ἐφόρων
851 1276 1062 1363 ἐξαγγέλλει,
1089 1274 1142 1355 όές
1160 1283 1200 1345 οί

159 1389 237 1454 παῖς
250 1377 377 1462 γέγονε.
400 1371 418 1442 ὁ
432 1373 468 1442 δὲ
480 1372 696 1458 ἐπιστάμενός
706 1399 742 1441 τε
753 1372 813 1442 τόν
822 1375 959 1463 χρόνον,
971 1383 1020 1466 τῷ
1031 1372 1196 1463 ἠγάγετο

158 1472 222 1561 τήν
232 1487 393 1561 γυναίκα,
412 1475 467 1541 καί
479 1474 531 1542 ἐπί
541 1472 717 1542 δακτύλων
730 1473 1008 1562 συμβαλλόμενος
1018 1471 1107 1554 τούς
1115 1483 1194 1564 μῆ-

159 1597 221 1650 νας
231 1568 302 1639 εέπε
312 1568 501 1659 ἀπομόσας·
520 1567 593 1638 Οὐκ
608 1566 653 1637 άν
664 1567 739 1657 ἐμός
750 1580 817 1657 είη·
832 1579 932 1641 τοῦτο
944 1570 1110 1660 ἥκουσαν
1123 1576 1196 1660 μὲν

159 1676 194 1739 οί
209 1676 343 1757 ἐφοροι,
367 1676 504 1757 πρῆγμα
523 1670 636 1757 μέντοι
651 1666 752 1737 οὐδέν
766 1671 968 1760 ἐποιήσαντο
985 1669 1025 1742 τό
1040 1697 1195 1760 παραυ-

158 1774 247 1836 τίκα·
268 1763 340 1836 ὁδέ
358 1781 436 1845 παις
451 1765 586 1854 αὔξετο,
610 1769 666 1835 καλ
683 1773 728 1859 τῷ
744 1764 917 1852 Ἀρίστωνι
934 1768 973 1839 τὸ
994 1775 1190 1860 είρημένον

158 1865 330 1953 μετέμελε·
358 1869 461 1934 παῖδα
481 1863 547 1953 γὰρ
567 1863 628 1933 τὸν
642 1865 848 1953 Δημάρητον
868 1869 901 1946 ἐς
922 1867 964 1937 τά
980 1869 1139 1957 μάλιστά
1157 1875 1192 1944 ot

158 1962 294 2051 ἐνόμισε
312 1962 406 2033 εἶναι.
456 1964 663 2052 Δημάρητον
677 1961 714 2031 δὲ
734 1960 824 2055 αὐτῷ
846 1964 977 2055 οὕνομα
999 1976 1105 2043 ἐθετο
1126 1972 1190 2043 διά

157 2063 253 2132 τάδε·
268 2063 434 2150 πρότερον
445 2064 576 2131 τούτων
589 2064 753 2148 πανδημεί
765 2070 973 2153 Σπαρτιῆται
985 2066 1188 2161 Ἀρίστωνι,

158 2159 204 2239 ὡς
220 2158 319 2246 άνδρλ
333 2159 562 2250 εὐδοκιμέοντι
573 2157 628 2229 διά
639 2160 777 2229 πάντων
788 2159 829 2249 δή
841 2168 909 2230 τῶν
923 2166 1098 2253 βασιλέων
1110 2179 1189 2241 τῶν

157 2262 196 2327 ἐν
228 2257 366 2347 Σπάρτη
390 2256 596 2345 γενομένων,
621 2250 709 2341 ἆρὴν
741 2260 938 2347 ἐποιήσαντο
955 2272 1064 2337 παῖδα
1077 2277 1184 2358 γενέι

156 2368 254 2428 σθαι·
282 2356 339 2427 διά
365 2365 464 2427 τοῦτο
486 2362 548 2448 μέν
571 2361 606 2428 οί
623 2355 661 2426 τό
681 2356 811 2443 οὔνομα
830 2359 1184 2461 Δημάρητοςέτέθη.

105 2478 140 2534 64
155 2459 295 2543 Χρόνου
305 2460 343 2528 δὲ
356 2460 533 2546 προϊόντος
544 2456 703 2546 Ἀρίστων
716 2458 778 2543 μὲν
790 2455 952 2554 άτιέθανε,
964 2468 1187 2559 Δημάρητος

34 2559 36 2563 ’
157 2562 194 2629 δέ
209 2565 282 2648 ἔσχε
294 2556 357 2648 τήν
368 2566 554 2648 βασιληίην.
576 2564 648 2629 ἐδεε
658 2557 705 2645 δὲ,
723 2553 767 2637 ὥς
780 2556 860 2647 οἶκε,
876 2557 1058 2636 ἀνάπυστα
1071 2576 1185 2657 γενό-

154 2687 241 2750 μενα
251 2666 355 2729 ταῦτα
366 2668 576 2730 καταπαῦσαι
587 2658 795 2747 Δημάρητον
807 2666 864 2745 τῆς
876 2668 1072 2755 βασιληίης,
1091 2669 1181 2741 δι’ὃὶ

154 2762 339 2847 Κλεομένει
352 2762 514 2850 διεβλήθη
531 2759 684 2848 μεγάλως
698 2757 865 2845 πρότερόν
878 2785 914 2827 τε
929 2757 947 2829 ὁ
963 2765 1182 2855 Δημάρητος

152 2855 339 2945 άτιαγαγόν
348 2858 411 2948 τήν
423 2857 581 2947 στρατιήν
593 2861 625 2940 ἐξ
638 2855 824 2936 Ἐλευσῖνος
838 2861 893 2927 καί
905 2857 946 2947 δή
961 2865 1018 2932 καί
1028 2864 1108 2935 τότε
1120 2872 1168 2937 έιτ

102 2974 136 3028 6⁵
152 2963 361 3046 Αἰγινητέων
371 2956 451 3038 τούς
461 2961 665 3046 μηδίσαντας
675 2954 1082 3046 διαβάντοςΚλεομένεος.
1094 2963 1180 3050 ‘00-

151 3063 273 3148 μηθεὶς
286 3054 336 3128 τόν
350 3057 575 3129 άποτίνυσθαι
590 3055 608 3126 ὁ
623 3056 815 3143 Κλεομένης
827 3063 1025 3128 συντίθεται
1036 3070 1179 3134 Λευτυ-

150 3167 226 3249 χίδη
239 3166 286 3252 τῷ
298 3160 476 3243 Μενάρεος
489 3166 550 3228 τοῦ
556 3158 679 3248 Ἀγιος,
692 3157 781 3227 ἐόντι
793 3164 899 3246 οίκίης
909 3166 968 3249 τῆς
980 3159 1086 3252 αὐτῆς
1098 3177 1180 3256 Δη.

150 3262 298 3352 μαρήτμ,
315 3257 368 3331 ἐπ’
381 3252 464 3353 ᾧτε,
479 3256 524 3348 ήν
535 3258 641 3329 αὐτόν
655 3259 845 3349 καταστήσῃ
855 3264 996 3349 βασιλέα
1008 3260 1086 3333 ἀντὶ
1097 3261 1188 3389 Δή-Ι

151 3355 321 3446 μαρήτου,
344 3358 462 3438 ἕψεταί
473 3361 506 3424 οί
518 3353 571 3424 ἐπ’
589 3355 781 3442 Αἰγινήτας.
813 3351 831 3423 ὁ
851 3354 888 3421 δέ
903 3362 1116 3448 ,Λευτυχίδης
1130 3390 1180 3453 ην

149 3454 272 3543 ἐχθρὸς
283 3462 331 3547 τῷ
342 3454 534 3549 Δημαρήτῳ
548 3456 691 3544 μάλιστα
703 3451 852 3542 γεγονός
869 3451 925 3522 διά
940 3463 1081 3545 πρῆγμα
1098 3486 1176 3532 τοι.
