2500 3925
131 223 175 288 40
513 225 770 284 HERODOTI

133 383 219 473 πρὸς
229 382 270 453 τά
288 380 478 471 ἀγάλματα,
497 381 539 451 ου’
551 387 764 471 δυναμένους
775 384 812 452 δέ
827 379 1019 452 ἀνασπάσαι
1031 385 1068 452 ἐκ
1079 391 1150 452 των

135 485 280 574 βάθρων
300 481 385 552 αιἰτδι
407 481 496 551 οὕτω
515 479 555 569 δη
572 486 860 572 περιβαλομένους
874 488 1005 570 σχοινία
1025 482 1148 569 ἕλκειν,

136 585 169 662 ές
189 578 209 650 ὃ
229 579 392 668 ἑλκόμενα
411 577 452 648 τὰ
474 577 650 667 ἀγάλματα
670 578 845 668 ἀμφότερα
867 576 975 648 τολυτδ
998 587 1149 667 ποιῆσαι,

137 684 282 770 έμολμὲν
293 678 334 748 οὐ
344 676 445 748 πιστοὶ
456 680 620 766 λέγοντες,
632 676 722 771 άλλςο
733 683 773 748 δέ
781 703 860 769 τεφ·
877 680 911 758 ἐς
920 677 1071 765 γούνατα
1080 678 1149 766 γάρ

138 803 199 868 σφι
214 776 299 849 αὐτὰ
315 791 447 865 πεσεῖν,
464 780 520 846 καὶ
533 774 594 846 τδν
609 774 675 846 ἀπὸ
687 778 812 846 τούτου
824 776 950 864 χρόνον
965 779 1150 846 διατελέειν

140 881 228 950 οὕτω
243 885 369 966 ἔχοντα.
407 875 609 964 Ἀθηναίους
622 877 685 964 μὲν
698 875 740 964 δὴ
757 884 862 945 ταῦτα
878 877 1022 963 ποιέειν,
1042 879 1149 963 σφέας

139 980 175 1048 δὲ
191 983 370 1065 Αίγινῆται
391 981 527 1063 λέγουσι
547 981 767 1063 πυθομένους
786 974 866 1056 τοὺς
879 973 1081 1065 Ἀθηναίους
1101 974 1153 1054 ὡς

138 1083 292 1167 μέλλοιεν
313 1078 366 1144 έπλ
391 1079 494 1163 σφέας
515 1077 775 1164 στρατεύεσθαι,
803 1077 955 1163 ἑτοίμους
977 1075 1151 1165 Ἀργείους

138 1176 323 1244 ποιέεσθαι.
343 1173 422 1252 τούς
431 1200 466 1241 τε
478 1171 517 1260 δὴ
530 1171 732 1260 Ἀθηναίους
746 1171 955 1262 ἀποβεβάναι
968 1177 1002 1254 ές
1015 1174 1078 1263 τὴν
1083 1181 1148 1245 Αί-

137 1279 290 1360 γιναίην,
315 1274 371 1344 καὶ
388 1285 545 1355 παρεῖναι
574 1271 771 1356 βωθέοντάς
787 1292 850 1358 σφι
871 1271 951 1351 τοὺς
965 1270 1151 1364 Ἀργείους,

137 1363 192 1440 καί
207 1379 328 1438 λαθεῖν
344 1394 380 1438 τε
394 1373 426 1450 ἐξ
437 1367 640 1456 Ἐπιδαάρου
654 1370 835 1459 διαβάντας
848 1373 882 1450 ές
895 1369 959 1459 τὴν
972 1379 1079 1460 νῆσον
1090 1372 1146 1441 καί

137 1470 179 1540 οὐ
193 1470 422 1557 προακηκοόσι
434 1484 520 1539 τοῖσι
530 1467 740 1557 Ἀθηναίοισι
754 1474 923 1540 ἐπιπεσεῖν
933 1468 1148 1557 ὑποταμομέ-

137 1594 220 1648 νους
234 1564 271 1635 τδ
287 1563 352 1635 άπό
369 1571 437 1634 τῶν
452 1571 556 1654 νεῶν,
572 1563 642 1653 άμα
652 1593 688 1656 τε
698 1570 737 1636 έν
749 1569 858 1659 τούτῳ
871 1566 934 1655 την
948 1568 1096 1657 βροντήν
1109 1593 1151 1636 τε

95 1690 129 1746 87
137 1669 297 1755 γενέσθαι
313 1667 369 1734 καὶ
382 1664 443 1734 τδν
458 1663 596 1751 σεισμδν
614 1664 753 1736 αὐτοῖσι.
774 1670 915 1754 Λέγεται
928 1671 991 1753 μέν
1005 1693 1071 1734 νυν
1082 1664 1131 1734 ὑπ

135 1765 293 1854 Ἀργείων
301 1790 337 1834 τε
348 1767 404 1834 καὶ
414 1767 622 1852 Αἰγινητέων
634 1764 725 1852 τάδε,
736 1762 950 1851 ὁμολογέεται
964 1766 1001 1834 δέ
1014 1768 1070 1834 καλ
1083 1762 1147 1832 ὑπ’

113 1917 117 1924 ·
134 1862 325 1952 Ἀθηναίων
346 1865 405 1932 ἕνα
426 1871 556 1950 μοῦνον
576 1862 638 1932 τδν
658 1861 879 1933 ἀποσωθέντα
897 1862 1012 1934 αὐτῶν
1033 1867 1067 1943 ές
1082 1861 1147 1951 την

135 1962 286 2054 Ἀττιιιην
299 1969 475 2052 γενέσθαι·
496 1960 586 2052 πλην
596 1961 738 2051 Ἀργεῖοι
751 1962 813 2050 μέν
827 1966 965 2050 λέγουσι
978 1961 1092 2032 αὐτῶν
1107 1960 1148 2030 τδ

136 2062 284 2133 Ἀττικδν
306 2063 533 2151 στρατόπεδον
559 2063 832 2151 διαφθειράντων
858 2060 919 2131 τδν
942 2065 1003 2131 ἕνα
1024 2070 1152 2131 τοῦτον

138 2165 386 2248 περιγενέσθαι,
397 2158 572 2248 Ἀθηναίοι
582 2164 619 2229 δέ
629 2169 691 2230 τοῦ
702 2165 895 2248 δαιμονίου·
908 2164 1148 2250 περιγενέσθαι

140 2263 254 2346 μέντοι
265 2257 344 2327 οὐδέ
355 2267 477 2327 τοῦτον
490 2257 552 2327 τὸν
566 2261 643 2346 ἕνα,
661 2255 735 2327 ἀλλ’
748 2254 936 2327 άπολέσθαι
945 2260 1060 2350 τρόπῳ
1073 2286 1149 2329 τοι·

141 2360 220 2448 ῷδε·
243 2354 491 2444 κομισθελςγδιρ
506 2354 1003 2445 έςτὰςἏθήναςάπήγγειλετδ
1015 2360 1146 2440 πάθος

139 2458 336 2540 πυθομένας
350 2455 386 2523 δὲ
396 2452 455 2535 τὰς
464 2471 626 2543 γυναῖκας
636 2462 705 2525 τῶν
716 2453 769 2525 ἐπ’
782 2466 930 2545 Αίγιναν
940 2477 1149 2548 στρατευσα·

139 2558 251 2641 με’νων
265 2550 418 2641 ἀνδρῶν,
439 2557 554 2627 δεινόν
572 2584 605 2625 τι
624 2563 849 2646 ποιησαμένας
869 2562 1000 2630 ἐκεῖνον
1013 2570 1150 2648 μοῦνον

139 2654 172 2731 ἐξ
188 2647 347 2719 ἁπάντων
361 2659 531 2741 σωθῆναι,
551 2656 646 2740 πέριξ
664 2651 726 2721 τὸν
741 2651 928 2741 ἄνθρωπον
947 2664 1069 2727 τοῦτον
1082 2668 1147 2729 λα-

138 2752 620 2844 βούσαςκαίκεντεοάσαςτησι
633 2756 796 2845 περόνησι
809 2764 878 2825 τοῖν
892 2762 1033 2844 ίματίυν
1046 2766 1147 2848 είρω-

137 2860 201 2922 τάν
215 2852 357 2939 ἑκάστην
371 2849 516 2940 αὐτέων,
529 2851 592 2942 ὅκη
604 2864 655 2940 είη
667 2851 685 2921 ὁ
698 2855 823 2941 ἑωυτῆς
833 2851 930 2943 άνήρ.
952 2856 1008 2925 καί
1021 2864 1148 2926 τοῦτον

138 2955 200 3039 μέν
216 2949 305 3019 οὕτω
320 2955 568 3038 διαφθαρῆναι,
586 2950 795 3038 Ἀθηναίοισι
812 2951 848 3021 δέ
869 2959 917 3021 έτι
936 2961 998 3021 τοῦ
1014 2955 1146 3035 πάθεος

139 3050 332 3138 δεινότερόν
345 3077 378 3119 τι
392 3050 485 3130 δόξαι
501 3048 585 3118 εἶναι
598 3048 636 3119 τὸ
648 3057 717 3119 τῶν
725 3058 900 3137 γυναικῶν
914 3057 1023 3138 ἔργον.
1052 3052 1147 3145 άλλφ

138 3152 200 3238 μέν
216 3146 257 3235 δὴ
273 3146 336 3216 οὐκ
351 3153 438 3233 ἔχειν
452 3146 534 3237 ὅτεῳ
550 3149 738 3235 ζημιώσωσι
756 3147 816 3227 τὰς
831 3162 1010 3237 γυναῖκας,
1027 3148 1091 3238 την
1106 3155 1147 3221 δὲ

138 3252 264 3335 ἐσθῆτα
280 3250 462 3333 μετέβαλον
476 3243 606 3315 αὐτέων
623 3250 657 3327 ές
669 3245 732 3335 την
741 3246 846 3317 Ἰάδα·
864 3249 1008 3337 ἐφόρεον
1021 3249 1085 3338 γάρ
1100 3248 1146 3336 δὴ

137 3342 202 3434 πρὸ
218 3351 279 3413 τοῦ
296 3350 332 3413 αί
346 3352 414 3413 τῶν
425 3343 615 3433 Ἀθηναίων
629 3361 787 3433 γυναῖκες
800 3349 926 3434 ἐσθῆτα
935 3352 1086 3435 Δωρίδα,
1101 3357 1147 3437 τῇ

142 3451 306 3533 Κορινθίη
325 3445 666 3533 παραπλησιωτάτην
691 3447 874 3533 μετέβαλον
895 3438 945 3516 dv
960 3448 993 3525 ές
1009 3443 1071 3514 τὸν
1092 3454 1144 3516 λί-
