2500 3925
303 276 391 334 ΗΒ.
422 276 468 334 111.
500 274 597 336 cAP.
631 284 806 339 loz-107.
996 276 1058 343 26?

82 430 182 503 λοισιό
200 433 349 514 εωθινός.
379 430 489 502 aaz*
454 457 491 502 το
514 430 580 501 όπδ
597 434 722 505 τούτου
735 432 845 507 ἆπιδν
857 442 910 513 aaa
930 446 1059 567 μᾶλλον

82 531 175 618 υόχει,
189 529 254 611 ές“
233 559 252 601 ο
264 534 316 601 ἐπὶ
325 537 470 623 δυσμῇσι
485 531 551 602 ἐόν
564 532 669 604 καῖ’
633 563 670 605 το
684 536 791 625 κόρτα
801 539 909 629 ψόχει.
939 538 1059 613 Ἐπεδν
1075 562 1128 621 1οι

82 633 228 697 δὲέλθωσι
245 628 327 709 ἐς
291 656 354 697 τον
373 637 484 719 χοῖρον
500 637 535 701 ολ
549 629 648 704 Ἰνδοὶ
665 640 796 723 ἔχοντες
808 640 977 728 θυλάκια,
999 643 1057 728 έμ-

79 729 238 819 πλήσαντες
257 737 363 799 ταῦτα
382 737 439 817 τῆς
450 731 600 857 ψάμμου
618 760 682 822 την
702 744 859 827 ταχίστην
875 739 1057 808 ἐλαύνουσι

79 827 179 898 ὀπίσω
199 827 318 899 αὐτίκα
338 855 405 917 μαρ
427 835 461 899 οἰ
479 830 652 919 μύρμηκες
672 830 821 925 όδμῇ,’
798 862 843 915 ως
864 833 905 924 δὴ
928 838 1058 923 λέγεται

80 926 131 997 ὑπο
121 925 316 1018 ’Περσέωη
337 929 506 1018 μαθόντες
526 932 697 1002 διόιιονσι.
731 932 817 1003 εἶναι
838 934 875 1003 δέ
895 940 1058 1023 ταχυτῆτα

78 1024 205 1096 οὐδενί*
188 1031 287 1121 ετέρφ
309 1026 444 1116 ὁμοίαν,
466 1026 556 1097 οὕτω
571 1028 672 1119 ωστε,
695 1038 725 1101 εί
739 1030 785 1121 μὴ
806 1033 1058 1123 προλαμβάνειν

77 1123 138 1206 τοδς
148 1126 323 1209 Ὶνδούς
282 1156 342 1215 της
357 1126 441 1197 ὁδοῦ
453 1121 533 1197 ἐν’
505 1156 532 1220 φ
540 1126 621 1209 τούς
632 1131 808 1253 μύρμηκας
822 1136 1056 1220 συλλέγεσθαι,

76 1227 209 1297 οὐδέυα”
190 1257 233 1297 αν
252 1252 370 1316 σφεων
390 1227 633 1311 ἀποσώζεσθαι.
656 1230 736 1311 τούς
754 1236 817 1319 μέν
836 1260 902 1301 νυν
920 1238 1056 1321 ἔρσενας

76 1336 128 1396 τόν
147 1330 322 1419 καμήλων,
345 1327 491 1400 dvm*
451 1356 516 1416 γαρ
537 1332 678 1411 ἕσσονας
700 1333 797 1401 θέειν
816 1339 885 1400 τῶν
909 1335 1055 1421 θηλέων,

69 1434 306 1520 ἐπελκομένους,
329 1432 415 1522 ὁμοῦ
432 1432 662 1524 ἀμφοτέρους,
685 1434 745 1515 τδς
770 1434 809 1505 δὲ
831 1436 957 1523 θηλέας
973 1432 1056 1505 οἰνα-

68 1537 313 1623 μιμνησκομένας
335 1541 405 1605 τῶν
427 1541 543 1606 ἔλιπον
564 1537 693 1607 τέκνων
717 1535 886 1607 ἐνδιδόναι
909 1533 1061 1626 μαλακὰν

67 1631 158 1703 οὐδέν.
194 1634 258 1705 τόν
280 1634 343 1724 μέν
365 1634 407 1724 δὴ
430 1640 520 1707 πλέω
541 1643 604 1707 τοῦ
635 1642 765 1729 χρυσοῦ
787 1637 878 1709 οὕτω
901 1642 938 1709 οί
955 1635 1059 1708 Ἰνδοὶ

67 1736 209 1823 κτέονται,
229 1734 277 1817 ὦς
293 1738 422 1822 Πέρσαι
438 1745 538 1826 φασί·
573 1737 675 1820 ἄλλος
692 1737 731 1808 δέ
749 1737 973 1827 σπανιότερός
993 1740 1060 1807 ἐστι

68 1838 95 1901 έν
107 1840 143 1925 τῇ
160 1838 254 1928 χόρη
272 1831 511 1928 ὀρυσσόμενος.

132 1947 176 2012 At
187 1938 219 2010 δ’
238 1942 388 2029 ἐσχατιαί
397 1967 464 2018 κως
478 1946 536 2027 τῆς
546 1943 743 2029 οἰκεομένης
752 1935 793 2008 τό
804 1936 964 2008 κάλλιστα
975 1942 1053 2008 ἔλα·
1068 1956 1120 2013 106

67 2066 127 2128 χον,
156 2041 306 2131 κατάπερ
334 2037 484 2127 ἡἙλλδς
502 2037 562 2118 τὰς
583 2038 673 2127 ὥρας
692 2038 821 2110 πολλόν
840 2066 872 2109 τι
892 2036 1052 2109 κόλλιστα

67 2142 253 2229 κεκρημένας
269 2145 372 2227 ἔλαχε.
405 2145 504 2209 τοῦτο
519 2141 583 2226 μὲν
596 2136 663 2226 γὰρ
685 2135 770 2226 πρὸς
784 2135 847 2226 τὴν
865 2135 915 2225 ἠοῖ
933 2136 1051 2225 έσχαὶτη

67 2246 119 2308 τόν
131 2244 333 2328 οίκεομένιον
346 2235 367 2326 ἡ
380 2236 502 2326 Ἰνδική
517 2241 603 2325 ἐστι,
626 2238 739 2327 ὥσπερ
757 2234 858 2330 όλίχφ
885 2237 1052 2326 πρότερον

65 2350 175 2455 είρηκα·
197 2343 238 2409 έν
251 2338 356 2427 ταότη
369 2339 543 2424 τοῦτομὲν
553 2333 736 2424 τᾶέμφυχα
749 2334 938 2420 τετράποδά
948 2361 984 2404 τε
996 2338 1052 2404 καὶ

64 2435 94 2503 ιδ
106 2463 236 2507 πετεινα
249 2443 363 2529 πολλφ
379 2431 500 2523 μέξω“
478 2463 499 2522 η
514 2439 552 2504 έν
567 2451 655 2505 τοῖσι
669 2434 799 2507 ἄλλοισι
810 2441 962 2524 χωρίοισί
969 2436 1049 2522 έστι,

63 2536 149 2620 πάρεξ
163 2544 235 2607 τῶν
253 2540 368 2604 ιππων
388 2527 496 2624 (οὗτοι
512 2535 549 2603 δὲ
571 2531 782 2604 ἑσσοῦνται’
764 2531 831 2601 υπδ
852 2559 921 2601 των
935 2535 1050 2620 Μηδι-

64 2644 134 2756 κρλν,
153 2643 310 2707 Νισαίων
325 2635 363 2703 δὲ
382 2639 599 2721 καλεομένων
620 2637 767 2720 ἵππων),
788 2638 887 2701 τοῦτο
909 2633 946 2700 δέ
966 2656 1049 2720 χρυ-

63 2733 108 2816 σός
119 2736 258 2817 ἄπλετος
272 2733 395 2805 αὐτόθι
409 2736 493 2820 έστλ,
510 2759 528 2801 ο
515 2729 633 2820 ’μέν’
616 2733 854 2821 ορυσσόμενος,
870 2727 938 2798 666
948 2755 1051 2799 κατα·

64 2836 257 2924 φορεόμενος
277 2830 345 2904 ὑπὸ
360 2859 536 2920 ποταμων,
559 2859 577 2901 ο
564 2828 673 2901 ‘⁸⁸66
646 2852 757 2918 ωσπερ
773 2825 956 2918 έσημηνα*
939 2854 1049 2915 αρπα-

64 2932 189 3018 ζόμενος.
213 2931 312 3002 τὰδὲ
333 2936 474 3020 δένδρεα
494 2957 536 2998 τα
551 2955 652 3016 αχρια
667 2925 792 2996 αὐτόθι
809 2929 904 3014 φέρει
918 2921 1050 3012 καρπὸν

64 3039 132 3116 είρια
152 3041 299 3122 καλλονῇ
321 3059 357 3100 τε
377 3035 591 3119 προφέροντα
611 3026 709 3098 καδ’
689 3033 790 3116 αρετῇ
806 3031 875 3094 τοῖν
895 3021 960 3091 όπδ
982 3029 1050 3090 τῶν

62 3124 142 3196 ὀίων·
164 3133 221 3199 καὶ
241 3134 412 3218 έσθῆτιί
378 3157 397 3199 ο
398 3126 567 3199 c'lvooz'
548 3126 614 3196 απδ
639 3127 770 3197 τούτων
791 3130 860 3192 τῶν
882 3123 1050 3209 δενδρέων

62 3232 206 3312 ῖνέοιται.
249 3229 390 3319 Πρόςδ’
412 3257 457 3300 αυ
445 3224 716 3318 μεσαμβρίης’
698 3225 818 3312 εσχοὶτη
832 3219 967 3310 Ἀραβίη
981 3230 1050 3291 τῶν
1067 3239 1117 3298 1ολ

60 3331 246 3430 νίκεομένων
259 3331 395 3416 χωρέων
410 3331 533 3416 έστὶ,’
516 3355 554 3397 εν
567 3329 604 3396 6
618 3328 724 3414 ταότη
735 3320 918 3410 λιβανωτός
931 3348 966 3389 τε
961 3324 1050 3393 ’ἐστι

61 3450 155 3517 mvn
170 3433 304 3516 χωρέων
319 3433 453 3498 πασέων
468 3431 640 3515 φυόμενος
655 3429 710 3494 καὶ
728 3419 860 3537 σμύρνη
880 3421 935 3487 και
951 3430 1048 3510 κασίη

61 3525 103 3590 καὶ
121 3528 337 3616 κιννάμωμον
357 3529 412 3595 καὶ
432 3527 590 3615 λη’δανον.
623 3530 728 3591 ταῦτα
746 3517 855 3586 πάντα
880 3514 969 3600 πλὴν
990 3523 1049 3602 τῆς
