2500 3925
323 289 408 346 121ss.
441 288 511 344 vm.
544 286 643 344 ολε.
674 293 816 347 ιιι-σι.
1012 282 1074 346 243

50 456 219 538 ποταμοῦ
240 447 495 535 ἐστρατεύοντο·
531 438 724 533 Θεσπρωτοὶ
743 446 808 532 γύρ
830 451 892 515 είσι
915 450 949 515 oc
968 443 1074 533 ὁμου·

51 554 199 637 ρέοντες
216 544 474 637 Ἀμπρακιήτησι
494 546 549 611 καί
562 547 794 631 Λευκαδίοισι,
811 550 844 613 οἳ
860 546 893 624 ἐξ
910 547 1072 631 ἐσχατέων

51 651 202 737 χωρέων
216 645 463 734 ἐστρατεύοντο.
492 648 561 709 τῶν
578 641 614 710 δέ
632 638 725 721 ἐκτδς
739 641 868 711 τούτων
885 646 1072 730 οἰκημένων

52 753 296 835 Κροτωνιῆται
307 750 429 833 μοῦνοι
440 736 536 831 ἦσαν,
547 746 582 810 οἳ
602 738 781 826 ἐδόθησαν
801 748 840 831 τῇ
849 738 981 810 Ἐλλάδι
996 768 1071 811 κιν·

54 845 258 933 δυνευούση
269 848 403 933 νηλμιῇ,
411 848 468 929 τῆς
478 834 558 929 ήρχε
567 835 654 926 ἀνὴρ
666 840 735 926 τρίς
746 846 949 926 πυθιονίκης
955 841 1071 909 Φύύλ-

54 954 134 1023 λος·
154 947 385 1030 Κροτωνιῆται
397 941 540 1026 δέγένος
551 935 751 1024 είσὶἈχαιοί.
772 942 959 1027 Οίμέννυν
971 937 1066 1009 ἄλλοι
1083 954 1118 1009 48

56 1042 219 1130 τριήρεας
232 1038 452 1126 παρεχόμενοι
470 1036 725 1123 ἐστρατεύοντο,
742 1035 871 1124 Μήλιοι
886 1038 922 1107 δέ
937 1042 992 1108 καὶ
1006 1045 1070 1108 Σί-

56 1165 159 1227 φνιοι
174 1140 229 1207 καί
244 1142 401 1225 Σερίφιοι
420 1139 713 1225 πεντηκοντέρους.
748 1134 876 1223 Μήλιοι
890 1138 953 1225 μὲν
972 1141 1069 1225 γένος

56 1239 174 1318 ἐόντες
197 1235 261 1306 ύπό
279 1241 528 1323 Λακεδαίμονος
542 1234 613 1325 ,δύο
635 1241 848 1323 παρείχοντο,
870 1243 1009 1325 Σίφνιοι
1033 1240 1069 1306 δέ
1118 1298 1120 1301 .

57 1342 115 1407 καὶ
130 1332 408 1424 ΣερίφιοιἼωνες
422 1334 532 1412 ἐόντες
547 1329 606 1400 ἄπ’
625 1330 798 1420 Ἀθηνέων
813 1342 894 1422 μίαν
908 1335 1066 1422 ἑκάτεροι.

59 1432 209 1524 ἀριθμὸς
223 1435 260 1502 δὲ
273 1435 403 1521 ἐγένετο
420 1428 438 1500 ὁ
453 1438 518 1511 πᾶς
531 1437 601 1499 τόν
616 1439 722 1519 νεῶν,
743 1432 846 1521 πύρεξ
861 1440 930 1501 τῶν
947 1458 1069 1519 πεντη-

60 1536 247 1618 κοντέρων,
264 1528 349 1601 όκτιδ
364 1532 421 1599 καί
434 1530 664 1618 ἐβδομήκοντα
679 1533 734 1600 καλ
748 1532 946 1620 τριηκόσιαι.

140 1628 200 1709 Ὡς
216 1631 252 1699 δέ
267 1631 300 1710 ές
312 1626 375 1718 τήν
389 1637 567 1717 Σαλαμῖνα
581 1635 756 1717 συνῆλθον
768 1636 802 1701 οἱ
811 1632 988 1719 στρατηγοί
998 1627 1062 1698 ιἰπδ
1081 1640 1116 1697 49

62 1736 129 1796 τῶν
145 1732 329 1816 εἰρημένων
345 1734 490 1814 πολίων,
511 1728 732 1816 ἐβουλεύοντο
747 1733 934 1817 προθέντος
952 1724 1067 1813 Πόρν-

62 1828 185 1901 διύδεω
195 1825 336 1915 γνεύμην
347 1824 598 1916 ἀποφαίνεσθαι
608 1823 670 1896 τόν
679 1827 900 1916 βουλόμενον,
912 1825 996 1897 ὅκου
1008 1831 1066 1895 δο-

62 1934 131 1999 κέοι
145 1928 406 2016 ἐπιτηδεότατον
421 1926 506 1998 είναι
525 1934 714 2017 ναυμαχίην
729 1928 903 1999 ποιέεσθαι
920 1934 987 1998 τόν
1002 1924 1065 1997 αύ-

62 2030 111 2095 τοὶ
121 2030 256 2114 χωρέων
267 2029 439 2115 ἐγκρατέες
450 2033 527 2097 είσί·
538 2025 560 2115 ἡ
571 2025 637 2115 γὰρ
648 2024 775 2114 Ἀττική
787 2024 900 2096 ύπείτο
911 2024 985 2117 ήδη,
997 2033 1065 2095 τῶν

63 2126 98 2195 δέ
113 2129 256 2195 λοιπέων
270 2127 346 2210 πέρι
367 2129 533 2215 προτίθεε.
565 2131 603 2194 αί
614 2131 745 2213 γνῶμαι
762 2129 799 2196 δέ
813 2133 881 2194 τῶν
896 2124 1065 2213 λεγόντων

63 2228 99 2293 αἱ
110 2232 257 2293 πλεῖσται
278 2226 518 2305 συνεξέπιπτον
534 2222 619 2312 πρός
633 2221 693 2292 τὸν
710 2222 846 2312 Ἰσθμόν
868 2223 1064 2303 πλεύσαντας

63 2328 258 2412 ναυμαχέειν
271 2323 336 2409 πρὸ
351 2332 408 2413 τῆς
418 2326 699 2415 Πελοποννήσου,
715 2329 923 2413 ἐπιλέγοντες
934 2325 993 2395 τὸν
1004 2325 1063 2396 λό-

64 2450 123 2509 γον
137 2422 250 2509 τόνδε,
269 2421 313 2503 ὡς
327 2419 370 2510 ήν
387 2426 569 2511 νικηθέωσι
586 2431 626 2513 τῇ
642 2429 827 2512 ναυμαχίη,
843 2426 880 2491 ἐν
896 2432 1063 2512 Σαλαμῖνι

65 2521 123 2606 μὲν
133 2519 241 2598 έόντες
252 2522 531 2609 πολιορκήσονται
543 2526 581 2589 ἐν
591 2521 694 2612 νήσω,
706 2524 764 2588 ἵνα
775 2539 835 2607 σφι
847 2527 986 2608 τιμωρίη
1002 2521 1063 2590 ού-

66 2625 155 2706 δεμία
170 2619 426 2707 ἐπιφανήσεται,
442 2619 525 2707 πρὸς
541 2620 578 2689 δέ
590 2627 636 2712 τῷ
650 2618 772 2711 Ἰσθμῷ
788 2621 820 2697 ἐς
834 2615 913 2698 τούς
928 2621 1062 2689 ἑωυτόν

66 2721 248 2798 ἐξοίσονται.
285 2724 398 2785 Ταῦτα
412 2725 479 2787 τῶν
498 2715 563 2788 ιἰπδ
579 2717 843 2807 Πελοποννήσου
867 2725 1061 2808 στρατηγῶν
1078 2742 1112 2795 50

53 2816 302 2905 ’ἐπιλεγομένων
317 2817 478 2904 ἐληλύθεε
492 2816 577 2906 ἀνὴρ
589 2816 766 2906 Ἀθηναῖος
781 2807 952 2905 ἀγγέλλων
966 2817 1060 2906 ἥκειν

66 2915 121 2985 τόν
133 2915 305 3005 βάρβαρον
319 2919 353 2997 ἐς
367 2913 429 3005 τήν
446 2915 595 3006 Ἀττικήν
608 2921 664 2987 καὶ
677 2915 909 3004 πᾶσαν-αύτήν
926 2942 1059 3008 πυρπο-

66 3017 200 3083 λέεσθαι.
221 3011 240 3082 ὁ
262 3012 328 3103 γὰρ
350 3014 405 3083 διδ
420 3023 578 3084 Βοιωτῶν
600 3017 808 3105 τραπόμενος
828 3015 967 3103 στρατὸς
990 3016 1059 3104 ἅμα

67 3115 176 3200 Ξέρξη,
191 3112 360 3201 ἐμπρήσας
370 3118 542 3184 Θεσπιέων
551 3114 613 3203 τήν
628 3116 728 3186 πόλιν
742 3112 856 3185 αὐτῶν
867 3116 1058 3186 ἐκλελοιπό-

67 3234 128 3276 των
140 3211 171 3287 ἐς
183 3211 447 3298 Πελοπόννησον
461 3217 516 3283 καλ
530 3212 592 3301 τήν
601 3219 797 3284 Πλαταιέων
813 3212 979 3302 ὡσαύτως,
998 3206 1059 3302 ἧκέ

67 3332 99 3374 τε
112 3308 142 3386 ές
152 3305 208 3386 τὰς
218 3305 364 3397 Ἀθήνας
377 3314 432 3380 καλ
445 3312 555 3382 πάντα
567 3316 678 3383 ἐκείνα
692 3316 815 3402 ἐδηίου.
842 3314 1005 3401 ’ἐνέπρησε
1020 3316 1056 3380 δὲ

68 3405 218 3475 Θέσπειάν
233 3433 268 3476 τε
283 3413 339 3478 καί
348 3411 521 3480 Πλάταιαν
534 3413 730 3501 πυθόμενος
744 3418 912 3502 Θηβαίων,
931 3411 981 3482 ότι
993 3408 1056 3481 ούιι

69 3502 213 3590 ἐμήδιζον.
241 3503 320 3576 Ἀπὸ
336 3511 373 3578 δέ
391 3517 448 3596 τῆς
462 3514 634 3601 διαβάσιος
647 3511 978 3645 τούἙλλησπόνχου,
995 3518 1050 3582 ἐν·
1068 3528 1096 3566 ss

399 3624 404 3630 “
860 3613 890 3668 16
