<?xml version="1.0" encoding="UTF-8"?>
<!DOCTYPE html PUBLIC "-//W3C//DTD XHTML 1.0 Transitional//EN"
    "http://www.w3.org/TR/xhtml1/DTD/xhtml1-transitional.dtd">
<html xmlns="http://www.w3.org/1999/xhtml" xml:lang="en" lang="en">
 <head>
  <title>
</title>
<meta http-equiv="Content-Type" content="text/html;charset=utf-8" />
  <meta name='ocr-system' content='tesseract 3.04.00' />
  <meta name='ocr-capabilities' content='ocr_page ocr_carea ocr_par ocr_line ocrx_word'/>
</head>
<body>
  <div class='ocr_page' id='page_1' title='image "./herodotihistori00dietgoog_0631.png"; bbox 0 0 2500 3925; ppageno 0'>
   <div class='ocr_carea' id='block_1_1' title="bbox 322 230 1088 297">
    <p class='ocr_par' dir='ltr' id='par_1_1' title="bbox 322 230 1088 297">
     <span class='ocr_line' id='line_1_1' title="bbox 322 230 1088 297; baseline -0.001 -2"><span class='ocrx_word' id='word_1_1' title='bbox 322 237 408 295; x_wconf 77' lang='lat' dir='ltr'><strong>Llss.</strong></span> <span class='ocrx_word' id='word_1_2' title='bbox 441 236 500 291; x_wconf 70' lang='grc' dir='ltr'><em>νει</em></span> <span class='ocrx_word' id='word_1_3' title='bbox 533 235 633 293; x_wconf 79' lang='grc' dir='ltr'><em>σΑΡ.</em></span> <span class='ocrx_word' id='word_1_4' title='bbox 666 239 843 297; x_wconf 73' lang='grc' dir='ltr'><em>τοο-τοο.</em></span> <span class='ocrx_word' id='word_1_5' title='bbox 1027 230 1088 295; x_wconf 74' lang='lat'><em>211</em></span> 
     </span>
    </p>
   </div>
   <div class='ocr_carea' id='block_1_2' title="bbox 80 390 1103 585">
    <p class='ocr_par' dir='ltr' id='par_1_2' title="bbox 80 390 1103 585">
     <span class='ocr_line' id='line_1_2' title="bbox 82 390 1103 485; baseline -0.009 -16"><span class='ocrx_word' id='word_1_6' title='bbox 82 397 301 485; x_wconf 82' lang='grc' dir='ltr'><em>λογισάμενος</em></span> <span class='ocrx_word' id='word_1_7' title='bbox 315 394 427 482; x_wconf 76' lang='grc' dir='ltr'><em>εἶπον,</em></span> <span class='ocrx_word' id='word_1_8' title='bbox 442 401 510 462; x_wconf 79' lang='grc' dir='ltr'><em>τῶν</em></span> <span class='ocrx_word' id='word_1_9' title='bbox 524 392 721 480; x_wconf 76' lang='grc' dir='ltr'><strong><em>ἐστρατήγεε</em></strong></span> <span class='ocrx_word' id='word_1_10' title='bbox 731 394 934 483; x_wconf 77' lang='grc' dir='ltr'><em>Λεοντιάδης</em></span> <span class='ocrx_word' id='word_1_11' title='bbox 946 392 964 463; x_wconf 90' lang='grc' dir='ltr'><em>ὁ</em></span> <span class='ocrx_word' id='word_1_12' title='bbox 974 390 1103 484; x_wconf 55' lang='grc' dir='ltr'><em>Εὐρυὲ</em></span> 
     </span>
     <span class='ocr_line' id='line_1_3' title="bbox 80 490 1088 585; baseline -0.004 -19"><span class='ocrx_word' id='word_1_13' title='bbox 80 495 199 585; x_wconf 80' lang='grc' dir='ltr'><em>μάχου.</em></span> <span class='ocrx_word' id='word_1_14' title='bbox 233 497 333 563; x_wconf 81' lang='grc' dir='ltr'><em>τοῦδε</em></span> <span class='ocrx_word' id='word_1_15' title='bbox 359 496 396 561; x_wconf 75' lang='grc' dir='ltr'><em>δὲ</em></span> <span class='ocrx_word' id='word_1_16' title='bbox 421 497 551 561; x_wconf 78' lang='grc' dir='ltr'><em>εἵνεκεν</em></span> <span class='ocrx_word' id='word_1_17' title='bbox 574 490 715 571; x_wconf 78' lang='grc' dir='ltr'><em>τούτους</em></span> <span class='ocrx_word' id='word_1_18' title='bbox 737 493 890 582; x_wconf 88' lang='grc' dir='ltr'><em>σπουδήν</em></span> <span class='ocrx_word' id='word_1_19' title='bbox 912 496 1088 583; x_wconf 80' lang='grc' dir='ltr'><em>ἐποιήσατο</em></span> 
     </span>
    </p>
   </div>
   <div class='ocr_carea' id='block_1_3' title="bbox 74 591 1181 3625">
    <p class='ocr_par' dir='ltr' id='par_1_3' title="bbox 79 591 1156 2067">
     <span class='ocr_line' id='line_1_4' title="bbox 81 591 1089 683; baseline -0.004 -17"><span class='ocrx_word' id='word_1_20' title='bbox 81 600 251 683; x_wconf 88' lang='grc' dir='ltr'><em>Λεωνίδης</em></span> <span class='ocrx_word' id='word_1_21' title='bbox 262 594 412 683; x_wconf 80' lang='grc' dir='ltr'><em>μούνους</em></span> <span class='ocrx_word' id='word_1_22' title='bbox 421 591 591 681; x_wconf 76' lang='grc' dir='ltr'><em>Ἑλλήνων</em></span> <span class='ocrx_word' id='word_1_23' title='bbox 604 599 824 681; x_wconf 82' lang='grc' dir='ltr'><em>παραλαβεῖν,</em></span> <span class='ocrx_word' id='word_1_24' title='bbox 839 592 891 663; x_wconf 85' lang='grc' dir='ltr'><em>ὅτι</em></span> <span class='ocrx_word' id='word_1_25' title='bbox 902 599 1017 681; x_wconf 87' lang='grc' dir='ltr'><em>σφέων</em></span> <span class='ocrx_word' id='word_1_26' title='bbox 1028 620 1089 682; x_wconf 82' lang='grc' dir='ltr'><em>με·</em></span> 
     </span>
     <span class='ocr_line' id='line_1_5' title="bbox 80 684 1089 783; baseline -0.006 -18"><span class='ocrx_word' id='word_1_27' title='bbox 80 696 191 783; x_wconf 93' lang='grc' dir='ltr'><em>γάλως</em></span> <span class='ocrx_word' id='word_1_28' title='bbox 204 692 410 781; x_wconf 73' lang='grc' dir='ltr'><em>κατηγόρητο</em></span> <span class='ocrx_word' id='word_1_29' title='bbox 425 695 583 780; x_wconf 65' lang='grc' dir='ltr'><em>μηδιῒειν.</em></span> <span class='ocrx_word' id='word_1_30' title='bbox 605 690 792 777; x_wconf 81' lang='grc' dir='ltr'><em>παρεκάλεε</em></span> <span class='ocrx_word' id='word_1_31' title='bbox 804 684 853 760; x_wconf 83' lang='grc' dir='ltr'><em>άν</em></span> <span class='ocrx_word' id='word_1_32' title='bbox 865 694 898 772; x_wconf 87' lang='grc' dir='ltr'><em>ές</em></span> <span class='ocrx_word' id='word_1_33' title='bbox 912 690 974 760; x_wconf 87' lang='grc' dir='ltr'><em>τόν</em></span> <span class='ocrx_word' id='word_1_34' title='bbox 988 691 1089 761; x_wconf 87' lang='grc' dir='ltr'><em>πόλε-</em></span> 
     </span>
     <span class='ocr_line' id='line_1_6' title="bbox 79 787 1088 882; baseline -0.003 -22"><span class='ocrx_word' id='word_1_35' title='bbox 79 819 145 882; x_wconf 86' lang='grc' dir='ltr'><em>μον</em></span> <span class='ocrx_word' id='word_1_36' title='bbox 155 796 285 861; x_wconf 89' lang='grc' dir='ltr'><em>έθέλωυ</em></span> <span class='ocrx_word' id='word_1_37' title='bbox 296 793 430 878; x_wconf 73' lang='grc' dir='ltr'><em>εἰδέναι,</em></span> <span class='ocrx_word' id='word_1_38' title='bbox 444 799 508 862; x_wconf 82' lang='grc' dir='ltr'><em>είτε</em></span> <span class='ocrx_word' id='word_1_39' title='bbox 519 792 756 876; x_wconf 76' lang='grc' dir='ltr'><em>συμπέμψουσι</em></span> <span class='ocrx_word' id='word_1_40' title='bbox 768 798 831 859; x_wconf 85' lang='grc' dir='ltr'><em>είτε</em></span> <span class='ocrx_word' id='word_1_41' title='bbox 843 792 898 860; x_wconf 77' lang='grc' dir='ltr'><em>καὶ</em></span> <span class='ocrx_word' id='word_1_42' title='bbox 908 787 1088 879; x_wconf 87' lang='grc' dir='ltr'><em>άπερέουσι</em></span> 
     </span>
     <span class='ocr_line' id='line_1_7' title="bbox 80 886 1088 978; baseline -0.006 -16"><span class='ocrx_word' id='word_1_43' title='bbox 80 896 117 962; x_wconf 82' lang='grc' dir='ltr'><em>ἐκ</em></span> <span class='ocrx_word' id='word_1_44' title='bbox 130 899 192 961; x_wconf 81' lang='grc' dir='ltr'><em>τοῦ</em></span> <span class='ocrx_word' id='word_1_45' title='bbox 209 894 374 978; x_wconf 80' lang='grc' dir='ltr'><em>ἐμφανέος</em></span> <span class='ocrx_word' id='word_1_46' title='bbox 393 887 455 977; x_wconf 87' lang='grc' dir='ltr'><em>τήν</em></span> <span class='ocrx_word' id='word_1_47' title='bbox 466 886 637 975; x_wconf 82' lang='grc' dir='ltr'><em>Ἑλλήνων</em></span> <span class='ocrx_word' id='word_1_48' title='bbox 652 894 859 976; x_wconf 85' lang='grc' dir='ltr'><em>συμμαχίην·</em></span> <span class='ocrx_word' id='word_1_49' title='bbox 882 894 916 958; x_wconf 86' lang='grc' dir='ltr'><em>οί</em></span> <span class='ocrx_word' id='word_1_50' title='bbox 930 889 966 958; x_wconf 71' lang='grc' dir='ltr'><em>δὲ</em></span> <span class='ocrx_word' id='word_1_51' title='bbox 986 886 1088 958; x_wconf 89' lang='grc' dir='ltr'><em>άλλο-</em></span> 
     </span>
     <span class='ocr_line' id='line_1_8' title="bbox 81 982 1156 1080; baseline -0.002 -21"><span class='ocrx_word' id='word_1_52' title='bbox 81 992 283 1080; x_wconf 81' lang='grc' dir='ltr'><em>φρονέοντες</em></span> <span class='ocrx_word' id='word_1_53' title='bbox 297 993 454 1074; x_wconf 73' lang='grc' dir='ltr'><em>ἔπεμπον.</em></span> <span class='ocrx_word' id='word_1_54' title='bbox 481 985 631 1065; x_wconf 78' lang='grc' dir='ltr'><em>Τούτους</em></span> <span class='ocrx_word' id='word_1_55' title='bbox 646 982 803 1073; x_wconf 73' lang='grc' dir='ltr'><em>μὲντοὺς</em></span> <span class='ocrx_word' id='word_1_56' title='bbox 818 983 904 1073; x_wconf 84' lang='grc' dir='ltr'><em>άμφλ</em></span> <span class='ocrx_word' id='word_1_57' title='bbox 915 991 1089 1073; x_wconf 76' lang='grc' dir='ltr'><em>Λεωνίδην</em></span> <span class='ocrx_word' id='word_1_58' title='bbox 1104 1002 1156 1057; x_wconf 74' lang='lat'><em>206</em></span> 
     </span>
     <span class='ocr_line' id='line_1_9' title="bbox 80 1079 1088 1179; baseline -0.007 -20"><span class='ocrx_word' id='word_1_59' title='bbox 80 1089 236 1179; x_wconf 83' lang='grc' dir='ltr'><em>πράτους</em></span> <span class='ocrx_word' id='word_1_60' title='bbox 253 1084 453 1173; x_wconf 75' lang='grc' dir='ltr'><em>ἀπέπεμψαν</em></span> <span class='ocrx_word' id='word_1_61' title='bbox 467 1091 692 1172; x_wconf 83' lang='grc' dir='ltr'><em>Σπαρτιῆται,</em></span> <span class='ocrx_word' id='word_1_62' title='bbox 712 1088 769 1155; x_wconf 80' lang='grc' dir='ltr'><em>ἵνα</em></span> <span class='ocrx_word' id='word_1_63' title='bbox 781 1083 920 1163; x_wconf 91' lang='grc' dir='ltr'><em>τούτους</em></span> <span class='ocrx_word' id='word_1_64' title='bbox 934 1079 1088 1173; x_wconf 80' lang='grc' dir='ltr'><em>ὁρέοντες</em></span> 
     </span>
     <span class='ocr_line' id='line_1_10' title="bbox 79 1175 1087 1273; baseline -0.008 -16"><span class='ocrx_word' id='word_1_65' title='bbox 79 1194 114 1258; x_wconf 72' lang='lat' dir='ltr'><em>oc</em></span> <span class='ocrx_word' id='word_1_66' title='bbox 131 1186 227 1257; x_wconf 89' lang='grc' dir='ltr'><em>άλλοι</em></span> <span class='ocrx_word' id='word_1_67' title='bbox 239 1185 407 1273; x_wconf 80' lang='grc' dir='ltr'><em>σύμμαχοι</em></span> <span class='ocrx_word' id='word_1_68' title='bbox 421 1183 684 1273; x_wconf 88' lang='grc' dir='ltr'><em>στρατεύωνται,</em></span> <span class='ocrx_word' id='word_1_69' title='bbox 705 1184 789 1269; x_wconf 70' lang='grc' dir='ltr'><em>μηδὲ</em></span> <span class='ocrx_word' id='word_1_70' title='bbox 803 1185 858 1251; x_wconf 82' lang='grc' dir='ltr'><em>καί</em></span> <span class='ocrx_word' id='word_1_71' title='bbox 879 1175 973 1251; x_wconf 83' lang='grc' dir='ltr'><em>οὗτοι</em></span> <span class='ocrx_word' id='word_1_72' title='bbox 988 1187 1087 1269; x_wconf 90' lang='grc' dir='ltr'><em>μηδί-</em></span> 
     </span>
     <span class='ocr_line' id='line_1_11' title="bbox 80 1278 1085 1371; baseline -0.004 -18"><span class='ocrx_word' id='word_1_73' title='bbox 80 1304 179 1371; x_wconf 89' lang='grc' dir='ltr'><em>σωσι,</em></span> <span class='ocrx_word' id='word_1_74' title='bbox 193 1280 238 1371; x_wconf 87' lang='grc' dir='ltr'><em>ήν</em></span> <span class='ocrx_word' id='word_1_75' title='bbox 252 1280 377 1361; x_wconf 80' lang='grc' dir='ltr'><em>αὐτούς</em></span> <span class='ocrx_word' id='word_1_76' title='bbox 391 1282 637 1351; x_wconf 88' lang='grc' dir='ltr'><em>πυνθάνωνται</em></span> <span class='ocrx_word' id='word_1_77' title='bbox 652 1278 982 1369; x_wconf 80' lang='grc' dir='ltr'><em>ὑπερβαλλομένους·</em></span> <span class='ocrx_word' id='word_1_78' title='bbox 1004 1278 1085 1368; x_wconf 89' lang='grc' dir='ltr'><em>μετά</em></span> 
     </span>
     <span class='ocr_line' id='line_1_12' title="bbox 80 1372 1087 1470; baseline -0.003 -20"><span class='ocrx_word' id='word_1_79' title='bbox 80 1384 132 1469; x_wconf 72' lang='grc' dir='ltr'><em>δέ,</em></span> <span class='ocrx_word' id='word_1_80' title='bbox 148 1380 298 1467; x_wconf 85' lang='grc' dir='ltr'><em>Κάρνεια</em></span> <span class='ocrx_word' id='word_1_81' title='bbox 315 1380 380 1470; x_wconf 93' lang='grc' dir='ltr'><em>γάρ</em></span> <span class='ocrx_word' id='word_1_82' title='bbox 400 1401 461 1466; x_wconf 89' lang='grc' dir='ltr'><em>σφι</em></span> <span class='ocrx_word' id='word_1_83' title='bbox 475 1372 520 1465; x_wconf 85' lang='grc' dir='ltr'><em>ήν</em></span> <span class='ocrx_word' id='word_1_84' title='bbox 535 1378 707 1466; x_wconf 83' lang='grc' dir='ltr'><em>έμποδεόν,</em></span> <span class='ocrx_word' id='word_1_85' title='bbox 730 1385 870 1467; x_wconf 84' lang='grc' dir='ltr'><em>ἔμελλον</em></span> <span class='ocrx_word' id='word_1_86' title='bbox 886 1377 1087 1467; x_wconf 88' lang='grc' dir='ltr'><em>ὁρτάσαντες</em></span> 
     </span>
     <span class='ocr_line' id='line_1_13' title="bbox 80 1473 1086 1567; baseline -0.005 -18"><span class='ocrx_word' id='word_1_87' title='bbox 80 1482 136 1549; x_wconf 83' lang='grc' dir='ltr'><em>καί</em></span> <span class='ocrx_word' id='word_1_88' title='bbox 150 1475 304 1566; x_wconf 88' lang='grc' dir='ltr'><em>φυλακάς</em></span> <span class='ocrx_word' id='word_1_89' title='bbox 317 1477 472 1556; x_wconf 85' lang='grc' dir='ltr'><em>λιπόντες</em></span> <span class='ocrx_word' id='word_1_90' title='bbox 485 1479 523 1544; x_wconf 87' lang='grc' dir='ltr'><em>έν</em></span> <span class='ocrx_word' id='word_1_91' title='bbox 535 1484 576 1567; x_wconf 83' lang='grc' dir='ltr'><em>τῇ</em></span> <span class='ocrx_word' id='word_1_92' title='bbox 588 1475 732 1566; x_wconf 83' lang='grc' dir='ltr'><em>Σπάρτη</em></span> <span class='ocrx_word' id='word_1_93' title='bbox 745 1473 829 1544; x_wconf 86' lang='grc' dir='ltr'><em>κατά</em></span> <span class='ocrx_word' id='word_1_94' title='bbox 848 1473 946 1561; x_wconf 84' lang='grc' dir='ltr'><em>τάχος</em></span> <span class='ocrx_word' id='word_1_95' title='bbox 969 1475 1086 1564; x_wconf 90' lang='grc' dir='ltr'><em>βωθή-</em></span> 
     </span>
     <span class='ocr_line' id='line_1_14' title="bbox 80 1576 1086 1666; baseline -0.002 -19"><span class='ocrx_word' id='word_1_96' title='bbox 80 1602 154 1648; x_wconf 88' lang='grc' dir='ltr'><em>σειν</em></span> <span class='ocrx_word' id='word_1_97' title='bbox 170 1584 344 1666; x_wconf 84' lang='grc' dir='ltr'><em>πανδημεί.</em></span> <span class='ocrx_word' id='word_1_98' title='bbox 376 1577 420 1659; x_wconf 73' lang='grc' dir='ltr'><em>ὃς</em></span> <span class='ocrx_word' id='word_1_99' title='bbox 435 1580 472 1647; x_wconf 70' lang='grc' dir='ltr'><em>δὲ</em></span> <span class='ocrx_word' id='word_1_100' title='bbox 485 1580 541 1647; x_wconf 83' lang='grc' dir='ltr'><em>καί</em></span> <span class='ocrx_word' id='word_1_101' title='bbox 555 1583 590 1647; x_wconf 86' lang='grc' dir='ltr'><em>οί</em></span> <span class='ocrx_word' id='word_1_102' title='bbox 604 1579 716 1647; x_wconf 83' lang='grc' dir='ltr'><em>λοιποί</em></span> <span class='ocrx_word' id='word_1_103' title='bbox 730 1583 799 1646; x_wconf 74' lang='grc' dir='ltr'><em>τοῖν</em></span> <span class='ocrx_word' id='word_1_104' title='bbox 814 1576 998 1665; x_wconf 85' lang='grc' dir='ltr'><em>συμμάχων</em></span> <span class='ocrx_word' id='word_1_105' title='bbox 1013 1580 1086 1645; x_wconf 82' lang='grc' dir='ltr'><em>ἐνέ-</em></span> 
     </span>
     <span class='ocr_line' id='line_1_15' title="bbox 81 1672 1084 1768; baseline 0.001 -21"><span class='ocrx_word' id='word_1_106' title='bbox 81 1707 188 1749; x_wconf 91' lang='grc' dir='ltr'><em>υωντο</em></span> <span class='ocrx_word' id='word_1_107' title='bbox 204 1681 259 1748; x_wconf 84' lang='grc' dir='ltr'><em>καί</em></span> <span class='ocrx_word' id='word_1_108' title='bbox 275 1677 370 1749; x_wconf 84' lang='grc' dir='ltr'><em>αύτοί</em></span> <span class='ocrx_word' id='word_1_109' title='bbox 390 1682 486 1767; x_wconf 73' lang='grc' dir='ltr'><em>ἕτερα</em></span> <span class='ocrx_word' id='word_1_110' title='bbox 504 1686 642 1748; x_wconf 77' lang='grc' dir='ltr'><em>τοιαῦτα</em></span> <span class='ocrx_word' id='word_1_111' title='bbox 656 1678 827 1765; x_wconf 74' lang='grc' dir='ltr'><em>ποιήσειν’</em></span> <span class='ocrx_word' id='word_1_112' title='bbox 859 1672 903 1766; x_wconf 87' lang='grc' dir='ltr'><em>ήν</em></span> <span class='ocrx_word' id='word_1_113' title='bbox 920 1676 984 1768; x_wconf 86' lang='grc' dir='ltr'><em>γάρ</em></span> <span class='ocrx_word' id='word_1_114' title='bbox 1002 1678 1084 1748; x_wconf 87' lang='grc' dir='ltr'><em>κατά</em></span> 
     </span>
     <span class='ocr_line' id='line_1_16' title="bbox 80 1775 1084 1866; baseline -0.001 -18"><span class='ocrx_word' id='word_1_115' title='bbox 80 1776 187 1848; x_wconf 81' lang='grc' dir='ltr'><em>τάοτὸ</em></span> <span class='ocrx_word' id='word_1_116' title='bbox 202 1775 383 1866; x_wconf 87' lang='grc' dir='ltr'><em>Ὀλυμπιάς</em></span> <span class='ocrx_word' id='word_1_117' title='bbox 402 1779 550 1846; x_wconf 91' lang='grc' dir='ltr'><em>τούτοισι</em></span> <span class='ocrx_word' id='word_1_118' title='bbox 564 1790 650 1846; x_wconf 78' lang='grc' dir='ltr'><em>τοῖσι</em></span> <span class='ocrx_word' id='word_1_119' title='bbox 671 1777 842 1865; x_wconf 76' lang='grc' dir='ltr'><em>πρήγμασι</em></span> <span class='ocrx_word' id='word_1_120' title='bbox 857 1787 1084 1865; x_wconf 81' lang='grc' dir='ltr'><em>συμπεσοῦσα.</em></span> 
     </span>
     <span class='ocr_line' id='line_1_17' title="bbox 80 1871 1087 1967; baseline 0 -19"><span class='ocrx_word' id='word_1_121' title='bbox 80 1877 142 1948; x_wconf 79' lang='grc' dir='ltr'><em>οὐκ</em></span> <span class='ocrx_word' id='word_1_122' title='bbox 158 1871 207 1948; x_wconf 84' lang='grc' dir='ltr'><em>άν</em></span> <span class='ocrx_word' id='word_1_123' title='bbox 221 1880 394 1957; x_wconf 90' lang='grc' dir='ltr'><em>δοκέοντες</em></span> <span class='ocrx_word' id='word_1_124' title='bbox 408 1875 491 1946; x_wconf 89' lang='grc' dir='ltr'><em>κατά</em></span> <span class='ocrx_word' id='word_1_125' title='bbox 506 1877 605 1966; x_wconf 84' lang='grc' dir='ltr'><em>τάχος</em></span> <span class='ocrx_word' id='word_1_126' title='bbox 619 1874 709 1945; x_wconf 81' lang='grc' dir='ltr'><em>οὕτω</em></span> <span class='ocrx_word' id='word_1_127' title='bbox 724 1878 1008 1967; x_wconf 75' lang='grc' dir='ltr'><em>διακριθήσεσθαι</em></span> <span class='ocrx_word' id='word_1_128' title='bbox 1027 1876 1087 1948; x_wconf 86' lang='grc' dir='ltr'><em>τόν</em></span> 
     </span>
     <span class='ocr_line' id='line_1_18' title="bbox 80 1974 1030 2067; baseline 0 -19"><span class='ocrx_word' id='word_1_129' title='bbox 80 1982 117 2048; x_wconf 83' lang='grc' dir='ltr'><em>ἐν</em></span> <span class='ocrx_word' id='word_1_130' title='bbox 132 1978 370 2066; x_wconf 79' lang='grc' dir='ltr'><em>Θερμοπύλῃσι</em></span> <span class='ocrx_word' id='word_1_131' title='bbox 384 1978 533 2063; x_wconf 90' lang='grc' dir='ltr'><em>πόλεμον</em></span> <span class='ocrx_word' id='word_1_132' title='bbox 548 1983 697 2065; x_wconf 89' lang='grc' dir='ltr'><em>έπεμπον</em></span> <span class='ocrx_word' id='word_1_133' title='bbox 712 1974 792 2056; x_wconf 84' lang='grc' dir='ltr'><em>τούς</em></span> <span class='ocrx_word' id='word_1_134' title='bbox 807 1978 1030 2067; x_wconf 89' lang='grc' dir='ltr'><em>προδρόμους.</em></span> 
     </span>
    </p>

    <p class='ocr_par' dir='ltr' id='par_1_4' title="bbox 74 2068 1181 3602">
     <span class='ocr_line' id='line_1_19' title="bbox 165 2068 1151 2166; baseline 0.004 -22"><span class='ocrx_word' id='word_1_135' title='bbox 165 2068 269 2144; x_wconf 80' lang='grc' dir='ltr'><em>Οὗτοι</em></span> <span class='ocrx_word' id='word_1_136' title='bbox 284 2077 347 2163; x_wconf 71' lang='grc' dir='ltr'><em>μὲν</em></span> <span class='ocrx_word' id='word_1_137' title='bbox 366 2075 407 2164; x_wconf 89' lang='grc' dir='ltr'><em>δή</em></span> <span class='ocrx_word' id='word_1_138' title='bbox 429 2075 519 2144; x_wconf 79' lang='grc' dir='ltr'><em>οὕτω</em></span> <span class='ocrx_word' id='word_1_139' title='bbox 535 2078 734 2146; x_wconf 81' lang='grc' dir='ltr'><em>διενένωντο</em></span> <span class='ocrx_word' id='word_1_140' title='bbox 750 2076 921 2166; x_wconf 88' lang='grc' dir='ltr'><em>ποιήσειν,</em></span> <span class='ocrx_word' id='word_1_141' title='bbox 945 2083 980 2146; x_wconf 89' lang='grc' dir='ltr'><em>οί</em></span> <span class='ocrx_word' id='word_1_142' title='bbox 999 2079 1035 2147; x_wconf 72' lang='grc' dir='ltr'><em>δὲ</em></span> <span class='ocrx_word' id='word_1_143' title='bbox 1049 2082 1086 2148; x_wconf 81' lang='grc' dir='ltr'><em>ἐν</em></span> <span class='ocrx_word' id='word_1_144' title='bbox 1102 2092 1151 2148; x_wconf 73' lang='lat'><em>207</em></span> 
     </span>
     <span class='ocr_line' id='line_1_20' title="bbox 79 2177 1084 2269; baseline -0.005 -18"><span class='ocrx_word' id='word_1_145' title='bbox 79 2181 317 2269; x_wconf 72' lang='grc' dir='ltr'><em>Θερμοπύλῃσι</em></span> <span class='ocrx_word' id='word_1_146' title='bbox 323 2177 497 2268; x_wconf 82' lang='grc' dir='ltr'><em>Ἕλληνες,</em></span> <span class='ocrx_word' id='word_1_147' title='bbox 513 2178 625 2268; x_wconf 78' lang='grc' dir='ltr'><em>ἐπειδή</em></span> <span class='ocrx_word' id='word_1_148' title='bbox 644 2184 745 2260; x_wconf 80' lang='grc' dir='ltr'><em>πέλας</em></span> <span class='ocrx_word' id='word_1_149' title='bbox 762 2181 893 2268; x_wconf 74' lang='grc' dir='ltr'><em>ἐγένετο</em></span> <span class='ocrx_word' id='word_1_150' title='bbox 911 2185 970 2267; x_wconf 83' lang='grc' dir='ltr'><em>τῆς</em></span> <span class='ocrx_word' id='word_1_151' title='bbox 987 2181 1084 2267; x_wconf 83' lang='grc' dir='ltr'><em>ἐσβο-</em></span> 
     </span>
     <span class='ocr_line' id='line_1_21' title="bbox 77 2275 1083 2368; baseline -0.001 -20"><span class='ocrx_word' id='word_1_152' title='bbox 77 2285 136 2366; x_wconf 83' lang='grc' dir='ltr'><em>λῆς</em></span> <span class='ocrx_word' id='word_1_153' title='bbox 151 2275 329 2365; x_wconf 88' lang='grc' dir='ltr'><em>ὁΠέρσης,</em></span> <span class='ocrx_word' id='word_1_154' title='bbox 344 2282 632 2367; x_wconf 81' lang='grc' dir='ltr'><em>καταρρωδέοντες</em></span> <span class='ocrx_word' id='word_1_155' title='bbox 646 2280 868 2368; x_wconf 79' lang='grc' dir='ltr'><em>ἐβουλεύοντο</em></span> <span class='ocrx_word' id='word_1_156' title='bbox 883 2281 960 2368; x_wconf 77' lang='grc' dir='ltr'><em>περὶ</em></span> <span class='ocrx_word' id='word_1_157' title='bbox 974 2276 1083 2347; x_wconf 88' lang='grc' dir='ltr'><em>άπαλ-</em></span> 
     </span>
     <span class='ocr_line' id='line_1_22' title="bbox 77 2378 1083 2467; baseline 0.001 -20"><span class='ocrx_word' id='word_1_158' title='bbox 77 2385 188 2464; x_wconf 83' lang='grc' dir='ltr'><em>λαγής.</em></span> <span class='ocrx_word' id='word_1_159' title='bbox 204 2391 289 2446; x_wconf 81' lang='grc' dir='ltr'><em>τοῖσι</em></span> <span class='ocrx_word' id='word_1_160' title='bbox 300 2380 363 2465; x_wconf 88' lang='grc' dir='ltr'><em>μέν</em></span> <span class='ocrx_word' id='word_1_161' title='bbox 373 2405 440 2446; x_wconf 89' lang='grc' dir='ltr'><em>νυν</em></span> <span class='ocrx_word' id='word_1_162' title='bbox 450 2378 580 2449; x_wconf 86' lang='grc' dir='ltr'><em>άλλοιστ</em></span> <span class='ocrx_word' id='word_1_163' title='bbox 590 2385 894 2467; x_wconf 87' lang='grc' dir='ltr'><em>Πελοποννησίοισι</em></span> <span class='ocrx_word' id='word_1_164' title='bbox 905 2379 1017 2448; x_wconf 86' lang='grc' dir='ltr'><em>έδόκεε</em></span> <span class='ocrx_word' id='word_1_165' title='bbox 1028 2383 1083 2448; x_wconf 68' lang='lat'><em>32.-</em></span> 
     </span>
     <span class='ocr_line' id='line_1_23' title="bbox 77 2477 1082 2567; baseline -0.003 -20"><span class='ocrx_word' id='word_1_166' title='bbox 77 2486 181 2547; x_wconf 85' lang='grc' dir='ltr'><em>θοῦσι</em></span> <span class='ocrx_word' id='word_1_167' title='bbox 200 2479 234 2556; x_wconf 82' lang='grc' dir='ltr'><em>ές</em></span> <span class='ocrx_word' id='word_1_168' title='bbox 249 2477 512 2566; x_wconf 84' lang='grc' dir='ltr'><em>Πελοπόννησον</em></span> <span class='ocrx_word' id='word_1_169' title='bbox 530 2477 590 2548; x_wconf 86' lang='grc' dir='ltr'><em>τόν</em></span> <span class='ocrx_word' id='word_1_170' title='bbox 613 2477 750 2567; x_wconf 84' lang='grc' dir='ltr'><em>Ἰσθμόν</em></span> <span class='ocrx_word' id='word_1_171' title='bbox 772 2485 857 2566; x_wconf 74' lang='grc' dir='ltr'><em>ἔχειν</em></span> <span class='ocrx_word' id='word_1_172' title='bbox 877 2481 915 2548; x_wconf 88' lang='grc' dir='ltr'><em>έν</em></span> <span class='ocrx_word' id='word_1_173' title='bbox 936 2485 1082 2566; x_wconf 78' lang='grc' dir='ltr'><em>φυλακή,</em></span> 
     </span>
     <span class='ocr_line' id='line_1_24' title="bbox 78 2576 1083 2667; baseline 0 -22"><span class='ocrx_word' id='word_1_174' title='bbox 78 2580 249 2663; x_wconf 81' lang='grc' dir='ltr'><em>Λεωνίδης</em></span> <span class='ocrx_word' id='word_1_175' title='bbox 267 2578 305 2644; x_wconf 72' lang='grc' dir='ltr'><em>δέ</em></span> <span class='ocrx_word' id='word_1_176' title='bbox 318 2579 466 2645; x_wconf 82' lang='grc' dir='ltr'><em>Φωκέων</em></span> <span class='ocrx_word' id='word_1_177' title='bbox 486 2581 542 2646; x_wconf 84' lang='grc' dir='ltr'><em>καλ</em></span> <span class='ocrx_word' id='word_1_178' title='bbox 556 2583 700 2662; x_wconf 78' lang='grc' dir='ltr'><em>Λοκρῶν</em></span> <span class='ocrx_word' id='word_1_179' title='bbox 717 2576 1029 2665; x_wconf 84' lang='grc' dir='ltr'><em>περισπερχθέυτων</em></span> <span class='ocrx_word' id='word_1_180' title='bbox 1043 2584 1083 2667; x_wconf 85' lang='grc' dir='ltr'><em>τή</em></span> 
     </span>
     <span class='ocr_line' id='line_1_25' title="bbox 76 2673 1084 2764; baseline 0.002 -22"><span class='ocrx_word' id='word_1_181' title='bbox 76 2673 193 2763; x_wconf 83' lang='grc' dir='ltr'><em>γνάμη</em></span> <span class='ocrx_word' id='word_1_182' title='bbox 207 2673 312 2764; x_wconf 73' lang='grc' dir='ltr'><em>ταύτῃ</em></span> <span class='ocrx_word' id='word_1_183' title='bbox 322 2673 428 2743; x_wconf 86' lang='grc' dir='ltr'><em>αύτοῦ</em></span> <span class='ocrx_word' id='word_1_184' title='bbox 444 2701 479 2743; x_wconf 93' lang='grc' dir='ltr'><em>τε</em></span> <span class='ocrx_word' id='word_1_185' title='bbox 492 2680 608 2762; x_wconf 89' lang='grc' dir='ltr'><em>μένειν</em></span> <span class='ocrx_word' id='word_1_186' title='bbox 618 2678 803 2762; x_wconf 71' lang='grc' dir='ltr'><em>ἐψηφίζετο,</em></span> <span class='ocrx_word' id='word_1_187' title='bbox 819 2677 961 2761; x_wconf 85' lang='grc' dir='ltr'><em>πέμπειν</em></span> <span class='ocrx_word' id='word_1_188' title='bbox 972 2700 1007 2743; x_wconf 89' lang='grc' dir='ltr'><em>τε</em></span> <span class='ocrx_word' id='word_1_189' title='bbox 1021 2673 1084 2761; x_wconf 57' lang='grc' dir='ltr'><em>άγτ</em></span> 
     </span>
     <span class='ocr_line' id='line_1_26' title="bbox 75 2769 1083 2860; baseline 0 -18"><span class='ocrx_word' id='word_1_190' title='bbox 75 2777 195 2860; x_wconf 87' lang='grc' dir='ltr'><em>γέλους</em></span> <span class='ocrx_word' id='word_1_191' title='bbox 205 2773 238 2852; x_wconf 79' lang='grc' dir='ltr'><em>ές</em></span> <span class='ocrx_word' id='word_1_192' title='bbox 248 2769 307 2852; x_wconf 91' lang='grc' dir='ltr'><em>τάς</em></span> <span class='ocrx_word' id='word_1_193' title='bbox 331 2771 428 2851; x_wconf 83' lang='grc' dir='ltr'><em>πόλις</em></span> <span class='ocrx_word' id='word_1_194' title='bbox 445 2770 643 2850; x_wconf 89' lang='grc' dir='ltr'><em>κελεύοντάς</em></span> <span class='ocrx_word' id='word_1_195' title='bbox 662 2794 721 2860; x_wconf 87' lang='grc' dir='ltr'><em>σφι</em></span> <span class='ocrx_word' id='word_1_196' title='bbox 740 2774 939 2860; x_wconf 85' lang='grc' dir='ltr'><em>ἑπιβωθέειν</em></span> <span class='ocrx_word' id='word_1_197' title='bbox 951 2771 995 2855; x_wconf 78' lang='grc' dir='ltr'><em>ὡς</em></span> <span class='ocrx_word' id='word_1_198' title='bbox 1006 2776 1083 2844; x_wconf 89' lang='grc' dir='ltr'><em>έόν-</em></span> 
     </span>
     <span class='ocr_line' id='line_1_27' title="bbox 75 2867 1150 2961; baseline 0.003 -22"><span class='ocrx_word' id='word_1_199' title='bbox 75 2897 144 2939; x_wconf 88' lang='grc' dir='ltr'><em>των</em></span> <span class='ocrx_word' id='word_1_200' title='bbox 154 2867 267 2938; x_wconf 77' lang='grc' dir='ltr'><em>αὐτῶν</em></span> <span class='ocrx_word' id='word_1_201' title='bbox 278 2868 404 2959; x_wconf 85' lang='grc' dir='ltr'><em>ὀλίγων</em></span> <span class='ocrx_word' id='word_1_202' title='bbox 413 2869 558 2957; x_wconf 87' lang='grc' dir='ltr'><em>στρατόν</em></span> <span class='ocrx_word' id='word_1_203' title='bbox 569 2870 769 2961; x_wconf 87' lang='grc' dir='ltr'><em>τὸνΜήδωυ</em></span> <span class='ocrx_word' id='word_1_204' title='bbox 779 2869 969 2954; x_wconf 77' lang='grc' dir='ltr'><em>ἀλέξασθαι.</em></span> <span class='ocrx_word' id='word_1_205' title='bbox 992 2881 1083 2942; x_wconf 86' lang='grc' dir='ltr'><em>Ταῦ·</em></span> <span class='ocrx_word' id='word_1_206' title='bbox 1098 2887 1150 2943; x_wconf 84' lang='lat'><em>208</em></span> 
     </span>
     <span class='ocr_line' id='line_1_28' title="bbox 75 2973 1082 3061; baseline 0.001 -21"><span class='ocrx_word' id='word_1_207' title='bbox 75 2998 114 3040; x_wconf 95' lang='grc' dir='ltr'><em>τα</em></span> <span class='ocrx_word' id='word_1_208' title='bbox 129 2974 388 3059; x_wconf 85' lang='grc' dir='ltr'><em>βουλευομένων</em></span> <span class='ocrx_word' id='word_1_209' title='bbox 402 2975 517 3058; x_wconf 89' lang='grc' dir='ltr'><em>σφέων</em></span> <span class='ocrx_word' id='word_1_210' title='bbox 531 2977 654 3059; x_wconf 73' lang='grc' dir='ltr'><em>ἔπεμπε</em></span> <span class='ocrx_word' id='word_1_211' title='bbox 664 2976 787 3061; x_wconf 74' lang='grc' dir='ltr'><em>Ξέρξης</em></span> <span class='ocrx_word' id='word_1_212' title='bbox 802 2973 1041 3042; x_wconf 86' lang='grc' dir='ltr'><em>κατάσκοπονί</em></span> <span class='ocrx_word' id='word_1_213' title='bbox 1064 3011 1082 3024; x_wconf 88' lang='grc'><strong>-</strong></span> 
     </span>
     <span class='ocr_line' id='line_1_29' title="bbox 75 3068 1082 3162; baseline 0.004 -24"><span class='ocrx_word' id='word_1_214' title='bbox 75 3076 139 3139; x_wconf 86' lang='grc' dir='ltr'><em>πέα</em></span> <span class='ocrx_word' id='word_1_215' title='bbox 152 3074 302 3159; x_wconf 77' lang='grc' dir='ltr'><em>ἰδέσθαι,</em></span> <span class='ocrx_word' id='word_1_216' title='bbox 328 3068 445 3142; x_wconf 86' lang='grc' dir='ltr'><em>ὁκόσοι</em></span> <span class='ocrx_word' id='word_1_217' title='bbox 459 3073 497 3141; x_wconf 90' lang='grc' dir='ltr'><em>τέ</em></span> <span class='ocrx_word' id='word_1_218' title='bbox 516 3079 578 3142; x_wconf 86' lang='grc' dir='ltr'><em>είσι</em></span> <span class='ocrx_word' id='word_1_219' title='bbox 595 3077 651 3142; x_wconf 80' lang='grc' dir='ltr'><em>καὶ</em></span> <span class='ocrx_word' id='word_1_220' title='bbox 665 3072 685 3142; x_wconf 85' lang='grc' dir='ltr'><em>ό</em></span> <span class='ocrx_word' id='word_1_221' title='bbox 700 3099 732 3142; x_wconf 91' lang='grc' dir='ltr'><em>τι</em></span> <span class='ocrx_word' id='word_1_222' title='bbox 752 3076 905 3143; x_wconf 86' lang='grc' dir='ltr'><em>ποιέοιεν.</em></span> <span class='ocrx_word' id='word_1_223' title='bbox 940 3069 1082 3162; x_wconf 84' lang='grc' dir='ltr'><em>ήκηκόεε</em></span> 
     </span>
     <span class='ocr_line' id='line_1_30' title="bbox 75 3168 1079 3263; baseline 0.001 -23"><span class='ocrx_word' id='word_1_224' title='bbox 75 3174 112 3240; x_wconf 76' lang='grc' dir='ltr'><em>δὲ</em></span> <span class='ocrx_word' id='word_1_225' title='bbox 126 3177 175 3240; x_wconf 82' lang='grc' dir='ltr'><em>ἔτι</em></span> <span class='ocrx_word' id='word_1_226' title='bbox 191 3168 258 3239; x_wconf 78' lang='grc' dir='ltr'><em>έάν</em></span> <span class='ocrx_word' id='word_1_227' title='bbox 270 3174 308 3240; x_wconf 89' lang='grc' dir='ltr'><em>έν</em></span> <span class='ocrx_word' id='word_1_228' title='bbox 322 3180 506 3263; x_wconf 81' lang='grc' dir='ltr'><em>Θεσσαλίη,</em></span> <span class='ocrx_word' id='word_1_229' title='bbox 523 3170 568 3254; x_wconf 80' lang='grc' dir='ltr'><em>ὦς</em></span> <span class='ocrx_word' id='word_1_230' title='bbox 580 3172 741 3262; x_wconf 89' lang='grc' dir='ltr'><em>ήλισμένη</em></span> <span class='ocrx_word' id='word_1_231' title='bbox 758 3183 809 3261; x_wconf 84' lang='grc' dir='ltr'><em>είη</em></span> <span class='ocrx_word' id='word_1_232' title='bbox 824 3173 928 3262; x_wconf 78' lang='grc' dir='ltr'><em>ταύτῃ</em></span> <span class='ocrx_word' id='word_1_233' title='bbox 944 3171 1079 3262; x_wconf 87' lang='grc' dir='ltr'><em>στρατιή</em></span> 
     </span>
     <span class='ocr_line' id='line_1_31' title="bbox 74 3268 1081 3362; baseline 0.003 -22"><span class='ocrx_word' id='word_1_234' title='bbox 74 3268 181 3356; x_wconf 86' lang='grc' dir='ltr'><em>ὀλίγη,</em></span> <span class='ocrx_word' id='word_1_235' title='bbox 194 3272 248 3338; x_wconf 80' lang='grc' dir='ltr'><em>καλ</em></span> <span class='ocrx_word' id='word_1_236' title='bbox 259 3268 339 3351; x_wconf 78' lang='grc' dir='ltr'><em>τούς</em></span> <span class='ocrx_word' id='word_1_237' title='bbox 348 3268 515 3361; x_wconf 86' lang='grc' dir='ltr'><em>ήγεμόνας</em></span> <span class='ocrx_word' id='word_1_238' title='bbox 527 3271 572 3354; x_wconf 81' lang='grc' dir='ltr'><em>ὡς</em></span> <span class='ocrx_word' id='word_1_239' title='bbox 583 3283 699 3362; x_wconf 90' lang='grc' dir='ltr'><em>είησαν</em></span> <span class='ocrx_word' id='word_1_240' title='bbox 710 3273 972 3361; x_wconf 86' lang='grc' dir='ltr'><em>Λακεδαιμόνιοί</em></span> <span class='ocrx_word' id='word_1_241' title='bbox 980 3301 1015 3343; x_wconf 90' lang='grc' dir='ltr'><em>τε</em></span> <span class='ocrx_word' id='word_1_242' title='bbox 1026 3274 1081 3343; x_wconf 75' lang='grc' dir='ltr'><em>καί</em></span> 
     </span>
     <span class='ocr_line' id='line_1_32' title="bbox 76 3364 1181 3462; baseline 0.003 -24"><span class='ocrx_word' id='word_1_243' title='bbox 76 3370 246 3454; x_wconf 84' lang='grc' dir='ltr'><em>Λεωνίδης</em></span> <span class='ocrx_word' id='word_1_244' title='bbox 257 3364 323 3436; x_wconf 83' lang='grc' dir='ltr'><em>έάν</em></span> <span class='ocrx_word' id='word_1_245' title='bbox 332 3372 430 3457; x_wconf 89' lang='grc' dir='ltr'><em>γένος</em></span> <span class='ocrx_word' id='word_1_246' title='bbox 439 3369 665 3460; x_wconf 87' lang='grc' dir='ltr'><em>Ἡρακλείδης.</em></span> <span class='ocrx_word' id='word_1_247' title='bbox 689 3369 1080 3462; x_wconf 77' lang='grc' dir='ltr'><em>όςδὲπροσήλασεὸίπ·</em></span> <span class='ocrx_word' id='word_1_248' title='bbox 1178 3443 1181 3450; x_wconf 69' lang='grc'><em>,</em></span> 
     </span>
     <span class='ocr_line' id='line_1_33' title="bbox 74 3463 1155 3602; baseline 0.003 -66"><span class='ocrx_word' id='word_1_249' title='bbox 74 3463 158 3549; x_wconf 81' lang='grc' dir='ltr'><em>πεὺς</em></span> <span class='ocrx_word' id='word_1_250' title='bbox 172 3464 257 3556; x_wconf 80' lang='grc' dir='ltr'><em>πρὸς</em></span> <span class='ocrx_word' id='word_1_251' title='bbox 273 3466 311 3537; x_wconf 89' lang='grc' dir='ltr'><em>τὸ</em></span> <span class='ocrx_word' id='word_1_252' title='bbox 327 3469 570 3560; x_wconf 89' lang='grc' dir='ltr'><em>στρατόπεδον,</em></span> <span class='ocrx_word' id='word_1_253' title='bbox 592 3471 725 3562; x_wconf 75' lang='grc' dir='ltr'><em>ἐθηεῖτό</em></span> <span class='ocrx_word' id='word_1_254' title='bbox 742 3497 775 3539; x_wconf 86' lang='grc' dir='ltr'><em>τε</em></span> <span class='ocrx_word' id='word_1_255' title='bbox 794 3472 848 3539; x_wconf 82' lang='grc' dir='ltr'><em>καλ</em></span> <span class='ocrx_word' id='word_1_256' title='bbox 863 3469 996 3602; x_wconf 69' lang='grc' dir='ltr'><em>κατηόρα</em></span> <span class='ocrx_word' id='word_1_257' title='bbox 1012 3477 1080 3539; x_wconf 88' lang='grc' dir='ltr'><em>πάν</em></span> <span class='ocrx_word' id='word_1_258' title='bbox 1153 3547 1155 3551; x_wconf 85' lang='lat'>.</span> 
     </span>
    </p>

    <p class='ocr_par' dir='ltr' id='par_1_5' title="bbox 848 3571 915 3625">
     <span class='ocr_line' id='line_1_34' title="bbox 848 3571 915 3625; baseline 0 0"><span class='ocrx_word' id='word_1_259' title='bbox 848 3609 852 3616; x_wconf 86' lang='lat'>-</span> <span class='ocrx_word' id='word_1_260' title='bbox 883 3571 915 3625; x_wconf 75' lang='lat'><em>14</em></span> 
     </span>
    </p>
   </div>
   <div class='ocr_carea' id='block_1_4' title="bbox 0 0 1254 3925">
    <p class='ocr_par' dir='ltr' id='par_1_6' title="bbox 0 0 1254 3925">
     <span class='ocr_line' id='line_1_35' title="bbox 0 0 1254 3925; baseline 0 1"><span class='ocrx_word' id='word_1_261' title='bbox 0 0 1254 3925; x_wconf 95' lang='lat' dir='ltr'><em> </em></span> 
     </span>
    </p>
   </div>
  </div>
 </body>
</html>
