2500 3925
167 250 208 315 64
544 251 790 310 HERODOTI
1237 271 1239 400 ρ

167 411 389 503 δορυφόροισι
408 411 593 500 λαμβάνειν
614 407 729 479 αύτόυ.
769 407 787 478 6
817 409 853 478 δὲ
874 406 1039 497 ἀγόμενος
1058 410 1092 490 ἐς
1114 406 1174 489 τάς
1237 421 1238 442 ¹

168 510 333 599 ἀνάγκας,
355 510 444 581 οὕτω
459 509 500 598 δή
518 515 637 597 ἐφαινε
650 507 713 577 τόν
726 509 824 578 ἐόντα
839 508 953 597 λόγον.
987 506 1174 598 ἀρχόμενος
1237 533 1238 588 3

171 609 210 697 δή
226 604 279 678 ἀπ’
301 607 402 697 ἀρχῆς
417 608 539 695 διεξήιε
559 615 599 697 τή
614 605 758 698 ἀληθείῃ
776 606 974 698 χρεόμενος,
997 610 1053 677 καὶ
1074 606 1174 675 κατέ-
1237 599 1238 640 ¹

168 722 264 803 βαινε
278 715 310 793 ές
325 711 417 791 λιτάς
437 737 472 779 τε
493 715 547 780 καὶ
569 711 773 799 σνγγνάμηυ
793 713 906 801 ἑωυτῷ
920 712 1069 781 κελεύων
1083 716 1173 797 ἐχειν
1237 713 1238 798 ή

103 818 151 877 117
167 809 280 881 αὐτόν.
321 809 503 897 Ἀστυάγης
517 810 554 879 δέ
574 816 635 878 τοῦ
655 811 718 899 μὲν
739 808 909 894 βουκόλου
929 807 992 898 τήν
1006 807 1173 898 ἀληθείην
1237 821 1238 828 ’

168 910 376 1001 ἐκφήναντος
397 908 501 995 λόγον
523 904 585 996 ήδη
603 908 658 975 καὶ
678 906 809 975 ἐλάσσω
826 909 992 996 ἐποιέετο,
1014 905 1172 998 ’Λρπάγῳ

169 1009 205 1078 δὲ
220 1010 275 1077 καί
296 1007 447 1095 μεγάλως
467 1006 681 1095 μεμφόμενος
695 1009 828 1075 καλέειν
847 1003 953 1075 αὐτόν
973 1004 1052 1087 τούς
1066 1011 1173 1094 δορυ-

169 1108 297 1197 φόρους
311 1108 451 1176 έκέλευε.
486 1104 530 1186 ὡς
545 1106 583 1174 δέ
597 1109 631 1174 οί
645 1112 755 1193 παρῆν
770 1102 975 1194 ὁ”Αρπαγος,
991 1104 1097 1195 είρετό
1112 1128 1174 1190 μιν
1238 1123 1239 1186 ]

167 1205 394 1329 6'onvoe'771f·
419 1203 583 1293 ’,Αρπαγε
604 1205 667 1296 τέω
687 1200 728 1291 δή
752 1202 846 1295 μόρω
866 1202 927 1273 τόν
949 1209 1051 1275 παῖδα
1072 1228 1173 1273 κατε·
1238 1197 1239 1212 ’

166 1306 307 1397 χρήσαο,
329 1302 390 1373 τόν
410 1328 461 1373 τοι
481 1272 659 1390 παρέδωκόι
680 1301 717 1369 ἐκ
737 1299 909 1390 θυγατρός
929 1302 1092 1391 γεγονότα
1115 1308 1174 1389 τῆς

167 1408 262 1493 ἐμήςς
288 1398 398 1470 ΗὈδὲ
392 1396 584 1490 Αρπαγος“
563 1425 607 1478 ως
618 1395 733 1467 είδε
698 1422 760 1466 τον
769 1400 939 1487 βουκόλον
950 1406 1050 1470 ἐυδον
1061 1401 1171 1490 ἐόντα,

169 1500 210 1571 ού
223 1499 382 1589 κράνειαι
398 1502 450 1568 ἐπὶ
467 1500 592 1581 ψευδέα
606 1493 747 1584 όδόν,“
731 1521 788 1564 ινα
802 1523 848 1583 μη
837 1494 1081 1587 ἐλεγχόμενος
1096 1493 1174 1565 ἀλί-

168 1619 295 1686 σκηται,
314 1594 398 1666 ἀλλά
414 1600 503 1683 λέγει
517 1595 613 1663 τάδε·
632 1587 671 1662 Ὦ
685 1601 835 1684 βασιλεύ,
858 1596 967 1667 ἐπείτε
979 1599 1173 1688 παρέλαβον

167 1728 204 1771 το
192 1700 318 1769 παιδί
316 1724 367 1786 ον,
383 1698 566 1787 ἐβούλευον
580 1701 727 1815 σκοπῶν,
744 1694 831 1776 όκως
848 1705 904 1767 σοί
915 1724 951 1766 τε
966 1699 1094 1787 ποιήσω
1109 1723 1175 1765 κα·
1239 1725 1240 1786 ι

118 1810 121 1817 “
168 1796 207 1868 τά
223 1797 321 1884 νόον,
340 1824 394 1865 και
383 1791 479 1882 ἐγά
494 1792 578 1881 πρὸς
595 1792 632 1863 σὲ
646 1792 823 1881 γινόμενος
844 1791 1074 1886 ἀναμάρτητος
1088 1796 1175 1883 μήτε
1239 1809 1240 1812 ’

168 1897 313 1985 θυγατρὶ
327 1900 367 1985 τή
382 1899 423 1984 σῇ
440 1893 521 1982 μήτε
535 1889 626 1984 αύτῷ
645 1894 697 1960 σολ
715 1900 787 1980 είην
800 1888 976 1982 αύθέυτης.
1010 1894 1113 1964 ποιέω
1128 1890 1173 1980 δή

170 1990 250 2064 ύδε·
280 1994 419 2073 καλέσας
433 1990 493 2061 τόν
506 1993 675 2080 βουκόλον
689 1991 788 2060 τόνδε
807 1997 1017 2081 παραδίδωμι
1038 1989 1075 2062 τό
1090 2017 1174 2061 παι-

168 2100 262 2183 δίον,
289 2090 356 2182 φόις
377 2095 418 2162 σέ
434 2119 470 2161 τε
486 2091 570 2161 εἶναι
585 2091 647 2162 τόν
667 2094 847 2163 κελεύοντα
869 2091 1061 2164 ἀποκτείναι
1074 2093 1169 2167 αύτό.
1240 2130 1241 2153 1

168 2197 222 2263 καὶ
237 2193 344 2279 λέγων
358 2190 458 2260 τοῦτό
474 2217 512 2278 γε
529 2188 593 2260 ούκ
609 2191 817 2280 ἐψευδόμην·
849 2192 893 2262 σύ
914 2193 980 2283 γάρ
1001 2197 1172 2265 ἐνετέλλεο

168 2319 208 2360 οι
194 2291 265 2360 ”τω.
299 2291 563 2379 παραδίδωμ’
519 2315 676 2382 μεντοι
645 2296 728 2360 τῶδε
740 2317 822 2360 κατα
811 2288 924 2380 τάδε,
939 2295 1174 2381 ἐντειλάμενος

166 2403 244 2462 δεῖν
245 2395 283 2460 αί
289 2416 348 2477 μιν
359 2391 392 2469 ές
403 2383 580 2476 ἐρῆμον
537 2415 639 2476 ουρος
653 2394 707 2460 καὶ
721 2394 958 2482 παραμένοντα
969 2396 1171 2482 φυλάσσειν,

97 2563 98 2566 ¹
167 2515 241 2577 αχρι
257 2514 299 2557 ου
286 2479 502 2580 τελευτήση,
519 2488 698 2581 ἀπειλήσας
713 2509 854 2564 παντοία
868 2490 1001 2586 τῷδε,
979 2523 1023 2584 ην
1033 2523 1077 2584 μη
1066 2493 1172 2565 τάδε

166 2588 314 2656 ἐπιτελέα
330 2585 462 2678 ποιήση.
518 2590 624 2658 ἐπείτε
643 2590 680 2660 δὲ
701 2593 901 2681 ποιήσαντος
917 2594 1040 2664 τούτου
1054 2593 1094 2664 τά
1112 2623 1171 2665 κε-

49 2767 55 2782 ,
166 2683 330 2771 λενόμενα
346 2685 586 2774 ἐτελεύτησε
552 2713 589 2757 τυ
602 2692 748 2778 παιδίον,
764 2693 896 2780 πέμψας
910 2701 978 2762 τόν
995 2693 1172 2783 εὐνούχων

166 2779 244 2862 τούς
265 2783 483 2863 πιστοτάτους
505 2788 560 2853 καὶ
581 2785 673 2856 εἶδον
687 2785 727 2856 δι’
744 2790 883 2859 ἐκείνων
897 2794 953 2861 καί
968 2794 1081 2876 ἔθαψά
1096 2821 1169 2882 μιν.

165 2878 254 2948 οὕτω
279 2874 408 2968 ἔσχε,
382 2907 407 2949 ω
421 2889 577 2971 βασιλεῦ,
594 2888 742 2973 περὶτοῦ
755 2888 948 2978 πρήγματος
962 2893 1096 2980 τούτου,
1113 2896 1171 2962 καὶ

100 3009 150 3067 113
163 2975 303 3069 τοιούτῳ
325 2977 419 3070 μόρφ
442 2980 640 3069 ἐχρήσατο
625 2998 745 3065 οπατς.
784 2980 952 3109 Αρπαγος
972 2991 1036 3082 μὲν
1050 2989 1144 3080 δή
1107 3018 1172 3060 τον

166 3074 249 3147 ἰθύν
264 3081 381 3164 ἔφαινε
397 3071 511 3166 λογον,
525 3077 707 3170 Ἀστυάγης
722 3084 757 3153 δέ
770 3086 929 3175 κρύπτων
942 3088 1003 3158 τόν
1017 3094 1052 3158 οί
1064 3091 1172 3177 ἐνεῖχε

164 3173 267 3261 χόλον
284 3171 387 3242 διά
353 3199 390 3243 το
406 3174 555 3265 γεγονός,
570 3203 686 3266 πρωτα
700 3182 773 3271 μὲν,
790 3183 874 3252 κατά
888 3208 952 3270 περ
965 3183 1090 3275 ήκουσε
1103 3186 1170 3256 αύ-

165 3269 221 3354 τός
235 3270 318 3360 πρός
332 3300 392 3343 του
379 3277 628 3400 βουκόλον
594 3305 637 3347 το
647 3287 801 3370 πρῆγμα,
821 3282 925 3352 πάλιν
942 3282 1104 3372 ἀπηγέετο
1119 3292 1170 3378 τῷ

159 3371 325 3465 Ἀρπάγφ,
338 3401 419 3462 μετα
406 3373 521 3464 δέ,’
494 3403 538 3458 ως
550 3382 585 3447 οί
593 3380 841 3502 έπαλιλλόγητρ,
858 3385 1033 3471 κατέβαινε
1045 3354 1170 3473 λέγωύ,

165 3467 208 3552 ὥς
223 3478 371 3560 περίεστί
385 3472 455 3545 τεὸ
478 3490 554 3555 παῖς
576 3476 687 3545 καὶ
652 3503 689 3546 το
705 3477 844 3567 γεγονός
865 3485 929 3569 ἔχει
946 3487 1063 3562 καλως.
1112 3490 1170 3574 Τῷ
