2500 3925
333 217 417 272 ιιε.
449 214 507 270 vn.
541 213 642 272 σεε.
675 221 831 288 ε-ε,ι.
1027 213 1089 278 125

79 373 294 454 ἀπεστεῶτας.
317 374 459 452 τούτους
472 373 534 460 μέν
548 397 615 440 νυν
629 371 939 460 καταστρεψάμενος
954 377 1009 444 καλ
1024 386 1088 446 Αί-

80 496 209 559 γυπτον
228 478 343 540 πᾶσαν
361 469 489 540 πολλὰν
503 473 708 557 δουλοτέρην
721 473 878 560 ποιήσας,
899 470 923 560 ἢ
942 477 995 542 ἐπὶ
1012 485 1087 543 Δα-

80 582 175 660 ρείου
193 567 255 662 ήν,
276 572 449 660 ἐπιτράπει
464 570 665 670 Ἀχαιμένεϊ,
690 570 843 665 ἀδελφεῷ
863 573 925 661 μὲν
946 579 1085 660 ἑωυτοῦ,

77 678 228 760 Δαρείου
243 672 280 740 δέ
299 674 402 741 παιδί.
444 668 637 757 Ἀχαιμένεα
656 671 719 756 μέν
739 695 805 738 νυν
826 674 1086 760 ἐπιτροπεύοντα

79 771 256 857 Αἰγύπτου
269 770 380 860 χρόνφ
394 771 583 854 μετέπειτεν
593 766 758 851 ἐφόνευσε
771 763 935 853 Ἰνάρωςό
951 780 1086 859 Ψαμμι-
1149 851 1157 866 ἱ

78 876 172 956 τίχου
186 865 273 954 άνήρ
285 873 398 955 Λίβυς.
421 868 545 952 Ξέρξης
561 863 598 933 δέ
611 862 693 964 μετὰ
708 866 884 951 Αίγύπτου
901 868 1028 939 ἅλωσιν
1043 867 1120 950 ὑςΒ

79 974 196 1053 ἔμελλε
205 968 244 1045 ’ἐς
254 980 365 1052 χεῖρας
379 963 520 1063 ἄξεσθαι
531 961 570 1032 τό
585 965 775 1052 στράτευμα
791 965 829 1035 τό
845 969 897 1036 ἐπὶ
910 967 970 1048 τὰς
983 961 1087 1058 Ἀθήὲ

78 1093 157 1154 νας,
172 1066 341 1152 σύλλογον
353 1067 530 1151 ἐπίκλητον
542 1066 703 1147 Περσέων
716 1072 785 1134 τῶν
799 1063 944 1152 άρίστων
958 1074 1086 1139 ἐποιέε-

78 1190 127 1253 το,
144 1167 202 1232 ἵνα
213 1162 350 1252 γνάμας
359 1187 395 1230 τε
405 1163 556 1248 πύθηται
567 1165 682 1249 σφέων
691 1167 747 1232 καλ
758 1162 859 1245 αὑτός
869 1169 907 1235 ἐν
917 1174 997 1236 πᾶσι
1009 1178 1086 1257 είπη

77 1261 119 1332 τά
128 1261 245 1331 ἐθέλει.
261 1259 321 1341 Ὡς
331 1263 368 1329 δέ
379 1264 643 1349 συνελέχθησαν,
659 1265 747 1340 ἔλεξε
757 1265 879 1351 Ξέρξης
890 1267 985 1336 τάδε·
1004 1267 1115 1338 ''dv-1

79 1367 156 1450 δρες
174 1365 319 1448 Πέρσαι,
339 1357 412 1429 οὔτ’
431 1357 532 1438 αὑτός
550 1358 778 1447 κατηγήσομαι
800 1361 909 1449 νόμον
929 1366 1028 1434 τόνδε
1047 1371 1086 1436 ἐν

78 1463 161 1550 ὑμίν
173 1460 295 1547 ταθείς,
311 1456 583 1546 παραδεξάμενός
596 1484 634 1526 τε
648 1455 738 1550 αὐτῷ
757 1461 928 1549 χρήσομαι.
960 1463 1004 1545 ὡς
1019 1464 1085 1553 γάρ

78 1560 144 1651 ἐγὺ
159 1560 380 1647 πυνθάνομαι
392 1565 463 1627 τῶν
476 1559 725 1645 πρεσβυτέρων,
740 1557 871 1645 ούσαμά
881 1586 931 1628 κω
940 1558 1086 1650 ήτρεμή-

78 1683 202 1749 σαμεν,
230 1662 338 1729 ἐπείτε
354 1657 588 1744 παρελάβομεν
604 1655 667 1742 τήν
680 1654 863 1744 ἡγεμονίην
878 1659 979 1748 τήνδε
993 1661 1083 1748 παρά

79 1757 339 1846 ΜήσωνΚύρου
349 1755 547 1833 κατελόντος
556 1750 755 1840 Ἀστυάγεα·
766 1752 986 1837 άλλά,θεόςτε
996 1759 1085 1828 οὑτω

78 1857 152 1945 άγει
168 1858 224 1925 καλ
237 1854 368 1924 αύτοίσι
381 1851 464 1942 ἡμίν
476 1848 585 1920 πολλὰ
597 1854 757 1920 ἐπέπουσι
767 1857 972 1943 συμφέρεται
983 1860 1036 1926 ἐπὶ
1046 1856 1082 1925 τό

79 1955 228 2043 άμεινον.
260 1953 309 2022 Τά
324 1957 388 2042 μέν
401 1979 468 2021 νυν
484 1950 601 2037 Κῦρός
611 1977 648 2019 τε
663 1955 718 2021 καί
728 1955 913 2043 Καμβύσης
926 1958 1035 2046 πατήρ
1049 1985 1085 2027 τε

78 2054 98 2125 ὁ
112 2052 191 2142 ἐμὸς
201 2066 345 2138 Δαρεῖος
358 2052 607 2140 κατεργάσαντο
618 2054 674 2120 καλ
686 2055 954 2143 προσεκτήσαντο
969 2063 1084 2144 ἔθνεα,

78 2155 324 2240 ἐπισταμένοισι
338 2146 379 2221 εὑ
398 2150 463 2221 ούκ
482 2151 527 2220 άν
539 2177 590 2231 τις
603 2153 705 2237 λέγοι.
729 2151 794 2240 ἐγω
810 2155 847 2222 δὲ
870 2158 978 2227 ἐπείτε
996 2182 1085 2247 παρ.

78 2262 202 2346 ἔλαβον
213 2251 275 2323 τόν
287 2252 428 2340 θρόνον,
443 2260 543 2323 τοῦτο
555 2252 761 2341 ἐφρόντιζον,
777 2253 863 2335 ὅκως
873 2255 918 2344 μή
929 2264 1085 2346 λείψομαι
1124 2256 1133 2282 “

78 2363 146 2425 τῶν
161 2351 327 2441 πρότερον
340 2353 533 2437 γενομένων
548 2358 628 2438 τιμή
646 2356 725 2441 τῇδε
737 2354 821 2439 μηδὲ
834 2354 963 2423 ἐλάσσω
977 2377 1085 2444 προσ-

77 2454 240 2540 κτήσομαι
256 2450 403 2535 δύναμιν
414 2453 582 2539 Πέρσησι·
605 2456 792 2535 φροντίζων
804 2450 840 2517 δὲ
856 2449 1000 2537 εὑρίσκω
1014 2453 1083 2539 ἅμα

78 2553 142 2641 μὲν
155 2553 259 2627 κύβος
271 2544 354 2633 ἡμῖν
368 2548 638 2634 προσγινόμενον
654 2546 767 2653 χάρην
781 2572 817 2614 τε
830 2555 889 2633 τῆς
903 2556 969 2617 νῦν
986 2552 1083 2637 ἐκτή-

77 2660 168 2737 μεθα
183 2643 246 2715 ούκ
266 2644 432 2714 ἐλάσσονα
446 2642 526 2714 ούόέ
542 2648 793 2731 φλαυροτέρην,
816 2653 1083 2737 παμφορωτέρην

77 2751 131 2835 δὲ,
148 2744 218 2833 ἅμα
236 2746 273 2813 δὲ
286 2749 450 2829 τιμωρίην
464 2768 500 2811 τε
514 2746 569 2812 καλ
586 2749 675 2811 τίσιν
693 2745 883 2831 γινομένην.
913 2744 965 2815 διὸ
981 2745 1085 2836 ὑμέας
1116 2778 1118 2783 ·

77 2854 144 2913 υύν
163 2839 228 2932 ἐγω
243 2843 422 2928 συνέλεξα,
443 2844 501 2910 ἵνα
519 2839 558 2910 τὸ
576 2843 664 2909 νοέω
683 2840 846 2928 πρήσσειν
866 2841 1084 2933 ὑπερθέωμαι

77 2943 168 3030 ὑμίν.
184 2946 309 3013 Μέλλω
324 2942 438 3024 ζεύξας
451 2938 513 3009 τόν
519 2939 765 3027 Ἑλλήσποντον
777 2942 857 3009 ἐλᾶν
871 2942 1014 3031 στρατόν
1029 2941 1116 3017 διάη

77 3051 135 3129 τῆς
149 3039 316 3128 Εύριόπης
330 3043 384 3109 ἐπὶ
398 3038 462 3127 τήν
471 3037 629 3128 Ἑλλάδα,
650 3037 920 3126 ἵναἈθηναίους
935 3042 1084 3128 τιμωρή-

77 3162 203 3227 σωμαι,
229 3137 293 3207 ὅσα
315 3135 356 3225 δή
377 3138 578 3226 πεποιήκασι
592 3141 724 3224 Πέρσας
744 3164 781 3206 τε
801 3140 856 3206 καλ
878 3141 1002 3223 πατέρα
1022 3139 1084 3207 τὸν

76 3238 168 3325 ἐμόν.
190 3234 298 3322 ὡρᾶτε
310 3240 373 3323 μέν
383 3262 450 3304 νυν
460 3240 515 3305 καλ
528 3248 677 3324 Δαρείου
687 3236 831 3303 ίθύοντα
841 3237 1083 3322 στρατεύεσθαι

76 3341 131 3409 ἐπὶ
141 3334 221 3416 τούς
232 3336 358 3423 ἄνδρας
369 3338 519 3417 τούτους.
535 3332 610 3406 ἀλλ’
626 3332 644 3403 ὁ
658 3334 721 3422 μέν
730 3333 941 3421 τετελεύτηκε
954 3339 1010 3404 καὶ
1019 3333 1083 3405 ούκ

76 3434 243 3527 ἐξεγένετό
257 3439 292 3504 ot
301 3436 573 3524 τιμωρήσασθαι,
590 3434 656 3524 ἐγω
672 3435 709 3504 δέ
723 3432 809 3518 ὑπέρ
824 3460 859 3503 τε
876 3436 1007 3505 ἐκείνου
1025 3438 1081 3505 aaz
