2500 3925
308 278 392 333 ΗΒ.
419 279 454 334 11.
487 278 586 336 cAP.
621 284 795 338 ιυε-ιυο.
991 275 1047 338 181

69 431 130 504 τοὶς
151 436 338 514 ἐπιλοίπους
357 441 479 513 λίθους
498 441 663 524 μηχανῇσι
686 436 799 515 ξύλων
820 435 972 523 βραχέων
991 459 1051 503 τιε-

70 537 244 623 τοιημένησι
282 540 438 621 χαμᾶθεν
456 534 520 620 μέν
539 536 593 603 έτί
611 531 673 602 τόν
688 541 823 621 πρῶτον
837 547 968 621 στοίχου
984 541 1052 606 τάν

69 629 255 718 ἀναβαθμῶν
266 631 451 755 ἀείρογτες·
473 632 562 714 ὅκως
571 636 608 704 δὲ
619 631 709 704 ἀνίοι
724 631 742 702 ὁ
755 641 852 713 λίθος
866 632 918 702 έκ’
936 630 1052 722 αὐτόν,

66 732 93 808 ές
109 733 214 817 ἑτέρην
235 730 391 819 μηχανὴν
414 735 544 802 έτίθετο
565 738 731 802 έστεωσαν
757 733 811 800 έττί
831 738 892 800 τοῦ
916 730 1054 819 στράτου

66 833 194 915 στοίχου,
216 826 283 899 ἀπὸ
301 830 425 898 τούτου
444 833 482 900 δέ
496 827 603 902 έαί
568 856 630 899 του
645 831 805 918 δεύτερον
819 831 946 898 εἵλκετο
962 842 1052 897 στοί-

66 951 114 1009 χου
131 923 179 994 ἐτ’
194 925 300 1014 ἀλλης
315 953 478 1014 μηχανης·
499 926 575 996 όσοι
589 925 655 1014 γάρ
676 924 717 1013 δὴ
739 941 862 1012 στοῖχοι
882 916 971 1016 ἦσαν
984 950 1053 993 των

65 1022 271 1112 ἀναβαθμῶν,
293 1033 453 1096 τοσαῦται
476 1027 533 1095 καί
555 1030 595 1093 ac
612 1017 800 1112 μηχαναί
778 1044 882 1114 ησαν,
911 1033 976 1094 εἴτε
997 1025 1053 1093 καί

63 1151 222 1212 τηναυτηυ
233 1151 388 1213 μηχανην
399 1129 612 1212 έουσαυμίιιν
620 1150 657 1194 τε
667 1125 723 1194 καί
735 1123 962 1214 ευβασταιιτου
972 1149 1052 1210 μετ·

64 1221 187 1305 εφόρεον
202 1226 257 1292 ἐπί
268 1239 401 1310 στοῖχον
414 1227 573 1308 ἕκαστον,
597 1221 685 1301 ὅκως
698 1220 759 1292 τὸν
775 1230 877 1294 λίθου
891 1226 1049 1304 ἐξέλοιεν

64 1320 188 1404 λελέχθω
196 1317 264 1405 γάρ
275 1318 358 1408 ἡμῖν
372 1319 425 1391 ἐπ’
442 1319 633 1408 ἀμφότερα,
648 1320 801 1406 κατάπερ
817 1322 956 1406 λέγεται.
981 1324 1051 1402 έξε-

63 1416 170 1504 τοιόθη
190 1415 224 1485 δ’
252 1412 304 1488 &v
326 1417 367 1488 τά
392 1418 547 1489 ἀνώτατα
569 1414 673 1506 αὐτῆς
693 1424 823 1505 πρῶτα,
845 1415 926 1506 μετά
953 1418 990 1488 δὲ
1009 1415 1051 1486 τά

63 1515 181 1602 ἐχόμενα
199 1519 335 1588 τούτων
355 1521 542 1605 ἐξεποίευν,
564 1524 736 1586 τελευταία
753 1516 790 1585 δὲ
805 1513 907 1602 αὐτῆς
920 1513 962 1585 τά
978 1518 1050 1586 έιτί-

64 1640 125 1696 γαια
138 1618 191 1684 καί
208 1614 251 1684 τά
275 1618 456 1686 κατωτάτω
477 1619 681 1702 ἐξεποίησαν.
715 1611 918 1702 σεσήμανται
942 1614 978 1682 δὲ
995 1611 1051 1680 διά

63 1715 244 1802 γραμμάτων
259 1722 456 1803 Αἰγυπτίων
477 1719 516 1786 έν
537 1722 577 1804 τῇ
593 1717 758 1802 πυραμίδι
778 1711 841 1782 ὅσα
863 1718 896 1791 ές
915 1737 951 1780 τε
966 1731 1051 1798 συρ-

64 1818 145 1898 μσίην
159 1817 214 1884 καί
227 1814 389 1903 κρόμμυα
398 1817 454 1884 καί
465 1813 612 1900 σκόροδα
623 1809 840 1897 ἀναισιμώθη
855 1823 940 1877 τοῖσι
952 1811 1051 1896 έργιι-

64 1912 222 1996 ζομένοισι·
244 1916 302 1984 καί
317 1911 363 1994 ὡς
379 1912 437 2001 ἐμὲ
456 1905 498 1981 εά
511 1919 703 2003 μεμνῆσθαι
721 1907 762 1979 τά
783 1905 802 1978 ὁ
818 1906 982 1995 ἑρμηνεύς
993 1931 1052 1995 μοι

63 2012 275 2099 ἐπιλεγόμενος
288 2011 331 2081 τά
344 2014 524 2102 γράμματα
540 2017 621 2098 ἔφη,
644 2010 799 2091 ἑξακόσια
815 2012 871 2079 καί
889 2015 979 2097 χίλια
991 2033 1051 2075 τα-

62 2116 146 2179 λαυτα
168 2108 338 2200 ἀργυρίου
363 2115 566 2183 τετελέσθαι,
606 2115 639 2179 εί
661 2106 693 2176 δ’
722 2113 791 2177 ἔστι
818 2106 907 2175 οὕτω
934 2111 1051 2194 έχοντα

62 2214 160 2295 ταῦτα,
180 2211 269 2279 κόσα
282 2208 376 2290 οίκός
389 2210 476 2281 ἄλλα
497 2212 756 2294 δεδαιιαυῆσθαί
772 2208 841 2276 έστι
855 2211 888 2285 ές
902 2230 938 2273 τε
955 2208 1050 2289 σίδη-

63 2331 124 2391 ρον,
144 2315 188 2398 τῷ
202 2310 402 2397 ἐργάζοντο,
424 2312 480 2378 καί
497 2314 585 2377 σιτία
599 2308 655 2376 καί
668 2309 796 2391 ἐσθῆτα
811 2318 898 2373 τοῖσι
915 2306 1050 2395 ἐργαζο-

62 2406 185 2487 μένοισιι
207 2404 309 2479 ὁκότε
321 2404 731 2494 χρόνονμὲνοίκοδόμεου
740 2400 781 2473 τά
793 2408 875 2494 ἔργα
888 2398 949 2470 τόν
961 2406 1052 2488 είρη-
1099 2428 1104 2433 ·

62 2506 161 2591 μένον,
181 2504 289 2577 ἀλλον
313 2511 368 2595 δέ,
391 2506 437 2588 ὡς
457 2504 523 2594 έγά
550 2504 674 2591 δοκέω,
701 2506 739 2573 έν
760 2508 807 2593 τῷ
830 2499 909 2581 τοὺς
932 2506 1053 2578 λίθους
1130 2492 1137 2507 ’

64 2604 183 2685 ἔταμνον
206 2608 265 2673 καί
284 2598 372 2693 ἦγον
392 2609 448 2676 καὶ
470 2604 508 2676 τό
534 2601 601 2673 ἀπὸ
622 2610 689 2690 γῆν
709 2599 841 2689 ὄρυγμα
862 2600 1051 2689 ἐργάζοντο,

64 2696 234 2788 οάκόλίγον
248 2704 384 2827 χρόγον.
425 2702 476 2785 Ἐς
490 2710 590 2772 τοῦτο
602 2702 639 2769 δὲ
656 2702 771 2769 έλθεσυ
781 2701 896 2767 Χέοπα
910 2701 1054 2781 κακότη-
1070 2714 1121 2767 σσσ

64 2821 106 2877 ²⁰6
118 2797 195 2868 ὥστε
208 2803 390 2889 χρημάτων
406 2802 569 2888 δεόμενον
582 2824 646 2885 την
660 2792 883 2882 θυγατέρα
846 2820 909 2881 την
924 2798 1052 2863 ἑωυτοῦ

66 2900 221 2965 κατίσαντα
241 2896 295 2969 ἐπ’
314 2900 495 2987 οίκήματος
512 2898 695 2985 προστάξαι
717 2889 963 2981 πρήσσεσθαι’
945 2890 1052 2981 αργά-

62 3021 116 3077 οισν
138 2996 302 3085 όκοσονδή
327 3016 376 3065 τι
403 2996 445 3066 οὐ
472 2995 539 3084 γάρ
565 2994 608 3081 δη
635 2992 738 3062 τουτό
764 3018 803 3077 γε
829 2995 961 3075 έλεγον·
987 2983 1049 3071 τήν

61 3092 140 3161 δί’
105 3125 140 3168 τα
160 3127 194 3171 τε
215 3097 287 3170 υιτό
311 3104 373 3167 τοῦ
391 3095 519 3185 πατρός
543 3094 709 3184 ταχθέντα
726 3090 954 3182 πρήσσεσθαι,
980 3090 1050 3173 ίδίη

62 3194 90 3261 δέ
116 3201 165 3268 καί
198 3197 308 3287 αὐτην
344 3203 568 3285 διανοηθῆναι
600 3193 767 3319 μγημήιου
801 3186 1050 3270 καταλιπέσθαι,

63 3297 105 3414 γαί
123 3307 179 3370 τοῦ
202 3301 350 3381 ἐσιόντος
376 3298 462 3388 πρὸς
485 3295 594 3384 αὐτην
620 3293 762 3364 ἑκάστου
788 3282 984 3373 δέεσθαι,”
965 3312 1050 3365 οκως

65 3388 96 3462 ἂν
109 3399 185 3502 αὐτῇ
202 3406 264 3473 ἕνα
283 3409 385 3469 λίθου
403 3401 572 3487 δωρέοιτο.
599 3399 637 3465 ἐκ
654 3394 785 3464 τούτων
804 3391 841 3459 δε
856 3414 925 3457 των
943 3393 1052 3454 λίθων

66 3499 169 3582 ἔφασαν
195 3530 260 3590 την
293 3506 470 3591 πυραμίδα
499 3499 765 3583 οἰκοδομηθῆναι
794 3516 856 3575 την
891 3490 928 3553 ἐν
961 3484 1051 3617 μέσῳ
