2500 3925
271 185 273 187 ·
374 159 462 216 τιν.
494 158 553 215 ιιι
588 155 687 216 σεε.
718 166 859 224 ιι-εο.
1061 158 1119 227 151

110 313 204 401 ἄγων
221 316 348 396 πάντας
362 313 585 402 άνθροέπονςς
601 319 656 386 καὶ
666 315 732 402 γάρ
745 315 828 388 άνεν
839 319 969 391 τοότων
981 325 1058 410 ἐξῆν
1069 347 1119 391 τοι

113 417 239 483 ποιέειν
252 422 365 485 ταῦτα.

191 513 249 596 Ὡς
264 516 301 585 δὲ
317 518 476 604 διέβησαν
490 515 624 602 πάντες,
641 517 673 595 ές
688 511 770 584 ὁδόν
781 513 1006 605 ὁρμημένοισι
1022 520 1120 608 τέρας
1134 535 1171 592 57

112 633 173 699 σφι
193 613 301 701 ἐφάνη
322 617 423 701 μέγα,
443 611 481 681 τό
501 617 624 700 Ξέρξης
645 615 683 681 έν
699 609 813 682 οὐδενὶ
834 613 924 708 λόγῳ
941 617 1116 704 ἐποιήσατο

110 717 230 801 καίπερ
243 709 475 800 εὐσύμβλητον
486 712 561 782 ἐόν·
575 715 676 792 ἵππος
686 709 751 800 γάρ
764 719 853 783 ἔτεκε
864 714 978 802 λαγόν.
992 711 1118 802 εὐσύμ-

109 817 236 898 βλητον
250 803 298 880 όν
308 815 386 901 τὴδε
396 817 496 880 τοῦτο
506 813 649 898 ἐγένετο,
665 809 716 880 ὅτι
727 817 842 900 ἔμελλε
852 811 915 899 μέν
925 815 1005 884 ἐλάν
1015 832 1117 898 στρα-

109 907 187 997 τιὴν
201 911 253 979 ἐπὶ
269 907 332 997 τήν
339 906 483 979 Ἑλλάδα
490 911 614 998 ,Ξέρξης
624 907 835 998 ἀγαυρότατα
845 913 900 980 καὶ
909 920 1117 1000 μεγαλοπρε-

108 1011 270 1096 πέστατα,
285 1006 391 1078 ὀπίσω
406 1011 442 1077 δέ
458 1011 534 1095 περὶ
548 1011 677 1077 ἑωυτοῦ
687 1011 812 1097 τρέχων
825 1005 918 1095 ἥξειν
932 1011 965 1088 ἐς
979 1007 1040 1078 τόν
1053 1005 1116 1078 αό-

109 1104 170 1175 τόν
182 1113 302 1195 χοῖρον.
331 1103 461 1195 ἐήένετο
482 1107 518 1176 δὲ
539 1110 594 1177 καὶ
610 1109 725 1194 ἕτερον
745 1105 835 1200 αὐτῷ
854 1111 950 1196 τέρας
971 1109 1061 1178 ἐόντι
1078 1109 1116 1178 έν

10 1297 15 1302 “
107 1205 269 1292 Σάρδισι·
298 1203 437 1294 ἡμίονος
456 1203 521 1295 γάρ
539 1212 630 1276 ἔτεκε
649 1204 791 1295 ἡμίονον
812 1205 884 1288 διξὰ
902 1213 1045 1295 ἔχουσαν
1062 1214 1114 1278 αδ

108 1308 193 1389 δοῐα,
210 1301 250 1372 τά
262 1304 325 1390 μέν
335 1308 481 1392 ἔρσενος,
495 1301 537 1372 τά
553 1304 590 1373 δέ
603 1305 745 1392 θηλέης,
761 1305 953 1391 κατύπερθε
969 1305 1005 1373 δέ
1018 1297 1063 1392 ἡν
1073 1300 1113 1372 τά

108 1408 168 1471 τοῦ
180 1408 324 1489 ἔρσενος.
345 1409 421 1470 Τῶν
432 1399 632 1490 άμφοτέρων
642 1403 747 1489 λόγον
758 1399 880 1472 οὐδένα
891 1402 1115 1488 ποιησάμενος
1128 1421 1165 1478 ω

108 1497 144 1569 τὸ
156 1499 272 1589 πρόσω
283 1501 472 1589 ἐπορεύετο,
484 1499 550 1572 σάν
561 1505 600 1571 δέ
607 1507 641 1571 οί
650 1500 668 1570 ὁ
680 1497 775 1584 πεζὸς
786 1499 932 1589 στρατός.
950 1499 968 1570 ὁ
982 1503 1017 1570 δέ
1029 1527 1114 1569 ναυ-

109 1596 197 1678 τικδς
210 1603 272 1680 ἔξω
285 1597 345 1668 τόν
354 1599 600 1688 Ἑλλήσποντον
614 1600 738 1670 πλόων
753 1597 844 1688 παρά
857 1599 922 1686 μήν
937 1601 1112 1684 ἐκομίζετο,

106 1694 146 1765 τά
158 1700 301 1784 ἔμπαλιν
311 1698 471 1786 πρήσσων
482 1705 543 1768 τοῦ
554 1705 671 1782 πεζοῦ·
693 1695 711 1768 ὁ
723 1696 786 1784 μὲν
799 1694 863 1784 γάρ
876 1691 959 1784 πρὸς
970 1697 1113 1781 ἑσπέρην

108 1802 228 1886 ἐπλωε,
250 1800 303 1866 ἐπὶ
316 1803 554 1887 Σαρπηδονίης
575 1797 679 1887 άκρης
697 1797 898 1884 ποιεόμενος
912 1793 974 1882 τὴν
988 1793 1112 1883 άπιξιν,

107 1898 139 1976 ἐς
152 1893 214 1985 τήν
229 1895 319 1987 αὐτῷ
334 1904 512 1988 προείρητο
527 1895 718 1989 άπικομένφ
734 1899 935 1985 περιμένειν,
951 1892 970 1966 ὁ
986 1895 1022 1965 δὲ
1036 1889 1110 1964 κατ’

107 1993 245 2084 ἤπειρον
259 1996 398 2084 στρατός
414 1995 500 2083 πρός
514 1996 564 2086 ήολ
576 2025 612 2065 τε
626 2000 682 2067 καὶ
692 1995 790 2085 ἡλίου
805 1994 969 2076 ἀνατολάς
984 1998 1111 2065 ἐποιέε-

107 2119 142 2163 το
155 2090 218 2181 τήν
231 2088 316 2164 ὁδὸν
331 2093 387 2164 διά
402 2104 460 2184 τῆς
469 2096 700 2187 Χερσονήσου,
715 2098 753 2165 ἐν
769 2101 859 2187 δεξιῇ
872 2096 935 2183 μὲν
950 2102 1034 2183 ἔχων
1049 2091 1109 2163 τόν

107 2186 223 2278 Ἕλλης
238 2190 349 2279 τάφον
362 2200 420 2282 τῆς
434 2191 659 2283 Ἀθάμαντος,
677 2196 715 2263 ἐν
731 2191 887 2285 άριστερή
904 2195 940 2264 δέ
957 2197 1105 2282 Καρδίην

104 2288 213 2378 πόλιν,
229 2287 284 2359 διά
295 2291 397 2380 μέσης
407 2294 444 2363 δὲ
454 2294 683 2381 πορευόμενος
693 2292 820 2379 πόλιος,
834 2301 874 2383 τῇ
886 2292 1016 2381 οὕνομα
1026 2316 1108 2379 τυν-

103 2388 195 2477 ηάνει
211 2386 269 2457 ἐὰν
280 2388 409 2479 Ἀγορή.
433 2394 594 2461 ἐνθεῦτεν
609 2392 647 2460 δὲ
660 2392 821 2478 κάμπτων
833 2390 894 2459 τὸν
909 2390 1037 2459 κόλπον
1047 2387 1108 2458 τὸν

104 2490 245 2557 Μέλανα
255 2490 462 2576 καλεόμενον
472 2493 528 2559 καὶ
534 2490 677 2559 Μέλανα
688 2486 850 2575 ποταμόν,
858 2484 920 2556 οὐκ
931 2485 1109 2574 άντισηόν-

104 2614 143 2656 τα
155 2588 231 2657 τότε
244 2594 286 2679 τῇ
300 2596 436 2679 στρατιῇ
450 2588 488 2659 τό
503 2594 657 2678 ῥέεθρον,
673 2585 747 2658 ἀλλ’
765 2586 971 2676 ἐπιλιπόντα,
986 2593 1109 2658 τοῦτον

103 2685 162 2758 τὸν
175 2684 327 2775 ποταμόν
342 2686 469 2777 διαβάς,
482 2686 534 2758 ἐπ’
550 2683 595 2758 οδ
604 2689 659 2757 καὶ
671 2685 689 2757 ὁ
701 2688 826 2767 κόλπος
836 2679 934 2769 οὗτος
945 2685 1006 2776 τὴν
1020 2690 1108 2757 ἐπω-

101 2796 226 2876 νυμίην
240 2794 323 2875 ἔχει,
337 2786 390 2877 ήιε
403 2787 489 2878 πρὸς
503 2792 664 2878 ἕσπέρην,
678 2787 788 2859 Αἶνόν
802 2814 838 2857 τε
852 2789 953 2859 πόλιν
967 2795 1107 2861 Αἰολίδα

100 2891 154 2957 καὶ
170 2894 376 2975 Στεντορίδα
395 2896 518 2978 λίμνην
537 2885 723 2977 παρεξιδν,
744 2890 778 2968 ἐς
797 2884 818 2955 δ
836 2884 972 2956 άπίκετο
989 2889 1022 2967 ἐς
1035 2896 1107 2957 Ao·

100 2994 225 3071 ρίσκον.
242 2984 278 3056 ‘0
294 2989 331 3057 δὲ
345 2996 512 3078 Δορίσκος
526 2992 593 3060 ἐστὶ
607 2996 664 3078 ’τῆς
679 2994 825 3076 Θρηίκης
839 2986 989 3074 αἰγιαλός
1003 2987 1105 3054 τεκαὶ
1119 3002 1155 3056 59

99 3088 215 3153 πεδίον
228 3087 329 3173 μένα,
347 3087 401 3155 διά
417 3088 454 3156 δὲ
464 3085 571 3157 αὐτοῦ
580 3091 648 3177 ῥέει
659 3083 806 3173 ποταμός
815 3088 917 3172 μέγας
924 3081 1052 3173 Ἕβρος,
1068 3087 1106 3152 έν

98 3188 143 3273 τῷ
157 3183 263 3270 τεῖχός
278 3210 315 3253 τε
328 3187 486 3274 ἐδέδμητο
499 3184 676 3275 βασιλήιον
691 3191 807 3270 τοῦτο,
822 3180 859 3252 τό
882 3181 923 3271 δή
939 3190 1103 3271 Δορίσκος

97 3285 267 3369 κέκληται,
283 3284 338 3352 καί
350 3287 510 3369 Περσέων
521 3282 655 3374 φρουρὴ
667 3286 705 3353 ἐν
720 3280 810 3374 αὐτῷ
826 3282 1023 3372 κατεστήκεε
1038 3281 1102 3353 ὑπό

101 3387 246 3465 Δαρείου
256 3383 289 3461 ἐξ
300 3383 432 3451 ἐκείνου
440 3390 501 3453 τοῦ
509 3383 647 3471 χρόνον,
662 3385 769 3453 ἐπείτε
778 3382 830 3449 ἐπὶ
838 3380 980 3463 Σκύθας
986 3386 1084 3471 έστρα
