2500 3925
172 276 215 345 θλ
549 280 800 341 HERODOTI

173 452 263 516 ἐσται
285 450 436 532 ἔλλεσχα,
458 440 541 513 ἀλλά
557 470 597 511 τα
585 439 732 531 οίκήια.
781 446 894 509 Ταῦτα
915 441 949 518 ἐς
962 434 1042 515 τούς
1056 432 1193 511 πάντας

164 542 327 630 Ἕλληνας
342 540 506 629 ἀπέρριψε
520 569 538 610 ο
526 540 668 628 ’Κύρος
681 566 723 607 τα
711 537 872 627 ἐπεα,”
852 565 903 607 οτι
917 532 1044 625 ἀγοράς
1060 528 1188 619 κτησά

173 665 267 725 μενοι
287 636 356 729 ἀνῇ
370 666 405 708 τε
420 642 475 707 καὶ
488 639 591 725 πρήσι
612 640 784 725 χρίονται·
817 591 913 704 ἀάτολ
927 632 993 722 γάρ
1009 636 1042 702 οί
1055 632 1189 713 Πέρσαι

95 746 100 751 “
173 733 313 826 ἀγορῇσι
328 735 429 807 οὐδὲν
444 736 568 856 ἐύθασι
584 742 748 822 χρᾶσθαι,
771 726 853 802 ούδέ
865 753 925 819 σφι
939 737 1008 801 ἐστι
1024 728 1062 799 τό
1074 725 1190 813 παρά-

173 863 242 905 παν
256 834 372 925 ἀγορή.
406 833 487 923 μετά
502 843 606 903 ταῦτα
620 836 798 921 ἐπιτρέψας
819 829 878 911 τάς
891 832 959 918 μὲν
969 829 1099 914 Σάρδις
1119 834 1185 895 Τα-

174 934 266 1028 βάλρο
282 933 380 1019 ἀνδρὶ
394 932 582 1023 Πέρση,
548 959 608 1001 τον
632 933 668 1001 δὲ
682 930 811 1019 χρυσόν
831 930 892 1000 τόν
906 956 942 997 τε
957 934 1110 1017 Κροίσου
1131 926 1186 993 καὶ

175 1032 235 1101 τόν
255 1039 323 1101 τῶν
343 1031 455 1101 ἀλλων
475 1031 761 1123 Λυδῶνᾴλακτύη
780 1028 879 1117 ἀνδρὶ
899 1032 1002 1121 Λυδῷ
1025 1033 1192 1151 κομίζειν,

176 1130 349 1219 ἀπήλαυνε
363 1128 463 1210 αύτός
478 1129 531 1211 ἐς’
525 1133 730 1220 Αγβάτανα,
755 1131 905 1219 Κροῖσόν
925 1157 960 1199 τε
974 1129 1044 1217 άμα
1059 1127 1192 1216 ἀγόμε-

175 1255 235 1308 νος
255 1230 310 1296 καί
335 1225 415 1308 τούς
425 1226 546 1309 Ἴωνας
568 1232 605 1298 ἐν
628 1229 742 1298 ούδενδ
765 1230 855 1323 λόγω
875 1228 1105 1316 ποιησάμενος
1125 1224 1192 1313 τήν

176 1328 313 1445 πρωτην
334 1326 427 1396 εἶναι.
461 1324 483 1413 ή
502 1353 537 1393 τε
559 1324 624 1413 γάρ
640 1327 862 1415 Βαβυλύνοί
880 1320 926 1416 ἦν
947 1324 1108 1413 ἐμπόδιος
1132 1327 1192 1393 καὶ

174 1424 211 1493 τὸ
228 1424 395 1512 Βάκτριον
409 1430 511 1503 ἔθνος
524 1427 579 1493 καὶ
593 1426 704 1494 Σάκαι
718 1452 754 1493 τε
768 1428 823 1494 καί
837 1424 1039 1512 Αἰγύπτιοι,
1061 1418 1111 1490 ἐπ’
1128 1418 1193 1500 ούς

174 1524 282 1609 ἐπεῖχέ
293 1548 329 1589 τε
344 1521 654 1609 στρατηλατέειν’
612 1520 723 1610 αυτὸς,
739 1526 792 1593 ἐπι
780 1523 866 1593 δέ”
860 1532 971 1603 Ιωνας
982 1521 1088 1592 ἀλλον
1102 1522 1193 1606 πέμ-

115 1648 163 1701 154
175 1644 250 1687 πειν
265 1618 460 1706 στρατηγόν.
499 1618 558 1699 Ὡς
570 1622 606 1689 δὲ
622 1619 772 1709 ἀπήλασε
787 1621 805 1690 8
821 1630 936 1710 Κύρος
953 1626 1076 1691 ἐκτῶν
1092 1630 1195 1705 Σαρ-

175 1723 273 1803 δίων,
295 1714 375 1795 τούς
389 1715 524 1797 Λυδούς
542 1717 706 1807 ἀπέστησε
721 1719 738 1788 8
753 1722 913 1809 Πακτύης
933 1719 1001 1792 ἀπό
1016 1748 1052 1789 τε
1072 1718 1194 1807 Ταβά-

175 1824 238 1882 λου
253 1815 307 1881 καδ
322 1813 453 1900 Κύρου,
468 1814 614 1901 καταβάς
630 1817 666 1884 δὲ
681 1820 734 1885 ἐπὶ
747 1818 938 1906 θάλασσαν,
954 1817 1012 1887 ἀτε
1028 1816 1091 1887 τόν
1104 1841 1195 1903 χρυ-

175 1910 237 1982 σόν
261 1918 345 2000 ἔχων
367 1912 477 1982 πάντα
498 1911 558 1983 τόν
579 1917 615 1984 ἐκ
636 1922 705 1984 τῶν
724 1921 903 2005 Σαρδίων,
925 1915 1135 2004 ἐπικούρους
1156 1938 1196 1979 τε

176 2015 356 2098 ἐμισθοῦτο
375 2013 429 2078 καὶ
450 2009 529 2090 τούς
553 2017 814 2094 ἐπιθαλασσίους
838 2013 1049 2103 ἀνθρώπους
1070 2019 1196 2082 ἔπειθε

176 2107 241 2176 σύν
264 2111 376 2200 ἑωυτῷ
399 2110 650 2192 στρατεύεσθαι.
690 2112 810 2191 ἐλάσας
831 2116 867 2180 δὲ
896 2116 950 2181 ἐπὶ
976 2109 1037 2191 τάς
1057 2108 1198 2193 Σάρδις

118 2227 164 2278 155
175 2205 367 2293 ἐπολιόρκεε
382 2205 538 2292 Τάβαλον
552 2205 764 2293 ἀπεργμένον
779 2211 817 2276 ἐν
831 2218 871 2298 τή
888 2208 1066 2297 ἀκροπόλι.
1113 2213 1196 2273 Πυ-
1243 2214 1244 2225 ’

175 2301 321 2390 θέμενος
338 2306 373 2371 δὲ
388 2301 455 2370 κατ’
472 2301 554 2372 ὁδόν
567 2312 671 2372 ταῦτα
687 2302 705 2373 8
721 2313 835 2390 Κύρος
850 2305 921 2376 εἶπε
934 2304 1022 2391 πρὸς
1036 2312 1199 2390 Κροῖσον
1242 2326 1243 2379 χ

175 2401 270 2470 τάδε·
303 2408 437 2484 Κροῖσε,
452 2406 486 2467 τί
498 2405 588 2468 ἔσται
602 2399 639 2467 τό
654 2403 748 2481 τέλος
762 2409 832 2470 τῶν
846 2405 1040 2490 γινομένων
1053 2399 1201 2468 τούτων

176 2503 251 2585 ἐμοί
255 2527 265 2580 3
288 2494 329 2565 ού
343 2498 529 2565 παύσονται
542 2503 660 2584 Λυδοί,
677 2497 722 2577 ὡς
735 2509 862 2586 οίκασι,
884 2499 1068 2587 πρήγματα
1082 2499 1200 2580 παρέ-

175 2622 289 2682 χοντες
302 2597 357 2663 καὶ
372 2593 465 2663 αύτοί
482 2601 618 2682 ἔχοντες.
643 2603 820 2685 φροντίζω,
836 2595 880 2685 μή
893 2597 1037 2685 ἀριστον
1051 2588 1075 2684 ᾖ
1092 2597 1200 2674 ἐξαν-

177 2699 447 2778 δραποδίσασθαί
458 2715 577 2779 σφεας·
600 2693 723 2778 ὁμοίως
738 2695 803 2782 γάρ
814 2722 871 2781 μοι
885 2702 953 2762 νῦν
965 2721 1005 2781 γε
1022 2699 1202 2780 φαίνομαι

126 2789 129 2796 ⁴
175 2796 408 2881 πεποιηκέναι,
430 2790 474 2870 ὡς
496 2802 529 2860 εί
545 2819 594 2870 τις
616 2795 741 2878 πατέρα
756 2791 954 2873 ἀποκτείνας
968 2801 1039 2861 τῶν
1055 2795 1202 2860 παίδων

176 2890 281 2959 αὐτοῦ
300 2898 459 2977 φείσαιτο.
495 2887 539 2968 όίς
560 2890 595 2956 δέ
619 2892 674 2956 καὶ
695 2887 759 2974 ἐγω
774 2895 900 2958 Λυδῶν
914 2889 976 2959 τόν
998 2891 1065 2976 μὲν
1086 2890 1204 2957 πλέον
1237 2844 1240 2968 8

174 3019 205 3058 τι
227 2985 248 3076 ή
270 2989 393 3070 πατέρα
417 2986 513 3055 ἐόντα
537 2987 572 3054 σὲ
593 2985 707 3074 λαβὼν
722 2984 810 3073 ἀγω,
835 2985 967 3055 αύτοῖσι
983 2988 1022 3055 δὲ
1043 2991 1204 3054 Λυδοῖσι

175 3086 236 3174 τήν
254 3085 353 3154 πόλιν
370 3085 557 3170 παρέδωκα,
574 3089 628 3153 καί
644 3092 773 3152 ἔπειτεν
796 3081 958 3169 θωμάζω,
988 3093 1024 3152 εί
1030 3110 1093 3169 μοι
1109 3080 1204 3152 ἀπε-

175 3189 279 3250 στᾶσι.
320 3180 355 3248 ‘0
383 3184 444 3268 μὲν
462 3181 502 3268 δή
524 3183 564 3250 τά
586 3208 649 3266 περ
665 3181 758 3249 ἐνόεε
779 3187 889 3267 ἔλεγε,
918 3178 937 3249 8
967 3179 1001 3248 δ’
1030 3179 1205 3269 ἀμείβετο

173 3286 313 3367 τοιαίδε,
335 3286 445 3362 δείσας
459 3278 503 3368 μή
519 3279 727 3358 ἀναστάτους
739 3281 864 3369 ποιήση
879 3278 940 3360 τάς
954 3279 1112 3368 Σάρδις·
1157 3278 1205 3352 Ὦ

173 3385 327 3465 βασιλεῦ,
348 3376 388 3447 τά
410 3379 471 3465 μὲν
493 3377 605 3446 οἰκότα
628 3388 777 3465 είρηκας,
803 3375 846 3445 σύ
867 3383 984 3465 μέντοι
1005 3379 1054 3469 μή
1079 3382 1208 3452 πάντα

175 3481 274 3563 θυμῷ
292 3477 385 3564 χρέο,
409 3477 491 3562 μηδὲ
505 3476 605 3544 πόλιν
620 3473 761 3563 ἀρχαίην
777 3478 1016 3568 ἐξαναστήσῃς,
1030 3479 1208 3572 ἀναμάρ-
1234 3427 1236 3554 8
