2500 3925
384 246 468 302 LIB.
500 246 536 302 V.
570 245 669 306 CAP.
704 253 845 310 ²7-31.
1074 245 1115 312 13

107 405 183 473 τότε
200 404 235 471 δέ
251 406 285 470 ἐκ
298 404 427 472 τούτων
437 412 504 473 ταῖν
515 412 642 474 πολίων
655 397 719 473 ὦδε
729 407 846 494 ήρχετο
858 407 944 477 κακά
959 414 1114 496 γίνεσθαι

109 511 150 592 τή
170 500 284 589 Ἰωνίη,
315 503 351 570 έκ
373 503 491 585 Νάξου
514 510 644 591 ἔφυγον
665 501 785 591 ἄνδρες
807 512 875 574 τῶν
896 510 1028 594 παχέων
1046 497 1113 576 ὑπὸ

108 607 171 670 τοῦ
187 600 312 688 δήμου,
334 603 500 689 φυγόντες
521 602 557 671 δέ
577 599 737 671 ἀπίκοντο
759 607 792 684 ές
805 611 969 691 Μίλητον.
1000 612 1058 692 τῆς
1079 605 1116 672 δὲ

110 699 267 786 Μιλήτου
282 700 439 788 ἐτύγχανε
461 704 638 788 ἐπίτροπος
651 699 716 769 ἐάν
735 698 968 791 Ἀρισταγόρης
982 699 1000 770 ὁ
1015 709 1115 769 Μολ-

109 798 282 885 παγόρεω,
309 800 461 887 γαμβρός
487 826 523 868 τε
550 796 615 868 ἐάν
637 804 691 870 καὶ
715 797 853 884 άνεψιδς
877 799 1033 872 Ἱστιαίου
1053 804 1115 867 τοῦ

109 898 333 986 Λυσαγόρεω,
351 896 411 967 τὰν
426 896 443 968 ὁ
459 909 604 986 Δαρεῖος
619 901 656 966 έν
669 899 834 968 Σούσοισι
849 913 986 985 κατεῖχε.
1015 894 1033 966 ὁ
1049 895 1114 984 γάρ

111 1004 255 1074 Ιοτιαῑος
269 996 436 1079 τύραννος
446 991 490 1085 ήυ
501 997 669 1084 Μιλήτου,
684 999 739 1066 καὶ
751 997 909 1084 ἐτύγχανε
923 1003 1045 1065 τοῦτον
1055 992 1116 1062 τὸν

109 1095 235 1182 χρόνον
255 1092 320 1162 έιδν
341 1098 377 1164 έν
394 1096 574 1181 Σούσοισι,
598 1095 653 1165 ὅτε
670 1100 704 1165 οί
721 1097 843 1177 Νάξιοι
863 1089 991 1184 ἦλθον,
1013 1098 1115 1176 ξεῖνοι

110 1195 191 1279 πρὶν
208 1192 319 1272 ἐόντες
331 1201 377 1286 τῷ
387 1193 536 1285 Ἱστιαίῳ.
560 1190 759 1281 ἀπικόμενοι
774 1193 810 1262 δὲ
827 1199 862 1263 οί
870 1194 992 1274 Νάξιοι
1007 1194 1040 1269 ές
1053 1186 1115 1276 τήν

111 1297 265 1376 Μίλητον
279 1293 409 1360 ἐδέοντο
422 1299 483 1377 ςοῦ
493 1289 743 1382 Ἀρισταγόρεω,
752 1302 856 1372 είιιως
866 1289 995 1360 αύτοῐσι
1005 1289 1116 1375 παρά-

112 1408 184 1474 σχοι
200 1387 346 1475 δύναμίν
365 1417 440 1458 τινα
460 1394 515 1460 καὶ
530 1393 727 1462 κατέλθοιεν
743 1394 776 1471 ές
794 1387 856 1478 τήν
871 1391 1015 1460 ἑωυτῶν.
1044 1386 1063 1454 ὁ
1079 1388 1115 1455 δὲ

112 1486 361 1575 ἐπιλεξάμενος,
378 1487 438 1574 ὡς,
453 1486 497 1576 ήν
515 1487 560 1558 δι’
580 1493 708 1558 ἑωυτοῦ
723 1490 908 1558 κατέλθωσι
926 1490 959 1568 ές
975 1484 1038 1573 τήν
1051 1484 1115 1553 πό-

112 1593 176 1670 λιν,
193 1585 284 1672 ἄρξει
300 1594 358 1674 τῆς
371 1588 499 1676 Νάξου,
514 1595 640 1675 σκῆψιν
657 1593 692 1656 δὲ
707 1588 906 1675 ποιεύμενος
917 1583 978 1673 τήν
991 1589 1115 1670 ξεινίην

111 1683 172 1770 τήν
186 1683 357 1772 Ἱστιαίου,
378 1687 478 1756 τόνδε
493 1708 553 1774 σφι
567 1687 629 1756 τὸν
645 1689 748 1773 λόγον
762 1688 968 1773 προσέφερε·
1004 1679 1115 1760 Αύτός

111 1785 172 1870 μέν
195 1783 276 1872 ὑμῖν
298 1784 339 1852 ού
356 1789 541 1874 φερέγγυός
563 1794 630 1875 εἰμι
648 1789 794 1874 δύναμιν
817 1785 984 1871 τοσαύτην
1006 1808 1116 1869 παρα-

112 1895 202 1971 σχεῖν
218 1881 301 1950 ὥστε
318 1881 475 1971 κατάγειν
497 1883 667 1954 ἀεκόντων
685 1894 754 1955 τῶν
773 1883 836 1973 τήν
854 1883 954 1953 πόλιν
969 1880 1115 1968 ἐχόντων

114 1987 201 2063 Ναξί
201 2009 263 2051 ων·
296 1987 514 2074 πυνθάνομαι
540 1984 605 2075 γάρ
629 1986 874 2074 ὀκτακισχιλίην
896 1982 1018 2053 άσπίδα
1039 1990 1116 2051 Να-

115 2078 263 2160 ξίοισιῖ
233 2106 316 2148 εναι
337 2085 392 2151 καὶ
415 2094 514 2154 πλοῖα
535 2083 647 2172 μακρά
673 2084 797 2155 πολλά·
830 2080 1061 2204 μηχανήσομαι
1079 2079 1115 2146 δὲ

111 2185 224 2245 πάσαν
245 2178 396 2267 σπουδήν
419 2184 634 2270 ποιεύμενος·
656 2184 796 2251 ἐπινοέω
817 2186 853 2251 δὲ
873 2185 959 2271 τῇδε.
998 2176 1115 2265 Ἀρτα-

112 2281 236 2366 φέρνης
247 2304 304 2365 μοι
314 2282 470 2367 τυγχάνει
485 2280 550 2351 έύν
562 2281 704 2371 φίλος,’
690 2310 708 2353 ο
721 2282 776 2352 δὲ’
773 2284 991 2369 Αρταφέρνης
999 2276 1115 2345 Υστά-

45 2428 52 2445 .
111 2390 210 2457 οπεος
222 2370 288 2465 με,
300 2383 367 2449 έστι
382 2396 475 2469 παῖς,
491 2384 689 2467 Δαρείουδέ
703 2409 763 2452 του
749 2382 930 2470 βασιλέος
942 2372 1114 2460 άδελφεός,

110 2505 178 2545 των
203 2476 234 2545 δ’
258 2481 507 2551 ἐπιθαλασσίων
527 2510 596 2551 των
621 2485 658 2551 έν
681 2491 719 2572 τῇ
737 2480 827 2569 Ἀσίη
848 2479 940 2566 ἄρχει
966 2475 1114 2597 πάντωγ,

111 2581 195 2663 ἔχων
215 2576 375 2696 στρατιήν
393 2604 429 2647 τε
444 2578 573 2668 πολλὴν
593 2585 647 2647 καὶ
668 2577 793 2657 πολλάς
810 2579 895 2655 νέας.
928 2582 1049 2642 τοῦτον
1065 2599 1115 2641 ων

111 2673 265 2743 δοκέω
230 2701 290 2743 τον
305 2674 419 2767 ἄνδρα
440 2680 593 2768 ποιήσειν
610 2687 678 2747 τῶν
698 2676 741 2748 άν
762 2684 954 2767 χρηίζωμεν.
1002 2680 1114 2743 Ταῦτα
1175 2698 1191 2718 ·’

111 2773 315 2853 ἀκούσαντες
328 2802 357 2843 οι
351 2777 491 2857 Νάξιοι
502 2785 715 2865 προσέθεσαν
725 2806 771 2868 τῳ
757 2776 995 2865 Ἀρισταγόρῃ
1007 2772 1115 2862 πρήσ-

110 2894 183 2940 σειν
197 2880 237 2961 tf]
252 2873 388 2942 δύναιτο
405 2873 541 2963 άριστα,
562 2880 618 2946 καὶ
634 2875 831 2964 ὑπίσχεσθαι
851 2879 942 2960 δῶρα
959 2874 1114 2941 ἐκέλευον

111 2974 165 3039 καὶ
181 2969 335 3057 δαπάνην
352 2980 391 3061 τῇ
409 2982 553 3063 στρατιή,
573 2973 617 3055 ὡς
632 2972 726 3046 αύτοὶ
740 2974 963 3057 διαλύσοντες,
981 2973 1114 3046 ἐλπίδας

111 3066 236 3147 πολλάς
253 3076 397 3157 ἔχοντες,
414 3070 495 3139 ὅταν
512 3074 716 3160 ἐπιφανέωσι
731 3076 764 3152 ές
778 3070 840 3159 τήν
856 3070 989 3153 Νάξον,
1004 3068 1113 3135 πάντα

111 3164 264 3253 ποιήσειν
278 3164 357 3247 τούς
371 3174 519 3249 Ναξίους
530 3168 570 3239 τά
585 3168 629 3239 άν
643 3171 738 3241 αὐτοὶ
754 3169 931 3255 κελεύωσι,
949 3164 993 3247 οἲς
1008 3166 1044 3233 δέ
1058 3166 1113 3232 καὶ

111 3260 189 3343 τούς
209 3263 332 3346 ἄλλους
358 3268 538 3355 νησιώτας·
571 3298 640 3339 των
666 3269 731 3359 γάρ
755 3268 870 3392 νήσωγ
893 3263 1023 3334 τούτων
1045 3268 1113 3332 τῶν

112 3362 300 3431 Κυκλάδων
316 3362 453 3453 οὐδεμία
468 3393 515 3435 κω
530 3360 573 3455 ήν
590 3366 657 3437 ὑπὸ
669 3376 813 3460 Δαρείω.
847 3362 1063 3452 Ἀπικόμενος
1077 3366 1112 3432 δέ
1127 3373 1156 3427 ³1

110 3456 128 3527 ὁ
143 3456 378 3551 Ἀρισταγόρης
393 3462 476 3543 ές
440 3492 498 3545 τας
512 3467 639 3555 Σάρδις
658 3472 747 3554 λέγει
761 3464 846 3554 πρὸς
859 3462 919 3534 τόν
931 3461 1113 3554 Ἀρταφέρ-
