2500 3925
165 284 205 349 16
540 276 793 337 HERODOTI

165 455 233 515 λων
243 442 306 528 μὲν
316 437 357 529 δὴ
370 435 582 525 δῦδαλμθνίης
595 442 770 528 δευτερήια
782 445 879 527 ἐνεμε
890 441 1051 524 τούτοισι,
1064 444 1171 525 Κροῖ-

96 561 98 565 ’
164 564 222 620 009
237 538 273 607 6}
288 538 465 626 σπὸρχθεῖς
483 534 568 604 εἶπε·
597 531 637 605 Ὠ
655 540 741 617 ξεῖνε
754 535 922 627 Ἀθηναῖε,
937 537 959 629 ἡ
977 538 1014 608 δέ
1027 535 1171 625 ἡμετέρη

164 636 358 723 εὐδαιμονίη
370 634 459 705 οὕτω
470 662 521 704 τοι
536 634 736 723 ἀπέρριπται
752 642 785 717 ἐς
798 636 836 707 τό
853 640 975 727 μηδὲν,
992 638 1077 709 ὥστε
1090 632 1172 704 οὐδὲ

164 742 323 808 ἰδιωτέων
344 734 480 821 ἀνδρῶν
503 734 617 819 άξίους
638 737 741 827 ἡμέας
762 744 935 828 ἐποίησας;
962 740 999 809 Ὁ
1022 739 1058 808 δέ
1081 735 1171 805 εἶπε·

159 832 199 907 Ὠ
213 844 356 923 Κροῖσε,
377 836 600 923 ἐπιστάμενόν
616 835 709 924 μετὰ
724 848 823 907 θεῖον
836 846 907 907 πᾶν
921 837 979 907 ἐόν
993 835 1172 925 φθονερόν

162 938 274 1004 τεκαὶ
296 939 484 1020 ταραχῶδες
507 939 688 1027 ἐπειρωτᾷς
709 934 940 1023 ἀνθρωπηίων
964 934 1172 1024 πρηγμάτων
1194 1002 1201 1010 ,

163 1036 247 1115 πέρι.
295 1034 331 1100 ἐν
354 1030 420 1119 γάρ
440 1040 486 1125 τῷ
507 1041 624 1125 μακρῷ
645 1036 757 1125 χρόνῳ
777 1032 885 1103 πολλοὶ
906 1029 968 1121 μὲν
982 1036 1052 1103 ἔστι
1072 1038 1171 1117 ίδείν,

164 1131 203 1200 τά
224 1131 270 1220 μή
285 1156 335 1210 τις
348 1134 474 1219 ἐθέλει,
498 1132 605 1202 πολλὰ
628 1134 665 1202 δέ
685 1138 742 1203 καί
761 1144 894 1202 παθεῖν.
928 1135 962 1212 ἐς
985 1130 1051 1218 γάρ
1072 1135 1174 1219 ἑβδο-

164 1231 314 1319 μήκοντα
329 1236 402 1299 ἔτεα
416 1223 523 1318 οὖρον
536 1239 593 1319 τῆς
611 1233 687 1320 ζόης
703 1230 876 1322 ἆνθράπμ
891 1237 1083 1317 προτίθημι.
1106 1221 1172 1297 οὗ·

163 1357 215 1398 τοι
242 1328 353 1407 ἐόντες
383 1333 529 1399 ἐνιαυτοὶ
554 1331 782 1420 ἑβδομήκοντα
813 1333 1013 1417 παρέχονται
1045 1325 1173 1417 ἡμέρας

165 1436 334 1517 διηκοσίας
350 1432 405 1499 καί
418 1439 684 1517 πεντακισχιλίας
700 1434 756 1500 καί
770 1436 963 1519 δισμυρίας,
987 1433 1173 1518 ἐμβολίμου

165 1527 269 1617 μηνός
290 1527 335 1615 μὴ
356 1531 554 1615 γινομένου·
587 1536 618 1599 εί
638 1529 676 1598 δέ
691 1528 731 1617 δὴ
754 1530 908 1618 ἐθελήσει
924 1525 1084 1615 τοῦτερον
1100 1533 1172 1595 τῶν

165 1632 265 1697 ἐτέων
278 1630 357 1714 μηνὶ
373 1627 582 1714 μακρότερον
596 1634 770 1714 γίνεσθαι,
792 1630 849 1694 ἵνα
870 1623 911 1713 δὴ
934 1630 970 1695 αί
983 1618 1068 1713 άραι
1082 1648 1172 1712 συμ-

165 1734 306 1817 βαίνωσι
321 1727 588 1815 παραγινόμεναι
606 1729 639 1804 ἐς
655 1722 692 1792 τό
709 1727 803 1811 δέον,
825 1731 928 1811 μῆνες
943 1723 1005 1811 μὲν
1021 1722 1112 1808 παρά
1127 1723 1171 1791 τά

77 1866 84 1873 ·
165 1826 393 1916 εβδομήκοντα
429 1832 502 1895 ἐτεα
534 1832 569 1895 οί
595 1826 771 1914 ἐμβόλιμοι
803 1832 954 1911 γίνονται
989 1822 1172 1911 τριήκοντα
1230 1821 1231 1826 ’

164 1929 279 2011 πέντε,
302 1921 422 2022 ημέραι
446 1924 482 1994 δέ
503 1927 540 1994 ἐκ
561 1930 631 1993 τῶν
651 1950 768 2012 μηνων
784 1923 915 1992 τούτων
931 1928 1032 2008 χίλιαι
1045 1921 1173 2010 πεντή-

163 2051 275 2095 κοντα.
306 2023 436 2092 τοάτων
457 2031 525 2091 τάν
541 2020 699 2090 ἁπασέων
712 2018 864 2110 ημερέωυ
884 2029 952 2090 τῶν
966 2019 1049 2102 ἐς
1013 2048 1053 2089 τα
1071 2024 1172 2110 εβδο-
1228 2098 1230 2105 ⁴

163 2127 313 2216 μήκοντα
334 2130 423 2210 ἔτεα,
445 2126 591 2193 ἐουσεων
615 2123 823 2210 πεντήκοντα
842 2125 898 2190 καί
918 2127 1098 2209 διηκοσίων
1113 2126 1172 2191 καὶ

164 2228 392 2310 ἑξακισχιλίων
407 2224 462 2290 καὶ
479 2217 724 2308 δισμυρίων,’
706 2248 728 2307 η
752 2223 845 2308 ἑτέρη
869 2218 999 2290 αὐτέων
1021 2230 1061 2312 τῇ
1075 2223 1172 2309 ἑτέρη

162 2322 270 2412 ἡμέρη
293 2320 331 2390 τό
358 2322 518 2407 παράπαν
545 2317 648 2388 οάδεν
681 2318 800 2407 ὁμοῖον
832 2321 995 2407 προσάγει
1021 2326 1169 2407 πρῆγμα

165 2421 254 2490 οὕτω
282 2413 348 2506 άν,
378 2413 405 2489 τό
432 2427 573 2505 Κροισε,
601 2425 671 2485 πᾶν
697 2419 765 2484 ἐστί
788 2416 972 2504 ἄνθρωπός
998 2416 1168 2524 συμφορά.

165 2524 237 2609 ἐμοὶ
252 2520 288 2590 δὲ
303 2519 347 2588 συ
364 2523 418 2588 καὶ
433 2521 609 2588 πλουτέειν
622 2520 708 2605 μέγα
722 2525 858 2603 φαίνεαι
878 2521 934 2588 καὶ
948 2516 1106 2607 βασιλεὺς
1121 2525 1172 2584 εί-

164 2650 221 2690 ναι
237 2627 372 2690 πολλῶν
389 2617 600 2705 άνθρωπων·
633 2622 741 2686 ἐκεῖνο
759 2617 812 2705 δέ,
833 2615 870 2686 τό
885 2617 975 2708 είρεό
989 2645 1047 2704 με,
1062 2616 1104 2685 οὔ
1119 2616 1172 2684 κατ’

165 2741 202 2788 σε
217 2716 280 2806 ἐγω
295 2721 398 2804 λέγω,
419 2714 543 2802 πρὶυ”
521 2744 565 2784 αν
586 2718 831 2806 τελευτησαντα
852 2725 962 2798 καλως
983 2716 1045 2786 τόν
1062 2723 1171 2786 αίωνα

164 2818 334 2904 πύθωμαι.
371 2813 413 2884 οό
427 2816 493 2903 γάρ
510 2841 562 2884 τοι
577 2813 595 2883 ὁ
610 2819 694 2903 μέγα
711 2816 873 2896 πλοόσιος
891 2823 1020 2903 μᾶλλον
1036 2823 1098 2885 τοῦ
1112 2814 1168 2883 ἐπ’

165 2915 292 3005 ἡμέρην
307 2921 439 3002 ἔχοντος
453 2913 653 3002 ὀλβιότερός
667 2918 746 3002 ἐστι,
763 2921 794 2983 εί
801 2914 848 3002 μη’
862 2920 897 2983 οί
903 2915 984 3002 τάχη
997 2920 1171 2985 ἐπίσποιτο

165 3015 275 3084 πάντα
293 3013 378 3084 καλά
395 3021 511 3102 έχοντα
525 3020 718 3101 τελευτῆσαι
734 3007 774 3081 εὖ
789 3012 850 3082 τόν
863 3020 948 3103 βίον.
975 3016 1092 3083 πολλοὶ
1105 3013 1172 3100 μέν

164 3111 229 3201 γάρ
246 3112 424 3194 ζάπλουτοι
440 3111 637 3200 άνθράπων
651 3111 809 3200 όνόλβιοί
821 3117 901 3196 εἰσι,
922 3113 1040 3180 πολλοὶ
1057 3111 1094 3180 δέ
1108 3139 1172 3198 με-

164 3221 263 3297 τρίως
278 3218 408 3299 ἔχοντες
428 3220 506 3302 βίον
523 3211 685 3300 εὐτυχέες.
723 3210 821 3298 ὁμὲν
835 3208 876 3298 δη
893 3212 978 3296 μέγα
995 3211 1170 3300 πλούσιος,

164 3309 321 3400 ἀνόλβιος
330 3314 367 3382 δὲ
387 3315 496 3381 δυοῖσι
519 3315 653 3399 προέχει
674 3317 735 3380 τοό
753 3309 909 3398 εὐτυχέος
925 3310 1070 3399 μοόνον,
1106 3303 1172 3378 οὗ·

162 3440 217 3493 τος
233 3413 270 3482 δὲ
285 3417 346 3480 τοῦ
361 3420 525 3482 πλουσίου
539 3417 595 3483 καί
610 3411 773 3500 άνολβίου
789 3417 957 3478 πολλοῖσι·
982 3406 1000 3477 ὁ
1015 3408 1078 3496 μὲν
1094 3411 1170 3478 ἐπι-

162 3519 292 3600 θυμίην
305 3513 470 3595 ἐκτελέσαι
481 3517 536 3602 καί
547 3511 631 3600 άτηυ
645 3509 795 3600 μεγάλην
809 3514 1068 3595 προσπεσοῦσαν
1080 3510 1168 3578 ἐνεί-
