2500 3925
335 276 421 330 LIB.
454 276 497 329 ΙΙΙ.
532 275 632 332 CAP.
666 281 805 337 13—15.
1013 276 1076 343 219

59 413 60 446 δ
93 430 258 521 ἐσήμαινον.
302 434 464 519 θωμάσας
476 434 512 500 δέ
524 429 786 522 όΚιιμβύσηςτά
797 462 981 525 ποιευμενα
991 441 1074 526 πέμ·

94 544 144 607 υας
157 528 294 618 ἀχχελον
311 533 430 615 εἰρώτα
446 528 568 618 αὐτόν,
591 536 699 620 λέγων
720 536 817 602 τόδε·
844 537 1020 623 Δεσπότης
1036 556 1073 605 σε

93 632 269 718 Καμβύσης,
296 632 508 719 Ψαμμήνιτε,
532 624 669 720 εἰρωτᾷ,
691 630 832 720 διότιδή
851 632 915 720 τήν
930 634 992 719 μὲν
1004 644 1074 701 θυ-

90 728 316 817 γατέραόρέων
332 732 569 816 κεκακωμένην
589 734 645 797 καὶ
661 728 721 798 τόν
735 736 837 799 παῖδα
853 733 905 799 έπλ
921 730 1074 799 θάνατον

90 836 238 913 στείχοντα
253 829 331 895 οὔτε
346 828 517 917 ἀνέβωσας
531 826 609 895 οὔτε
622 825 840 917 ἀνέκλαυσας,
858 828 919 898 τὸν
934 834 970 898 δέ
983 853 1074 897 πτω-

89 924 136 1009 χόν
149 924 245 992 οὐδέν
261 945 314 992 σοι
329 926 558 1011 προσήκοντα,
574 923 619 1003 ὡς
636 922 748 993 ἀλλων
762 928 990 1012 πυνθάνεται,
1007 928 1073 993 ἐτί-

88 1046 189 1108 μησας;
206 1022 243 1091 ‘0
255 1027 318 1110 μέν
330 1022 370 1111 δή
386 1032 488 1091 ταῦτα
500 1023 673 1109 ἐπειρώτα,
685 1022 703 1092 ὁ
717 1022 746 1091 δ’
763 1022 917 1113 ἀμείβετο
932 1026 1070 1093 τοιαίδε·

88 1115 323 1206 ῺπαῖΚύρον,
339 1118 378 1187 τά
393 1122 455 1206 μὲν
470 1122 580 1208 οίκήια
593 1115 638 1208 ἦν
651 1126 736 1208 μέζω
751 1122 836 1191 κακά
850 1120 872 1209 ή
888 1122 971 1191 ώστε
988 1120 1073 1191 ἀνα-

86 1227 211 1304 κλαίειν,
233 1217 270 1286 τύ
288 1224 324 1287 δέ
344 1226 405 1286 τοῦ
426 1222 558 1303 ἑταίρου
578 1223 705 1299 πένθος
725 1219 820 1301 ἀξιον
840 1214 885 1307 ήν
900 1220 1069 1307 δακρύων,

85 1312 114 1392 ὃς
125 1320 156 1383 ἐκ
175 1323 309 1412 πολλῶν
331 1322 436 1385 τεκαὶ
455 1315 666 1403 εὐδαιμόνων
687 1316 836 1386 ἐκπεσών
854 1320 886 1397 ές
903 1326 1070 1405 πτωχηίην

84 1410 200 1481 ἀπῖκται
218 1418 269 1482 ἐπὶ
285 1416 409 1502 γήραος
424 1414 523 1505 οὐδῷ.
569 1420 634 1483 Καὶ
648 1423 752 1483 ταῦτα
770 1413 814 1495 ἀς
830 1414 1068 1504 ἀπενειχθέντα

85 1510 271 1580 ὑπὸτούτου
292 1508 333 1581 εύ
347 1516 475 1582 δοκέειν
486 1533 545 1598 σφι
552 1521 723 1601 είρήσθαι,
744 1512 788 1593 ἀς
809 1518 845 1583 δὲ
862 1520 991 1603 λέγεται
1004 1512 1066 1582 ὑπ’

84 1616 277 1695 Αἰγυπτίων,
308 1609 468 1693 δακρύειν
485 1610 547 1695 μὲν
561 1617 709 1695 Κροίσου
726 1614 904 1702 (ἐτετεύχεε
925 1610 989 1700 χάρ
1013 1614 1066 1681 καί

83 1699 166 1784 οὗτος
185 1705 405 1791 ἐπισπόμενος
421 1707 587 1794 Καμβύση
602 1704 654 1774 ἐπ’
673 1717 880 1796 Αἴγυπτον),
907 1708 1067 1793 δακρύειν

84 1811 112 1873 δὲ
125 1809 275 1889 Περσέων
295 1801 376 1881 τούς
394 1805 596 1889 παρεόντας,
618 1803 709 1895 αύτῷ
731 1832 766 1873 τε
786 1806 952 1893 Καμβύση
974 1807 1067 1871 έσελ-
1106 1848 1110 1859 ·

83 1913 147 1972 θεῖν
160 1901 270 1970 οἶκτόν
284 1928 378 1985 τινα,
402 1905 456 1969 καὶ
476 1900 595 1969 αὐτίκα
615 1904 767 1972 κελεύειν
781 1902 842 1972 τόν
857 1906 895 1971 τέ
912 1907 946 1970 οἱ
964 1905 1066 1970 παίδα

82 2008 176 2070 έκτων
186 2001 428 2086 ἀπολλυμένων
439 2002 555 2080 σώζειν
566 2005 621 2068 καί
632 1999 737 2068 αύτόν
748 2004 783 2069 έκ
794 2007 856 2068 τοῦ
866 2005 1066 2088 προαστείου

82 2100 313 2189 ἀναστήσαντας
328 2098 423 2184 ἀμειν
444 2095 524 2181 παρ’
548 2098 682 2165 ἑωυτόν.
731 2097 799 2166 Τόυ
815 2100 877 2186 μέν
899 2096 939 2185 δή
960 2102 1062 2165 παῖδα
1081 2111 1113 2163 15

83 2195 168 2283 εὗρον
183 2207 215 2270 οί
229 2201 398 2288 μετιόντες
413 2197 523 2266 ούκέτι
541 2199 733 2285 περιεόντα,
752 2197 836 2267 ἀλλά
850 2205 983 2286 πρῶτον
1002 2223 1063 2264 κα-

83 2304 263 2385 τακοπέντα,
285 2296 390 2366 αύτδν
410 2299 446 2364 δέ
470 2298 693 2383 Ψαμμήνιτον
713 2295 957 2384 ἀναστήσαντες
978 2287 1063 2381 ήχου

82 2395 156 2481 παρὰ
171 2397 372 2483 Καμβύσην·
392 2401 477 2463 ἔνθα
493 2402 554 2462 τού
565 2402 686 2464 λοιπού
701 2399 847 2462 διαιτᾶτο
863 2399 948 2480 ἔχων
963 2390 1063 2460 οὐδὲν

82 2504 182 2561 βίαιον.
213 2501 242 2562 εί
262 2495 298 2561 δὲ
320 2497 375 2560 καὶ
394 2491 562 2580 ἠπιστήθη
583 2491 628 2579 μή
649 2492 971 2577 πολυπρηγμονέειν,
981 2486 1063 2558 ἀπέ-

82 2603 146 2680 λαβε
159 2591 200 2660 ἀν
210 2603 385 2678 Αἴγυπτον
401 2592 484 2660 ώστε
501 2593 732 2675 ἐπιτροπεύειν
747 2587 864 2675 αὐτῆς,
880 2589 949 2655 ἐπεὶ
963 2593 1062 2672 τιμᾶν

84 2694 186 2760 ἐώθασι
202 2694 329 2776 Πέρσαι
344 2699 413 2757 τῶν
426 2693 592 2776 βασιλέων
605 2687 685 2766 τούς
699 2692 834 2772 παῖδας,
849 2692 933 2768 τῶν,
948 2681 991 2772 ἦν
1006 2693 1063 2752 καί

82 2810 175 2872 σφεων
196 2788 398 2874 ἀποστέωσι,
421 2787 510 2874 ὅμως
530 2796 618 2856 τοῖσί
630 2813 668 2873 γε
690 2789 783 2855 παισὶ
806 2781 918 2852 αὐτῶν
940 2779 1060 2852 ἀποδι-

82 2892 160 2956 δοῦσι
182 2890 243 2975 τήν
269 2887 383 2975 ἀρχήν.
408 2897 560 2957 πολλοῖσι
590 2889 653 2974 μέν
676 2913 743 2954 νυν
764 2887 820 2954 καλ
841 2882 970 2955 ἀλλοισι
993 2889 1060 2951 δστι

80 2989 342 3073 σταθμώσασθαι,
364 2985 415 3053 ότι
430 2992 528 3053 τοῦτο
539 2985 635 3053 ὀὕτω
650 2992 845 3070 νενομίκασι
859 2986 1002 3067 ποιέειν,
1023 2981 1060 3047 έν

79 3087 106 3151 δὲ
123 3086 227 3173 δήκαὶ
246 3090 348 3175 τῷδε,
370 3091 416 3176 τῷ
432 3093 556 3171 Λίβυος
573 3084 690 3170 Ἰνάρω
710 3087 803 3152 παιδί
819 3081 995 3167 Θαννύρᾳ,
1023 3075 1059 3156 ἀς

78 3181 204 3273 ἀπέλαβε
218 3183 279 3272 τήν
294 3190 328 3252 οί
341 3181 359 3253 δ
374 3182 483 3270 πατήρ
505 3183 569 3270 εἶχε
584 3182 707 3270 ἀρχὴν,
729 3186 843 3272 καὶτῷ
860 3178 1059 3264 Ἀμυρταίου

75 3287 220 3365 Παυσίρι·
246 3286 301 3351 καὶ
322 3281 387 3369 χάρ
408 3275 506 3361 οὗτος
526 3281 670 3371 ἀπέλαβε
691 3281 754 3368 τήν
773 3287 835 3349 τού
850 3275 975 3364 πατρός
997 3273 1059 3361 ἀρ-

74 3381 139 3463 χήν·
160 3389 265 3449 καίτοι
274 3381 391 3465 Ἰνάρω
404 3408 440 3449 τε
461 3384 515 3451 καὶ
533 3381 732 3469 Ἀμυρταίου
747 3377 891 3463 ούδαμοί
903 3402 952 3442 κω
967 3373 1059 3460 Πέρ-

74 3497 123 3554 σας
138 3481 220 3547 κακά
240 3483 329 3549 πλέω
350 3483 543 3566 έρνάσαντο.
572 3489 640 3548 νῦν
657 3482 692 3547 δὲ
709 3474 954 3562 μηχανεόμένοε
971 3473 1057 3541 κακὰ
