2500 3925
304 255 389 312 Llss.
419 255 440 310 1.
472 254 573 313 w.
607 259 784 317 τεο-ιω
1026 250 1067 320 n

58 416 337 501 κατεργασμένων
362 419 432 482 τῶν
456 413 663 538 πρηγμάτων
690 408 779 502 ἦσαν
803 420 928 505 ἑτοῖμοι
949 424 1069 490 κείσε-

59 524 137 583 σθαι
159 514 275 636 Κόρρα.
316 511 335 581 6
357 515 420 601 μὲν
444 512 525 603 66'
509 521 593 604 οργῇ
614 516 772 612 ἐχόμενος
792 522 888 605 ἔλεγέ
899 538 961 608 σφι
974 520 1066 609 τάδε,

51 611 160 691 Ἰωνες
178 609 254 681 66‘
232 641 277 693 ως
290 612 441 703 ἥκουσαν
454 616 588 684 τούτων
600 613 867 703 ἀνενειχθέντων
882 618 967 700 ές
930 647 989 700 τας
1002 622 1068 689 πό-

57 721 122 797 λις,
162 713 274 799 τείχεά
287 739 324 781 τε
336 717 598 805 περιεβάλλοντο
614 718 758 805 έκαοτοι,
773 721 829 788 καὶ
846 722 1067 808 συνελέγοντο

57 817 88 894 ές
100 814 302 883 Πανιάνιον
319 820 354 885 oc
366 815 462 887 άλλοι
479 816 569 906 πλὴν
583 824 782 906 Μιλησίων·
818 816 905 907 πρός
917 820 1069 907 μούνους

56 912 119 1002 γάρ
145 914 289 996 τούτους
314 914 432 1000 ὅρκιον
454 924 569 1005 Κῦρος
594 918 773 1005 ἐποιήσατο
798 914 849 987 έτί
875 913 946 987 οἷσί
962 942 1026 1004 περ
1048 944 1067 986 ο

54 1013 178 1092 Λυδός.
221 1029 308 1083 τοῖσι
328 1018 365 1085 δέ
387 1025 533 1086 λοιποῖσι
545 1017 638 1087 Ἴωσι
652 1022 744 1099 έδοξε
758 1044 863 1112 κοινμ
848 1018 968 1112 λόγω
982 1022 1069 1104 πέμ

54 1138 130 1183 πειυ
153 1110 319 1201 ἀγγέλους
339 1118 373 1196 ές
395 1119 560 1204 Σπάρτην
607 1122 832 1205 δεησομένους
850 1116 942 1187 Ἴωσι
962 1142 1068 1204 τιμω-

54 1219 155 1302 ρέειν.
204 1220 249 1285 Οί
262 1216 326 1285 δδ”
321 1226 424 1299 Ιιουες
440 1212 552 1306 οὗτοι,
567 1224 637 1287 τῶν
653 1215 759 1287 καὶ
724 1244 762 1285 το
776 1217 973 1288 Πανιώνιον
986 1219 1066 1303 ἐστι,
1085 1216 1135 1272 14²

52 1344 112 1385 τον
98 1314 251 1405 μέν’
212 1325 363 1403 ουραυοῦ
382 1320 439 1388 καλ
459 1326 529 1401 τόν
544 1316 661 1439 ὡρέων
675 1320 713 1386 έν
726 1344 772 1386 τω
758 1324 952 1411 καλλίστῳ
967 1317 1067 1404 έτόγ-

52 1444 160 1506 χανου
192 1417 414 1508 ἱδρυσάμενοι
460 1417 556 1500 πόλος
604 1418 743 1486 πάντων
772 1388 969 1539 66666666
997 1421 1067 1483 τῶν

55 1518 149 1608 ἡμεῖς
167 1524 276 1607 ἴδμεν.
308 1516 467 1607 οὔτεγὰρ
481 1517 522 1587 τά
540 1516 612 1586 άνω
603 1515 731 1643 αὐτῆς
745 1523 875 1638 χωρία
862 1512 971 1585 τώυτό
989 1539 1066 1583 ποι-

54 1626 97 1690 έει
112 1648 156 1711 τη
141 1618 280 1711 Ἰωνίη
293 1646 372 1690 ουτε
386 1619 427 1690 τά
442 1621 550 1707 κάτω,
575 1617 657 1688 οὔτε
675 1615 717 1687 τά
739 1615 824 1703 πρός
839 1614 902 1705 τὴν
921 1614 972 1706 66
987 1613 1066 1685 οότε

53 1720 91 1790 τά
112 1719 204 1808 πρός
226 1718 290 1808 τὴν
310 1722 470 1810 ἕσπέρην,
496 1717 537 1788 τά
561 1716 664 1807 μὲν
646 1715 712 1787 υπὸ
733 1725 794 1785 τοῦ
809 1722 943 1804 ψυχροῦ
962 1717 1068 1785 τεκαὶ

53 1819 164 1910 ὑγρον
147 1819 381 1908 πιεζόμενα,
396 1846 437 1891 τα
425 1816 522 1889 '‘66
504 1817 571 1888 υπδ
590 1844 652 1887 του
636 1823 799 1908 ’θερμοῦ
812 1843 848 1885 τε
863 1820 918 1885 καλ
932 1812 1069 1902 αόχμά·

52 1925 137 1999 δεος.
168 1925 331 2008 γλῶσσαν
343 1915 431 1988 δὲ’
390 1944 432 1990 ου
448 1917 511 2008 τὴν
527 1916 636 2008 αὐτὴν
651 1944 746 1989 ουτοι
760 1922 968 2006 νενομίκασι,
982 1909 1066 1984 άλλά

53 2020 206 2103 τρόπους
226 2021 385 2108 τέσσερας
408 2023 646 2143 παραγωγέων.
690 2025 841 2107 Μίλητος
860 2018 924 2106 μέν
954 2014 1069 2086 αὐτῶν

53 2118 171 2206 κράτη
194 2120 306 2186 κέεται
328 2118 425 2199 πόλις
445 2118 531 2204 πρός
546 2126 773 2208 μεσαμβρίην,
795 2143 878 2207 μετα
866 2116 929 2187 66
944 2121 1068 2194 Μυοῦς

52 2246 86 2288 τε
114 2220 175 2288 καὶ
196 2216 349 2306 Πριήνη·
377 2211 477 2287 αὗται
501 2218 564 2306 μέν
588 2221 628 2288 έν
651 2226 693 2309 τῇ
718 2227 828 2309 Καρίη
862 2221 1068 2289 κατοικέαται

52 2316 138 2387 κατά
159 2314 270 2384 ταύτά
294 2319 530 2406 διαλεγόμεναι
549 2325 662 2405 σφίσι,
697 2322 771 2387 αίδε
784 2318 822 2388 66
835 2322 873 2387 έν
888 2325 928 2408 τῇ
942 2321 1067 2406 Λυδίη·

44 2417 210 2504 Ἔφεσος,
232 2413 420 2505 Κολοφάν,
438 2416 601 2507 Λέβεδος,
620 2421 726 2505 Τέως,
742 2422 967 2506 Κλαζομεναὶ,
990 2416 1070 2485 Φό-

51 2545 143 2587 καιοι.
190 2507 292 2585 αὗται
324 2519 362 2586 δέ
386 2522 423 2587 ac
444 2519 559 2598 πόλιες
584 2527 659 2609 τῇσι
686 2520 854 2618 πρότερον
878 2525 1068 2608 λεχθείσῃσι

52 2616 283 2704 ὁμολογέουσι
304 2614 389 2686 κατά
404 2625 561 2705 γλῶσσαν
581 2617 701 2706 οὐδέν,
730 2627 822 2706 σφίσι
840 2620 877 2688 66
891 2616 1070 2708 ὁμοφωνί-

52 2735 142 2784 ουσι.
184 2719 235 2782 έτι
257 2712 295 2783 δέ
308 2729 397 2804 τρεῖς
413 2714 595 2786 ὑπόλοιποι
609 2716 712 2798 Ἰάδες
726 2720 857 2807 πόλιες,
874 2726 943 2788 τῶν
958 2724 995 2787 ac
1007 2717 1070 2786 660

53 2818 116 2904 μὲν
132 2815 265 2903 νήσους
286 2839 304 2882 ο
306 2819 449 2904 κέαται,
475 2817 596 2904 Σάμον
612 2843 649 2886 τε
662 2821 719 2886 καὶ
731 2814 876 2906 Χίον,
858 2845 879 2905 η
904 2820 942 2886 66
957 2823 1017 2905 μία
1033 2818 1072 2885 έν

53 2924 93 3006 τῇ
107 2914 242 3005 ἠπείρῳ
255 2917 406 3004 ἵδρυται,
426 2913 595 3003 Ἐρυθραί.
642 2926 720 2987 Χῖοι
743 2921 807 3005 μέν
822 2943 890 2986 νυν
905 2919 962 2986 καὶ
974 2914 1072 3003 Ἐρυ-

53 3029 176 3104 θραῖοι
191 3014 277 3086 κατὰ
291 3013 398 3086 τόντε
387 3014 643 3105 διαλέγονται,
663 3018 790 3104 Σάμιοι
811 3019 847 3086 δὲ
868 3011 916 3084 ένί
936 3018 1071 3084 ἑωυτόν

51 3122 192 3243 μοῦγοι
230 3107 327 3184 οὗτοι
349 3123 553 3206 χαρακτῆρες
574 3118 727 3205 γλάσσης
741 3120 893 3207 τέσσερες
908 3123 1069 3203 γίνονται.

57 3219 204 3289 Τούτων
231 3209 328 3304 66
300 3243 350 3286 ων
375 3242 443 3286 των
451 3215 575 3286 Ιωνων
600 3223 635 3288 oc
653 3218 819 3306 Μιλήσιοι
844 3208 949 3304 μέν
925 3235 1014 3303 ησαν
1034 3217 1073 3284 έυ
1091 3219 1140 3276 16³

54 3323 170 3440 σκέπη
183 3345 247 3388 τον
231 3316 433 3408 φόβου,”
412 3344 531 3408 ορκιον
545 3319 784 3407 ποιησάμενοι,
806 3329 891 3386 τοῖσι
909 3313 1002 3384 δέ’
959 3321 1072 3384 αυτόν

56 3419 246 3508 νησιάτησι
260 3409 310 3508 ἦν
330 3415 446 3488 δεινόν
465 3416 583 3488 οὐδέν·
620 3416 699 3488 οὔτε
719 3416 785 3506 γάρ
809 3421 965 3494 Φοίνικες
983 3409 1104 3502 ἦσάν,

57 3551 108 3593 κω
125 3531 288 3607 Περσεων
308 3520 466 3611 κατήκοοι
487 3517 565 3590 οὔτε
585 3518 682 3588 αὐτοὶ
703 3544 721 3586 ο
722 3516 875 3601 ίΠέρσαι
895 3514 1071 3597 ναυβάται.
