2500 3925
166 256 230 319 210
548 265 796 322 HERODOTI

167 423 205 489 δέ
219 426 253 489 οί
266 424 395 506 Δελφοί
416 424 492 507 περὶ
513 420 571 501 τὰς
591 422 689 501 πόλις
712 426 927 508 ἐδωτίναζον,
950 427 1124 501 ποιεῦντες
1138 420 1169 488 δέ

166 527 265 589 τοῦτο
288 518 350 588 οὐκ
372 522 544 607 ἐλάχιστον
565 525 598 602 ἐξ
612 523 789 609 Αἰγύπτου
811 520 996 609 ἠνείκαντο.
1036 520 1169 608 ’Ἆμασις

168 618 230 706 μέν
244 618 309 704 γάρ
324 639 385 703 σφι
407 623 509 687 ἐδωκε
522 627 610 705 χίλια
625 626 827 707 στυπτηρίης
848 620 1011 707 τάλαντα,
1034 624 1068 688 οί
1088 622 1125 687 δέ
1139 622 1170 687 ἐν

167 716 328 806 Αἰγύπτῳ
344 717 508 794 οἰκέοντες
515 717 673 803 ’Έλληνες
688 726 793 787 είκοσι
806 719 917 804 μνέας.

105 834 151 889 181
251 822 474 902 Κυρηναίοισι
491 813 674 902 δὲ”Αμασις
688 815 851 903 φιλότητά
865 842 900 883 τε
915 821 970 885 καὶ
985 822 1170 903 συμμαχίην

169 914 390 1001 συνεθήκατο.
415 915 586 981 ἐδικαίωσε
602 914 638 981 δὲ
652 917 708 981 καὶ
721 920 824 1001 γήμαι
839 912 1004 1001 αὐτόθεν,
1023 912 1084 983 εἴτ’
1105 918 1168 982 ἐπι·

168 1012 522 1103 θυμήσαςἙλληνίδος
537 1012 708 1100 γυναικὸς,
727 1023 791 1082 είτε
805 1018 859 1083 καὶ
875 1012 982 1094 ἄλλως
998 1015 1171 1103 φιλότητος

168 1120 374 1201 Κυρηναίων
389 1116 526 1181 εἵνεκεν.
549 1112 665 1197 γαμέει
680 1108 711 1177 δ’
730 1103 795 1197 όν,
815 1115 923 1199 οἱμὲν
937 1114 1074 1199 λέγουσι
1092 1112 1169 1180 Βότ-

168 1241 245 1299 του,
261 1218 295 1282 οἱ
308 1210 339 1279 δ’
354 1210 548 1298 Ἀρκεσίλεω
561 1212 751 1296 θυγατέρα»,
767 1212 801 1277 oc
815 1210 852 1277 δὲ
863 1210 1099 1297 Κριτοβούλου
1114 1207 1172 1277 ἀν-

169 1311 249 1400 δρός
259 1320 327 1380 τῶν
338 1308 448 1379 ἀστῶν
463 1314 622 1396 δοκίμου,
639 1315 679 1397 τή
690 1308 821 1394 οὕνομα
835 1301 879 1395 ήν
891 1313 1029 1395 Λαδίκη.
1045 1316 1085 1397 τῇ
1093 1310 1172 1376 ἐπεί-

167 1438 203 1481 τε
214 1416 425 1498 συγκλίνοιτο
441 1405 622 1494 δ’Ἇμασις,
639 1415 817 1494 μίσγεσθαι
829 1406 891 1475 οὐκ
907 1404 976 1487 οἷός
988 1436 1023 1477 τε
1035 1412 1170 1495 ἐγίνετο,
1223 1426 1224 1467 λ

168 1518 242 1600 τῇσι
258 1510 294 1577 δέ
310 1506 428 1597 ἀλλησι
444 1508 576 1594 γυναιξί
590 1508 716 1594 ἐχρᾶτο.
757 1507 867 1573 ἐπείτε
882 1508 918 1573 δέ
933 1504 1061 1575 πολλόν
1076 1514 1170 1575 τοῦτο

169 1611 312 1695 ἐγίνετο,
336 1605 406 1674 είπε
421 1603 439 1673 ὁ
452 1604 591 1692 ’Ἄμασις
610 1602 695 1692 πρὸς
717 1603 779 1691 τήν
794 1609 944 1691 Λαδίκην
965 1607 1092 1692 ταύτην
1112 1632 1171 1673 κα-

168 1705 346 1794 λεομένην·
378 1698 419 1771 Ὠ
439 1702 557 1789 γύναι,
579 1702 664 1770 κατά
677 1728 718 1787 με
740 1703 947 1792 ἐφάρμαξας,
966 1706 1022 1773 καὶ
1037 1710 1105 1771 ἐστι
1123 1728 1168 1771 τοι

169 1803 308 1891 οὐδεμία
324 1800 453 1890 μηχανή
469 1799 514 1889 μή
533 1797 595 1869 ούκ
613 1797 822 1869 ἀπολωλέναι
844 1801 983 1869 κάκιστα
999 1806 1173 1887 γυναικῶν
1224 1836 1225 1879 3

168 1907 326 1976 πασέων·
356 1902 400 1972 Ἡ
421 1905 457 1972 δέ
478 1905 623 1989 Λαδίκη,
655 1899 766 1970 ἐπείτέ
793 1902 828 1968 οί
859 1898 1048 1992 ἀρνευμένῃ
1073 1898 1174 1970 οὐδὲν

169 2009 294 2093 ἐγίνετο
319 2006 506 2091 πρηΰτερος
530 2001 548 2072 ὁ
569 2002 724 2089 Ἄμασις,
752 2001 880 2088 εὔχεται
906 2005 943 2070 ἐν
965 2010 1010 2094 τῷ
1037 2003 1112 2094 νόῳ·
1138 2010 1175 2089 τῇ

165 2102 359 2191 Ἀφροδίτη,
380 2100 423 2188 ήν
439 2105 473 2170 οί
483 2098 544 2168 ὑπ’
561 2103 694 2187 ἐκείνην
716 2098 777 2187 τήν
792 2102 898 2169 νύκτα
915 2111 1020 2191 μιχθῇ
1035 2101 1054 2171 ό
1069 2101 1174 2189 Ἄμα-

169 2226 237 2289 σις,
258 2209 357 2270 τοῦτο
374 2202 439 2288 γάρ
455 2205 489 2270 οί
508 2209 614 2269 κακοῦ
636 2201 721 2270 εἶναι
741 2208 860 2288 μῆχος,
882 2202 1013 2290 ἀγαλμύ
1036 2210 1069 2274 οἱ
1088 2202 1177 2272 ἀπο·
1225 2263 1226 2286 ,

169 2304 312 2388 πέμψειν
338 2304 370 2380 ἐς
394 2301 566 2389 Κυρήνην.
606 2298 688 2387 μετά
716 2299 752 2368 δὲ
777 2297 838 2386 τήν
869 2299 971 2388 εόχήν
996 2301 1117 2371 αὐτίκα
1145 2307 1176 2370 οἱ

168 2402 287 2486 ἐμίχθη
309 2396 327 2466 ὁ
346 2397 499 2485 Ἄμασις,
527 2400 582 2466 καί
602 2395 639 2465 τό
663 2401 825 2466 ἐνθεῦτεν
849 2397 930 2486 ήδη,
958 2397 1055 2470 ὁκότε
1079 2409 1177 2470 ἐλθοι

168 2494 252 2582 πρὸς
283 2492 405 2582 αότήν,
437 2499 604 2582 ἐμίσγετο,
638 2497 694 2564 καὶ
718 2495 824 2583 κάρτα
849 2521 908 2582 μιν
935 2502 1065 2586 ἔστερξε
1090 2495 1176 2586 μετὰ

168 2605 276 2667 τοῦτο.
304 2594 325 2683 ή
347 2596 384 2666 δέ
396 2601 525 2683 Λαδίκη
546 2595 697 2664 ἀπέδωκε
718 2593 780 2682 τήν
796 2592 897 2682 εύχήν
910 2603 950 2684 τῇ
965 2606 1053 2687 θεῷ·
1076 2623 1179 2685 ποιη-

168 2698 294 2782 σαμένη
308 2692 373 2781 γὰρ
395 2693 527 2781 ἄγαλμα
548 2693 726 2781 ἀπέπεμψε.
743 2697 775 2773 ές
790 2695 971 2782 Κυρήνην,
994 2694 1030 2762 τό
1049 2701 1095 2764 ἔτι
1120 2699 1179 2764 καὶ

78 2805 82 2813 ’
168 2801 201 2877 ἐς
215 2797 272 2884 ἐμὲ
284 2790 328 2884 ἦν
348 2795 446 2881 σόον,
469 2800 530 2876 ἔξω
545 2798 734 2882 ίδρνμένον
747 2802 808 2864 τοῦ
821 2803 1025 2882 Κυρηναίων
1047 2794 1178 2875 ἄστεος.

166 2896 291 2983 ταύτην
313 2891 375 2981 τήν
390 2898 557 2981 Λαδίκην,
580 2891 624 2973 όις
646 2894 848 2982 ἐπεκράτησε
864 2894 1049 2980 Καμβύσης
1065 2895 1181 2980 Αίγύ-

165 3019 251 3062 πτου
265 2995 320 3062 καί
334 2994 481 3061 ἐπύθετο
497 2991 615 3080 αύτής,
637 2991 709 3080 ήτις
724 3002 791 3080 είη,
815 2988 987 3078 ἀπέπεμψε
1007 2991 1128 3060 ἀσινέα
1147 2997 1182 3073 ἐς

164 3090 335 3176 Κυρήνην.

100 3208 149 3261 182
242 3191 402 3275 ’Λνέδηκε
424 3192 461 3258 δὲ
479 3191 535 3258 καί
556 3187 757 3276 ἀναθήματα
774 3186 944 3276 δ”Αμασις
964 3190 997 3268 ἐς
1014 3186 1076 3276 τήν
1096 3187 1184 3258 Ἑλ·

165 3289 267 3374 λοίδα,
289 3295 388 3355 τοῦτο
410 3287 472 3372 μὲν
494 3290 526 3366 ἐς
541 3291 704 3377 Κυρήνην
726 3289 856 3376 ἀγαλμα
873 3291 1052 3373 ἐπίχρυσον
1069 3285 1185 3377 ’Λθή-

165 3390 261 3470 υαίης
283 3387 339 3452 καὶ
360 3385 474 3453 είκόνα
495 3389 622 3454 ἑωυτοῦ
641 3394 755 3474 γραφῇ
777 3388 992 3472 είκασμένην,
1014 3393 1117 3454 τούτο
1145 3392 1186 3456 δὲ

164 3493 206 3564 τῇ
219 3488 257 3556 έν
273 3489 387 3576 Λίνδῳ
404 3483 566 3574 Ἀθηναίη
580 3490 642 3556 δύο
661 3515 695 3554 τε
711 3486 882 3574 ἀγάλματα
897 3493 1013 3555 λίδινα
1028 3487 1082 3554 καὶ
1096 3487 1186 3554 θοό-
