2500 3925
165 270 229 334 164
543 269 795 328 HERODOTI

164 437 220 502 καί
240 436 274 501 οί
286 436 397 502 λοιποί
411 433 446 498 οί
458 425 541 516 πρὸς
558 427 698 514 ἑσπέρης
718 429 883 507 οἰκέοντες
896 425 1077 512 ἂνθρωποι
1091 435 1175 495 συλ·

164 537 381 618 λεχθείησαν,
403 527 467 598 ούκ
483 526 659 613 ἀξιόμαχοί
671 531 733 596 είοι
752 527 810 613 ἐμὲ
831 525 967 596 ἐπιόντα
982 524 1178 613 ὑπομείναι,

165 631 209 722 μὴ
224 632 335 712 ἐόντες
347 631 497 719 ἄρθμιοι.
521 631 629 698 ἐθέλω
642 627 756 714 μέντοι
769 628 825 695 καί
835 623 872 694 τὰ
888 621 952 694 άπὸ
970 632 1041 712 σεῦ,
1058 623 1179 694 ὁκοῖόν

164 758 195 800 τι
210 734 316 817 λέγεις
330 734 406 815 περί
423 727 546 815 αὐτῶν,
564 730 746 794 πυθέσθαι.
764 723 801 793 Ὁ
816 725 878 810 μὲν
888 731 992 792 ταῦτα
1008 722 1144 811 είρύτα,
1160 721 1177 792 ὁ

166 829 203 897 δὲ
213 827 396 917 ύπολαρύν
407 833 489 916 ἔφη·
504 820 544 894 Ὠ
557 829 708 913 βασιλεῦ,
721 821 841 907 κότερα
853 819 995 909 άληθείη
1001 821 1177 908 χρήσωμαι

164 925 250 1016 πρὸς
263 927 301 996 σέ
315 923 338 1014 ἢ
353 924 476 1017 ἡδονῇς
501 924 537 993 ‘0
552 925 592 991 δέ
602 949 662 1010 μιν
673 919 815 1010 ἀληθείῃ
826 921 1015 1008 χρήσασθαι
1029 922 1179 1003 ἐκέλευε,

102 1040 151 1095 ιολ
166 1024 233 1113 φάς
248 1022 350 1093 οὐδέν
364 1022 613 1112 οίάηδέστερον
628 1027 765 1090 ἔσεσθαι
780 1016 802 1106 ἢ
816 1018 982 1107 πρότερον
995 1012 1047 1106 ἦν.
1066 1019 1130 1098 Ὡς
1143 1021 1179 1087 δὲ

165 1130 271 1192 ταῦτα
283 1121 408 1210 ἤκουσε
422 1123 641 1211 Δημάρητος,
657 1126 750 1205 ἔλεγε
765 1118 861 1188 τάδε·
883 1126 1039 1205 Βασιλεῠ,
1059 1115 1177 1204 ἐπειδὴ

167 1220 310 1312 ἀληθείη
329 1221 521 1310 χρήσασθαι
534 1220 668 1298 πάντως
682 1243 723 1305 με
740 1217 888 1296 κελεύεις
902 1225 1004 1286 ταῦτα
1021 1221 1178 1306 λέγοντα,

166 1319 206 1390 τά
218 1319 262 1409 μὴ
278 1322 487 1408 ψευδόμενός
496 1351 546 1402 τις
557 1321 700 1408 ὕστερον
711 1316 778 1389 ὑπὸ
789 1326 850 1388 σεῦ
860 1317 1033 1407 ἆλύσεται,
1050 1319 1179 1410 τῇἙλ-

165 1419 243 1489 λάδι
256 1426 354 1508 πενίη
369 1423 432 1507 μὲν
446 1427 514 1492 αίεί
525 1446 603 1490 κοτε
616 1416 808 1505 σύντροφός
825 1421 909 1506 ἐστι,
928 1418 1026 1507 άρετὴ
1043 1422 1081 1488 δὲ
1091 1426 1179 1488 ἔπα-

166 1519 243 1598 κτύς
257 1522 341 1607 ἐστι,
358 1519 426 1591 άπό
439 1547 475 1589 τε
488 1527 609 1609 σοφίης
622 1523 872 1606 κατεργασμένη
887 1523 942 1588 καὶ
956 1519 1065 1607 νόμου
1078 1528 1180 1610 ἰσχυ-

167 1626 247 1708 ρού,
270 1628 311 1710 τῇ
322 1623 539 1708 διαχρεομένη
549 1618 571 1707 ἡ
580 1616 697 1699 Ἑλλάς
707 1617 770 1706 τήν
780 1643 816 1685 τε
829 1624 949 1706 πενίην
963 1617 1179 1706 ἀπαμύνεται

166 1720 222 1786 καί
236 1713 298 1804 τὴν
313 1719 535 1805 δεσποσύνην.
558 1720 659 1787 αίνέω
670 1719 733 1804 μέν
743 1741 810 1784 νυν
824 1715 951 1795 πάντας
967 1715 1178 1805 τούςἝλλη-

166 1841 228 1893 νας
246 1811 327 1894 τούς
345 1818 422 1900 περὶ
436 1818 585 1894 ἐκείνους
599 1811 679 1893 τούς
693 1810 872 1901 Δωρικοὺς
891 1812 1022 1900 γούρους
1037 1818 1179 1902 οίιιημέ-

166 1940 259 2001 νονς,
278 1919 413 2001 ἔρχομαι
427 1916 464 1984 δὲ
478 1915 584 1995 λέξων
596 1911 639 1984 ού
650 1914 726 1999 περὶ
740 1911 878 1981 πάντων
887 1913 1009 1982 τούσδε
1023 1914 1105 1995 τούς
1115 1916 1179 1985 λό-

166 2040 264 2100 γους,
278 2012 363 2081 άλλύ
379 2015 454 2100 περί
464 2018 741 2100 Λακεδαιμονίων
751 2011 906 2099 μούνων,
920 2019 1035 2100 πρῶτα
1046 2016 1112 2099 μὲν
1125 2012 1178 2083 ὅτι

167 2110 229 2180 ούκ
245 2118 329 2197 ἐστι,
351 2111 438 2192 ὅκως
452 2111 528 2181 κοτέ
545 2110 627 2191 σούς
645 2114 794 2193 δέξονται
816 2112 937 2199 λόγους
959 2114 1177 2200 δουλοσύνην

168 2214 333 2297 φέροντας
341 2218 381 2299 τῇ
389 2209 538 2298 Ἑλλάδι,
554 2205 650 2290 αύτις
664 2212 700 2279 δὲ
713 2209 757 2293 ὡς
767 2210 989 2283 άντιύσουταί
996 2240 1048 2283 τοι
1059 2218 1093 2293 ἐς
1107 2215 1179 2302 μά-

165 2336 245 2396 χην,
263 2310 318 2377 καί
337 2304 382 2397 ἢν
402 2315 437 2378 οί
448 2309 543 2379 ἄλλοι
555 2308 713 2397 Ἕλληνες
733 2311 856 2393 πάντες
877 2309 917 2379 τά
934 2310 977 2380 σά
992 2314 1176 2399 φρονέωσι.

165 2408 316 2499 άριθμού
331 2412 369 2480 δὲ
379 2416 465 2499 πέρι,
481 2409 526 2498 μὴ
541 2410 648 2499 πύθη,
666 2409 739 2479 ὅσοι
755 2413 841 2490 τινὲς
855 2410 965 2490 ἐόντες
976 2418 1081 2479 ταῦτα
1093 2437 1179 2481 ποι-

167 2514 236 2578 ἐειν
249 2506 318 2579 οἷοί
330 2514 369 2579 τέ
380 2517 453 2582 είσι.
482 2510 526 2599 ἤν
540 2537 576 2577 τε
593 2509 658 2598 γάρ
675 2510 798 2597 τύχωσι
813 2514 1103 2600 ἐξεστρατευμένοι
1121 2523 1179 2601 χί-

166 2617 249 2694 λιοι,
270 2601 364 2678 οὗτοι
377 2615 579 2697 μαχέσονταί
590 2637 658 2697 τοι,
672 2608 717 2697 ἥν
730 2636 766 2678 τε
780 2610 958 2690 ἐλάσσονες
972 2612 1115 2701 τούτων,
1131 2612 1179 2700 ἤν

100 2723 150 2778 ιοθ
163 2734 199 2776 τε
209 2712 420 2789 καίπλεύνες.
441 2718 552 2778 Ταῦτα
564 2708 711 2788 ἀκούσας
717 2713 838 2797 Ξέρξης
848 2708 991 2796 γελάσας
1002 2717 1082 2798 ἐφη·
1096 2722 1179 2801 Δη-

167 2807 303 2896 μάρητε,
321 2806 395 2878 οἷον
404 2812 571 2896 ἐφθέγξαο
586 2815 675 2896 ἐπος,
691 2806 818 2895 ἄνδρας
828 2814 953 2894 χιλίους
967 2816 1105 2899 στρατιῇ
1115 2837 1178 2879 το-

167 2909 247 2995 σῇδε
256 2910 473 2993 μαχέσασθαι.
497 2905 568 2994 άγε,
585 2909 657 2975 είπέ
667 2932 734 2993 μοι,
750 2904 793 2973 σύ
809 2903 875 2993 φῂς
889 2906 1019 2974 τούτων
1029 2913 1097 2975 τῶν
1109 2906 1178 2977 άν-

167 3009 259 3092 δρῶν
273 3002 374 3085 αύτὸς
386 3005 543 3092 βασιλεύς
557 3010 726 3092 γενέσθαι.
751 3002 793 3071 σύ
805 2997 855 3072 ύν
866 3006 1037 3093 ἐθελήσεις
1052 3005 1176 3076 αὐτίκα

166 3103 256 3188 μάλα
274 3101 359 3186 πρὸς
373 3101 499 3189 ἄνδρας
514 3106 594 3171 δέκα
608 3101 791 3188 μάγεσθαι;
818 3108 925 3169 καίτοι
943 3108 974 3169 εί
987 3098 1025 3171 τὰ
1041 3110 1175 3171 πολιτι-

166 3200 230 3269 κύν
244 3200 324 3287 ὑμῖν
343 3210 412 3270 πάν
426 3205 492 3270 ἐστί
506 3207 654 3287 τοιοῦτο,
671 3196 745 3269 οίον
757 3199 800 3269 σύ
815 3201 987 3288 διαιρέεις,
1010 3204 1050 3269 σέ
1058 3227 1098 3289 γε
1111 3202 1176 3271 τόν

166 3300 305 3364 ἐκείνων
321 3300 457 3384 βασιλέα
474 3301 592 3383 πρέπει
615 3295 701 3383 πρὸς
717 3295 754 3365 τὸ
777 3296 954 3384 διπλήσιον
975 3294 1176 3369 άντιτάσσε-
1243 3330 1244 3389 3

166 3408 248 3463 σθαι
259 3395 343 3464 κατά
353 3397 479 3483 νόμους
488 3395 567 3475 τούς
577 3394 767 3483 ὑμετέρους.
781 3403 812 3466 εί
817 3394 881 3483 γάρ
889 3400 1177 3481 ἐκείνωνὲκαστος
1243 3414 1244 3431 ²

167 3497 247 3559 δέκα
262 3491 397 3579 ἀνδρῶν
413 3503 470 3579 τῆς
484 3502 637 3580 στρατιῆς
648 3501 705 3580 τῆς
719 3496 797 3581 ἐμῆς
814 3492 968 3599 άντάξιύς
985 3497 1070 3584 ἐστι,
1084 3502 1125 3571 σὲ
1138 3506 1179 3573 δέ
