2500 3925
142 278 185 339 42
516 281 768 339 amionem

144 440 278 520 Ανδούς
293 443 327 520 ές
340 439 449 529 μάχην
463 442 705 527 τασσομένους,
727 438 986 528 καταρρωδήσας
1005 434 1067 525 τήν
1088 438 1145 503 ἵπ-
1243 475 1244 486 1

142 564 226 626 που,
264 541 397 628 ἐποίησε
421 539 592 629 Ἀρπάγου
617 537 835 626 ὑποθεμένου
866 535 990 627 ἀνδρὸς
1019 534 1146 623 Μήδου

142 637 290 706 τοιόνδε·
305 634 433 728 όσαιτῷ
443 642 573 728 στρατῷ
584 642 633 725 τῷ
647 638 775 707 ἑωυτοῦ
788 642 920 708 εἵποντο
930 633 1099 721 σιτοφόροι
1110 657 1146 700 τε

143 738 198 804 καὶ
213 734 417 825 σκευοφόροι
430 736 590 824 κάμηλοι,
605 737 729 815 ταύτας
742 735 850 815 πάσας
864 732 980 813 ἁλίσας
993 734 1049 801 καὶ
1062 730 1144 799 άπε-

143 831 213 917 λάν
225 833 266 904 τά
281 834 386 921 άχθεα
400 833 525 922 ἄνδρας
538 834 590 904 ἐπ’
607 833 711 915 αότάς
724 834 867 923 ἀνέβησε
880 834 1008 904 ίππάδα
1022 828 1147 918 στολήν
1243 835 1244 852 ’

143 935 380 1020 ἐσταλμένους,
401 935 567 1013 σκευάσας
588 935 624 1004 δὲ
639 933 763 1015 αὐτούς
777 937 957 1025 προσέταξε
971 939 1028 1021 τῆς
1044 930 1147 1018 άλλης
1243 941 1244 944 ’

144 1038 297 1120 στρατιῆς
316 1035 469 1120 προϊέναι
485 1030 569 1119 πρὸς
585 1031 648 1121 τήν
660 1040 810 1122 Κροίσου
824 1038 945 1122 ἵππον,
965 1038 1006 1122 τῇ
1027 1031 1063 1098 δὲ
1083 1055 1148 1097 κα-
1244 1061 1246 1116 ς

144 1130 237 1222 μήλῳ
258 1134 398 1200 ἕπεσθαι
420 1130 481 1201 τὸυ
500 1131 600 1215 πεζόν
621 1130 765 1220 στρατόν
786 1136 934 1218 ἐκέλευε,
965 1128 1086 1199 ὄπισθε
1109 1125 1146 1195 δὲ
1244 1123 1245 1212 ξ

143 1234 205 1295 τοῦ
225 1233 328 1309 πεζοῦ
350 1232 484 1311 ἐπέτάξε
496 1228 560 1319 τήν
576 1238 688 1299 πᾶσαν
702 1234 816 1299 ἵππον.
848 1227 893 1310 ὡς
916 1230 956 1297 δέ
972 1232 1007 1297 οἵ
1023 1226 1148 1303 πάντες
1244 1221 1245 1298 f

144 1326 367 1413 διετετάχατο,
389 1336 569 1416 παραίνεσε
583 1335 651 1398 τῶν
666 1328 729 1416 μέν
744 1326 856 1399 ἄλλων
868 1331 992 1397 Λυδῶν
1009 1323 1054 1413 μή
1069 1348 1148 1410 φει-
1244 1367 1245 1412 3

144 1423 306 1508 δομένους
336 1430 478 1494 κτείνειν
515 1427 625 1495 πάντα
664 1424 725 1495 τδν
759 1425 915 1515 ἐμποδάυ
949 1426 1147 1515 γινόμενον,

143 1529 292 1609 Κροίσου
306 1522 343 1590 δέ
358 1520 463 1593 αὐτόν
478 1522 523 1613 μή
538 1532 697 1613 κτείνειν,
712 1528 796 1613 μηδὲ
808 1522 853 1614 ἢν
867 1524 1148 1613 συλλαμβανόμε-

94 1688 96 1693 .
143 1648 202 1700 νος
217 1618 392 1709 ἀμύνηται.
424 1626 605 1711 ταῦταμὲν
618 1630 817 1712 παραίνεσε,
838 1622 897 1705 τὰς
917 1625 954 1692 δὲ
974 1622 1147 1711 καμήλους

144 1724 236 1799 ἔταξε
256 1714 353 1787 ἀντία
373 1727 430 1807 τῆς
450 1725 556 1790 ἵππου
571 1727 677 1791 τοῖνδε
695 1725 840 1790 εἵνεκεν
873 1723 1024 1810 κάμηλον
1043 1724 1149 1797 ἵππος

143 1820 315 1907 φοβέεται,
332 1822 387 1887 καὶ
402 1817 465 1888 οὐκ
482 1818 633 1907 ἀνέχεται
648 1817 798 1907 οὔτετήν
811 1825 905 1906 ίδέηυ
921 1818 1022 1908 αὐτῆς
1036 1816 1147 1905 ὁρέων

142 1920 219 1990 οὔτε
239 1916 302 2007 τὴν
324 1916 432 2008 ὀδμήν
454 1918 732 2010 ὀσφραινόμενος.
770 1919 874 1992 αὐτοῦ
895 1917 936 2010 δή
958 1913 1007 1992 ἀν
1020 1919 1148 1990 τούτου
1245 1978 1246 2009 ,

141 2023 270 2088 εἵνεκεν
291 2019 503 2108 ἐσεσόφιστο,
523 2024 580 2088 ἵνα
605 2029 651 2113 τῷ
665 2027 800 2113 Κροίσῳ
818 2009 983 2109 άχρηστον
996 2013 1017 2109 ᾖ
1031 2015 1068 2087 τό
1087 2023 1148 2087 ἱπ-
1245 2014 1246 2073 Ϊ

141 2113 259 2202 πικόν,
279 2123 325 2208 τῷ
348 2118 389 2205 δή
410 2145 441 2186 τι
462 2122 517 2186 καὶ
531 2121 639 2205 ἐπεῖχε
653 2119 881 2206 ἐλλάμψεσθαι
897 2115 915 2188 ὁ
930 2118 1051 2197 Λυδός.
1099 2113 1147 2194 ὡς

142 2217 179 2285 δὲ
198 2220 254 2285 καί
277 2216 443 2304 συνήισαν
464 2221 497 2296 ές
517 2215 579 2305 τήν
594 2219 720 2306 μάχην,
742 2222 892 2287 ἐνθαῦτα
913 2215 958 2298 ὥς
970 2215 1145 2304 όσφραντο

139 2316 275 2402 τάχιστα
295 2322 363 2383 τῶν
383 2315 543 2403 καμήλων
557 2321 591 2385 οἵ
603 2319 700 2384 ἵπποι
714 2322 769 2386 καί
786 2315 876 2386 είδον
892 2314 1012 2404 αὐτάς,
1036 2313 1147 2384 ὀπίσω

141 2417 357 2505 ἀνέστρεφον,
375 2416 567 2503 διέφθαρτό
577 2441 612 2484 τε
626 2423 674 2509 τῷ
688 2423 822 2506 Κροίσω
835 2415 856 2506 ἡ
874 2420 973 2495 ἐλπίς.
1005 2413 1046 2484 οὐ
1060 2420 1146 2502 μέν·

141 2543 191 2585 τοι
207 2517 242 2582 οἵ
252 2540 291 2600 με
305 2516 411 2582 Λυδοί
425 2511 462 2581 τό
484 2518 647 2583 ἐνθεῦτεν
669 2519 772 2586 δειλοὶ
785 2538 889 2605 ησαν,
911 2514 979 2587 ἀλλ’
1001 2514 1046 2595 ὡς
1060 2522 1147 2602 ἐματ

139 2624 207 2682 θου
226 2609 264 2681 τό
285 2611 484 2700 γινόμενον,
504 2609 736 2702 ἀποθορόντες
756 2613 822 2684 ἀπό
843 2621 912 2684 τῶν
924 2617 1037 2682 ἵππων
1051 2621 1142 2696 πεζοι

139 2727 224 2783 τοῖσι
240 2713 388 2802 Πέρσησι
412 2715 609 2800 συνέβαλον.
654 2714 765 2806 χρόνῳ
782 2716 819 2783 δὲ
839 2713 1012 2785 πεσόντων
1028 2710 1143 2800 άμφο·

139 2817 244 2900 τέρων
265 2817 399 2880 πολλῶν
420 2811 602 2900 ἐτράποντο
629 2817 664 2881 οἵ
680 2816 803 2900 Λυδοὶ,
832 2815 1082 2899 κατειληθέντες
1104 2814 1143 2882 δὲ

140 2915 173 2990 ἐς
187 2908 224 2979 τό
239 2924 344 2995 τεῖχος
358 2912 609 2996 ἐπολιορκέοντο
625 2907 692 2978 ὑπὸ
707 2908 775 2979 τῶν
788 2914 956 3001 Περσέων.

96 3025 128 3081 81
227 3016 320 3076 Τοῖσι
347 3008 410 3093 μὲν
434 3003 474 3094 δή
499 3008 697 3097 κατεστήκεε
722 3015 915 3097 πολιορκίη,
938 3017 1083 3098 Κροῖσος
1104 3007 1142 3076 δέ

138 3109 266 3175 δοκέων
286 3108 320 3172 οί
338 3104 463 3193 χρόνον
485 3108 538 3174 ἐπὶ
558 3103 690 3193 μακρόν
711 3111 847 3175 ἔσεσθαι
867 3103 929 3193 τήν
942 3114 1143 3192 πολιορκίην

137 3211 262 3289 ἔπεμπε
282 3205 318 3271 ἐκ
339 3208 400 3269 τοῦ
423 3209 545 3288 τείχεος
561 3201 685 3282 άλλονς
701 3202 863 3290 ἀγγέλους
884 3207 917 3284 ἐς
933 3200 992 3284 τάς
1006 3226 1144 3291 συμμα-

135 3309 214 3385 χίας.
256 3305 290 3368 οί
313 3301 375 3386 μὲν
399 3297 466 3387 γάρ
491 3301 657 3387 πρότερον
682 3306 903 3389 διεπέμποντο
929 3307 962 3382 ἐς
989 3305 1142 3388 πέμπτον

7 3461 13 3484 ‚
135 3405 224 3484 μῆνα
244 3400 460 3485 προερέοντες
481 3401 704 3484 συλλέγεσθαι
726 3404 759 3479 ἐς
778 3400 924 3489 Σάρδις,
946 3400 1088 3480 τούτους
1101 3405 1142 3471 δέ

135 3497 292 3584 ἐξέπεμπε
307 3494 368 3583 τήν
385 3505 541 3586 ταχίστην
555 3504 692 3570 δέεσθαι
719 3504 865 3585 βωθέειν
881 3500 925 3583 ὡς
939 3510 1140 3577 πολιορκεο-
