2500 3925
962 3 978 5 -
1076 4 1216 11 -.-

338 257 422 316 ιΙΒ.
454 260 486 314 11.
526 258 624 348 σου.
659 266 758 320 ιει-
775 265 833 320 ωε»
1025 257 1083 326 191

91 413 121 482 τὸ
139 419 279 507 μέγαρον
301 423 367 486 έσω
387 414 447 486 έάυ
471 418 556 505 μίγα
583 419 786 506 έξηρίθμεον
809 420 1002 498 δεικνύντες
1023 444 1083 488 κο-

93 512 216 595 λοσσούς
237 520 396 597 ξυλίνους
416 515 616 602 τοσούτους,
644 513 814 606 όσουςπερ
848 514 960 594 εἶπον·
986 514 1082 606 ἀρχι-

90 610 156 695 ρεάς
173 611 236 702 γὰρ
258 616 398 694 ἕκαστος
419 612 544 684 αάτόθι
566 617 696 682 ἵσταται
715 616 769 684 ἐπὶ
788 621 847 702 τῆς
863 618 991 684 ἑαυτοῦ
1007 615 1081 702 ζόης

88 711 187 779 εἰκόνα
200 713 346 781 ἑωυτοῦ·
368 711 589 801 ἀριθμέοντες
604 705 654 780 ἀν
667 715 724 782 καί
740 712 933 794 δεικνύντος
948 718 982 783 οί
996 715 1082 800 ἱρέες

86 813 147 896 ἐμοὶ
159 809 406 881 ἀπεδείκνυσαν
416 816 519 881 παῖδα
531 809 658 897 πατρός
673 811 808 880 ἑωυτῶν
819 814 961 880 ἕκαστον
971 810 1080 898 ἐόντα,

86 911 116 976 εἰι
126 915 183 977 τού
196 908 337 996 ἀγηιστα
351 908 589 990 ἀποθανόντος
602 917 661 997 τῆς
684 909 814 990 εἰκόνος
829 909 1008 992 διεξιόντες
1023 905 1079 976 διά

84 1009 203 1076 πασέων
211 1058 221 1094 ,
245 1010 280 1088 ές
293 1005 314 1076 δ
329 1006 492 1090 ἀπέδεξαν
506 1006 638 1088 ἀπόσας
655 1006 767 1088 αὐτός.
798 1007 958 1101 Ἑκαταίῳ
972 1008 1010 1078 δέ
1023 1031 1081 1094 γε·

85 1109 314 1195 νεηλογήσαντι
336 1106 464 1178 ἑαυτὸν
484 1111 540 1179 καὶ
560 1106 766 1195 ἀναδήσαντι
789 1110 822 1187 ές
844 1109 1079 1177 ἑκκαιδέκατον

82 1204 155 1273 θεὸν
168 1204 499 1296 ἀντεγενεηλόγησαν
513 1211 566 1278 έπί
580 1216 620 1299 τῇ
638 1206 818 1298 ἀριθμήσι,
842 1206 883 1278 οὐ
904 1209 1080 1297 δεκόμενοι

81 1303 150 1393 παρ’
173 1303 282 1375 αὐτοῦ
296 1306 363 1376 ἀπὸ
378 1317 465 1378 θεοῦ
478 1312 639 1398 γενέσθαι
653 1307 857 1398 ἄνθρωπον·
880 1308 1079 1398 ἀντεγενεη-

82 1405 218 1492 λόγησαν
233 1409 270 1477 δέ
287 1401 363 1496 τόδε,
386 1410 532 1497 φάμενοι
546 1413 770 1478 ἕκαστοντῶν
786 1416 960 1479 κολοσσόν
972 1415 1079 1498 πίρω-

82 1535 132 1593 μιν
145 1512 181 1576 έκ
197 1510 362 1596 πιρώμιος
379 1513 571 1598 γεγονέναι,
595 1514 629 1590 ές
650 1508 764 1590 ότούς
779 1512 878 1580 πέντε
894 1511 951 1578 καί
963 1527 1079 1578 τεσσε-

81 1607 218 1692 ράκοντα
240 1610 297 1677 καί
315 1617 528 1697 τριηκοσίους
544 1607 710 1692 ἀπέδεξαν
730 1605 915 1688 κολοσσούς
931 1614 1078 1696 πίρωμιν

81 1708 111 1772 ἐκ
123 1708 286 1793 πιρώμιος
301 1707 505 1796 γενόμενον,
535 1712 591 1777 καί
604 1707 684 1777 ου”τε
698 1712 731 1788 ές
744 1707 831 1777 θεὸν
845 1704 923 1776 οὔτε
937 1708 971 1786 ές
985 1705 1079 1793 ἥρωα

81 1799 238 1889 ἀνέδησαν
259 1803 393 1886 αύτούς.
431 1814 574 1896 πίρωμις
588 1809 630 1876 δέ
641 1810 708 1875 ἐστι
723 1803 797 1875 κατ’
810 1805 952 1874 Ἑλλάδα
968 1809 1079 1906 γλωσ-

82 1923 136 1972 σον
159 1903 261 1986 καλός
286 1904 446 1995 κάγαθός.
484 1906 572 1994 Ἤδη
595 1900 646 1977 όν
669 1911 738 1976 τῶν
764 1910 800 1975 αί
826 1903 954 1983 εἰκόνες
978 1907 1077 1990 ησαν,
1094 1921 1144 1977 εει

80 2003 243 2085 τοιούτους
258 2003 507 2076 ἀπεδείκνυσάν
521 2007 628 2094 σι’γεας
640 2007 769 2085 πάντας
784 2005 910 2091 ἐόντας,
931 2010 1026 2073 θεῶν
1040 2001 1078 2071 δὲ

80 2100 196 2170 πολλόν
216 2100 505 2192 ἀπηλλαγμένους.
552 2102 591 2174 τό
607 2108 645 2173 δὲ
662 2105 829 2193 πρότερον
850 2109 918 2171 τῶν
942 2098 1079 2189 ἀνδρῶν

81 2200 198 2269 τούτου
220 2201 327 2283 θεούς
352 2203 439 2273 εἶναι
465 2203 545 2284 τούς
572 2206 610 2273 έν
632 2205 793 2296 Αἰγύπτῳ
805 2200 994 2292 ἄρχοντας,
1026 2207 1078 2271 οί-

80 2304 205 2381 κέοντας
218 2300 287 2389 ἀμα
301 2317 388 2371 τοῖσι
399 2300 625 2391 ἀνθρώποισι,
648 2302 847 2371 καὶτούτων
860 2303 924 2370 αίεὶ
941 2298 1076 2369 ἔνατόν

80 2400 248 2481 κρατέοντα
274 2398 379 2468 εἶναι·
407 2399 554 2469 ὕστατον
574 2402 611 2469 δὲ
631 2396 734 2488 αύτῆς
754 2407 950 2489 βασιλεῦσαι
971 2394 1076 2487 Ὦρον

79 2492 132 2561 τόν
149 2494 288 2586 Ὀσίριος
301 2503 421 2586 παῖδα,
450 2496 512 2567 τόν
532 2498 727 2577 Ἀπόλλωνα
745 2497 902 2585 Ἕλληνες
925 2494 1076 2583 ούνομά-

81 2601 178 2675 ζουσα
221 2606 345 2669 τούτου
386 2602 649 2670 καταπαύσαντα
692 2606 841 2687 Τυφῶνα
879 2603 1076 2687 βασιλεῦσαι

81 2690 210 2765 ὕστατον
225 2698 413 2785 Αἰγύπτου.
444 2698 573 2789 Ὄσιρις
587 2703 628 2769 δέ
641 2702 711 2769 έστι
727 2698 899 2777 Διόνυσος
910 2695 984 2767 κατ’
1001 2695 1077 2765 Ἱίλκ

82 2795 153 2863 λάδα
166 2803 331 2883 γλῶσσαν.

148 2894 343 2984 ἘυἝλλησι
360 2901 423 2986 μέν
437 2925 504 2967 νυν
518 2897 679 2967 νεώτατοι
694 2904 762 2966 τῶν
777 2904 871 2965 θεῶν
885 2900 1076 2982 νομίζονται
1089 2916 1138 2969 145

83 2989 153 3062 εἶναι
165 2994 349 3084 Ἡρακλέης
363 3023 399 3066 τε
419 3000 475 3065 καί
490 2997 663 3077 Διόνυσος
678 2997 734 3064 καί
746 2994 841 3083 Πάν,
863 2988 944 3079 παρ’
966 2996 1076 3076 Λίγυ-

82 3098 188 3162 πτίοισι
217 3095 255 3165 δέ
281 3093 361 3164 Πάν
387 3100 452 3184 μὲν
476 3094 695 3184 ἀρχαιότατος
720 3100 775 3165 καί
798 3102 867 3164 τάν
890 3088 977 3163 όκτῶ
1007 3094 1075 3155 τόν

83 3193 208 3275 τούτων
225 3196 419 3283 λεγομένων
432 3201 543 3280 θεῶν,
572 3194 755 3284 Ἡρακλέης
773 3220 808 3261 τε
826 3199 893 3262 τῶν
908 3188 1075 3272 δευτέρων

84 3296 137 3357 τόν
150 3293 302 3365 δυόδεκα
322 3297 516 3382 λεγομένων
531 3292 635 3383 εἶναι,
664 3294 836 3373 Διόνυσος
858 3296 894 3362 δὲ
916 3297 983 3359 τῶν
1003 3293 1076 3376 τρί-

84 3411 151 3476 των,
172 3398 205 3460 οἳ
220 3393 257 3461 έκ
273 3398 344 3460 τῶν
358 3392 514 3462 δυόδεκα
530 3399 625 3461 θεῶν
640 3394 805 3478 ἐγένοντο.
843 3387 1001 3475 Ἡρακλέι
1012 3386 1075 3470 μὲν

85 3484 115 3568 δη
133 3484 196 3555 ’ὅσα
222 3486 319 3558 αότοί
344 3489 530 3576 Αἰγύπτιοί
552 3510 624 3577 φασ
662 3486 747 3557 εἶναι
774 3492 847 3556 ἔτεα
878 3489 911 3565 ἐς
932 3484 1076 3571 ’Ἀμασιν
