2500 3925
173 251 236 317 870
550 250 801 309 ΗΕΒΟῸΟΤΙ

173 412 233 482 τόν
244 414 393 501 πόλεμον
408 417 588 502 στρουθῶν
602 416 793 496 καταγαίων
805 408 907 497 δοράς
917 414 1081 497 φορέουσι
1092 433 1169 495 τρο-

173 512 333 599 βληματα.
357 510 413 581 διά
431 513 468 581 δὲ
484 508 598 579 αότιῦν
614 517 731 589 Κῖνυψ
745 507 893 596 ποταμός
912 510 1000 598 ῥέων
1016 512 1052 577 έκ
1068 508 1169 594 λόφου

173 614 383 696 καλεομένου
398 616 553 698 Χαρίτων
575 611 609 689 ές
629 607 808 677 θάλασσαν
823 610 956 676 έκδιδοί.
984 606 1005 676 ό
1021 608 1059 677 δὲ
1072 606 1169 693 λόφος

174 700 305 787 οὖτοςό
322 716 477 794 Χαρίτων
492 704 597 787 δασύς
611 711 704 795 ίδησί
718 709 786 775 ἐστι
801 707 921 793 ἐούσης
934 714 992 793 τῆς
1005 705 1108 792 ἄλλης
1121 712 1169 791 τῆς

173 813 497 893 προκαταλεχθείσης
515 807 646 894 Λιβύης
665 813 781 893 ψιλῆς,
803 803 870 875 άπό
892 806 1067 892 θαλάσσης
1086 804 1124 872 δὲ
1143 807 1170 881 ἐς

108 920 156 975 176
172 902 278 973 αὐτόν
293 904 423 973 στάδιοι
441 906 605 992 διηκόσιοί
618 910 691 975 είσι.
736 907 886 973 Μακέων
907 903 944 971 δέ
958 904 1090 971 τούτων
1104 902 1171 988 ἐχό-

173 1032 270 1092 μενοι
294 1010 500 1085 Γινδᾶνές
524 1012 604 1091 είσι,
632 1012 702 1073 τῶν
727 1008 763 1072 αί
786 1018 944 1090 γυναῖκες
970 1003 1170 1090 περισφύρια

173 1103 348 1191 δερμάτων
365 1100 471 1173 πολλὰ
484 1103 605 1189 ἑκάστη
617 1106 734 1191 φορέει
750 1100 833 1172 κατά
847 1102 982 1172 τοιόνδέ
991 1128 1041 1189 τι,
1064 1097 1110 1177 ὡς
1122 1102 1171 1169 λε’·

172 1227 281 1288 γεται·
304 1199 378 1270 κατ’
396 1200 505 1290 άνδρα
516 1206 659 1271 ἕκαστον
669 1205 832 1288 μιχθέντα
842 1200 1069 1288 περισφύριον
1080 1225 1172 1285 περι·

173 1301 297 1368 δέεται·
318 1300 341 1387 ἢ
356 1299 387 1368 δ’
404 1297 448 1369 άν
461 1311 597 1371 πλείστα
608 1307 682 1390 ἔχη,
697 1299 782 1387 αὕτη
793 1298 910 1387 άρίστη
922 1304 1076 1369 δέδοκται
1093 1297 1171 1367 εἶναι

107 1419 155 1478 177
173 1399 217 1479 ὡς
238 1397 305 1469 ὑπό
322 1408 486 1469 πλείστων
510 1399 647 1489 άυδροῦυ
663 1409 854 1487 φιληθεῖσα.
895 1398 1014 1486 Ἀκτὴν
1035 1401 1073 1467 δὲ
1093 1425 1171 1485 προ-

175 1500 317 1583 έχουσαν
332 1502 365 1577 ἐς
379 1498 440 1567 τὸν
454 1501 580 1568 πόντον
599 1498 730 1567 τούτων
743 1506 812 1566 τῶν
825 1497 1004 1566 Γινδάνων
1018 1500 1170 1585 νέμοντα

173 1598 440 1685 Λωτοφάγοι,
463 1606 497 1666 οἳ
514 1596 575 1666 τὸν
595 1595 728 1685 καρπὸν
744 1604 874 1684 μοῦνον
886 1604 948 1665 τοῦ
963 1604 1074 1666 λωτοῦ
1089 1597 1170 1684 τρά-

174 1719 290 1781 γοντες
313 1694 490 1777 ζύονσαό
516 1697 552 1765 δὲ
577 1703 639 1765 τοῦ
659 1703 769 1765 λωτοῦ
791 1694 920 1783 καρπός
940 1699 1009 1764 ἐστι
1029 1698 1170 1783 μέγαθος

172 1790 255 1861 ὅσον
282 1818 318 1861 τε
342 1801 401 1881 τῆς
428 1803 562 1882 σχίνου,
595 1796 787 1881 γλυκύτητα
812 1794 849 1862 δέ
868 1801 931 1862 τοῦ
954 1802 1109 1880 φοίνικος
1130 1800 1169 1881 τῷ

172 1900 289 1986 καρπῷ
304 1901 509 1982 προσίκελος.
532 1900 706 1964 ποιεῦνται
722 1897 758 1961 δὲ
774 1896 811 1961 ἐκ
828 1899 891 1961 τοῦ
904 1900 1038 1981 καρποῦ
1053 1893 1169 1961 τούτου

107 2011 157 2067 178
171 1998 206 2062 οἱ
218 1993 421 2080 Λωτοφάγοι
438 1998 494 2063 καί
509 1993 612 2062 οἶνον.
657 1994 877 2080 Λωτοφάγων
895 1991 933 2061 δὲ
946 1988 985 2060 τό
1002 1989 1095 2078 παρὰ
1109 1990 1169 2059 θά-

171 2102 299 2162 λασσαν
328 2098 458 2178 ἔχονται
484 2094 697 2178 Μάχλυες,
727 2098 773 2181 τῷ
795 2098 889 2183 λωτῷ
909 2094 972 2177 μὲν
1002 2093 1059 2158 καὶ
1084 2081 1168 2158 οὗτοι

170 2190 356 2278 χρεόμενοι,
372 2189 455 2278 άτάρ
467 2192 569 2261 ἕσσόυ
579 2218 617 2277 γε
628 2217 697 2260 των
707 2189 874 2278 πρότερον
885 2193 1084 2276 λεχθέντων.
1097 2215 1168 2257 κοτ-

171 2291 293 2377 ήκουσι
308 2290 345 2356 δὲ
361 2292 414 2358 ἐπὶ
427 2288 578 2377 ποταμὸν
592 2289 716 2376 με’γαν,
737 2297 783 2381 τῷ
798 2287 928 2374 οὕνομα
946 2294 1078 2375 Τρίτων
1092 2290 1212 2355 έστί·

173 2389 299 2455 ἐκδιδοῖ
319 2379 416 2455 δὲ
373 2413 471 2466 ουτος
492 2389 564 2466 έςλ
567 2395 669 2474 ίμνηυ
685 2357 836 2474 μεγάλην
855 2392 1059 2472 Τριτωνίδα·
1086 2390 1121 2455 ἐν
1138 2384 1170 2453 δε
1211 2404 1213 2457 7

172 2479 256 2572 αῦτη
271 2489 372 2570 νῆσος
387 2490 454 2571 ἔνι,
476 2512 515 2574 τη
532 2482 663 2570 οὕνομα
677 2485 761 2553 Φλά.
791 2486 917 2571 ταύτην
934 2483 1028 2553 δέ
991 2511 1056 2571 την
1072 2490 1166 2571 νῆσον
1211 2518 1213 2529 v

172 2586 469 2668 Λακεδαιμονίοισί
480 2602 564 2670 φασι
579 2583 697 2668 λόγιον
711 2581 797 2652 εἶναι
812 2592 928 2653 κτίσαι.

107 2701 156 2758 179
245 2678 338 2752 ’Ἐστι
352 2682 389 2750 δέ
406 2709 461 2749 και
450 2680 535 2750 ὅδε
551 2682 652 2768 λόγος
668 2683 865 2771 λεγόμενος,
882 2683 1029 2780 Ἰήσονα,
1068 2686 1165 2753 ἐπείτε
1210 2722 1211 2727 1

173 2777 437 2900 οίέξεργάσθη“
419 2778 486 2847 υπό
502 2805 547 2871 τω
533 2779 709 2871 ΗΠηλίρι
692 2808 714 2906 η
728 2778 852 2869 Ἄργον,
867 2785 1084 2870 έσθέμενον’
1067 2811 1099 2864 ες
1112 2781 1164 2852 τό·
1210 2816 1212 2849 ι

172 2906 235 2966 την
261 2875 368 2962 άλλην
388 2901 424 2944 τε
445 2846 635 2965 ἑκατόμβην
656 2881 711 2946 και
735 2877 775 2965 δη
798 2881 855 2947 και
874 2885 1014 2967 τρίποδα
1035 2882 1164 2970 χάλκεον

172 2976 655 3067 περιπλώεινΠελοπόυνησον,
667 2977 1164 3067 βουλόμενονέςΔελφοῦςάπι·
1209 3038 1210 3055 .

172 3080 301 3148 κέοθαι.
335 3082 394 3144 καί
410 3101 470 3162 μιν
492 3072 536 3154 ὡς
557 3075 713 3144 πλάοντα
732 3081 893 3163 γενέσθαι
915 3074 999 3146 κατά
1022 3081 1161 3163 Μαλέην,
1209 3123 1211 3128 ·

172 3175 356 3264 ὑπολαβεῖν
370 3173 497 3263 ἄνεμον
517 3178 641 3262 βορέην
661 3180 716 3244 καὶ
732 3175 916 3263 ἀποφέρειν
932 3175 1017 3264 πρὸς
1037 3177 1100 3266 την
1111 3185 1162 3247 Λι-

172 3273 277 3359 βύην·
299 3274 427 3388 πρὶνδὲ
441 3275 636 3341 κατιδέσθαι
650 3301 715 3359 γην
725 3277 762 3342 έν
772 3289 858 3343 τοῖσι
869 3277 1010 3363 βραχεσι
1016 3281 1159 3363 γενεσθαι
1208 3328 1209 3345 .

172 3374 290 3452 λίμνης
306 3375 364 3454 τῆς
381 3374 592 3453 Τριτωνίδος.
616 3378 675 3439 καί
687 3377 721 3440 οί
732 3370 911 3460 ἀπορέοντι
926 3402 989 3462 την
1005 3372 1210 3469 ἐξαγωγην,
1208 3388 1209 3413 7

173 3463 274 3548 λόγος
289 3464 356 3531 ἐστὶ
370 3473 519 3551 φανῆναι
538 3475 706 3555 Τρίτωνα,
727 3472 811 3538 καὶ
802 3475 953 3541 κελεύειν
965 3472 1029 3542 τόν
1047 3476 1158 3560 Ἰήσονι

1207 3578 1208 3629 λ
