2500 3925
333 190 421 249 ΗΒ.
452 191 524 249 Vssl.
557 190 656 249 GAP.
689 196 832 255 §es-9&
1021 190 1083 257 26³

86 429 89 433 A
154 349 213 431 Ὡς
229 355 266 419 δὲ
280 347 301 439 ἡ
317 356 482 437 ναυμαχίη
498 353 684 436 διελέλυτο,
702 350 957 438 κατειρύσαντες
971 356 1005 433 ές
1018 351 1081 442 τὴν
1097 374 1132 429 95

65 458 253 536 Σαλαμῖνα
263 454 298 517 σί
303 447 459 535 Ἕλληνες
470 454 537 516 τῶν
548 453 723 533 ναυηγίων
733 444 796 514 ὅσα
807 448 912 538 ταύτη
923 450 1082 538 ἐτύγχανε

66 553 124 616 ἔτι
140 546 254 632 ἐόντα,
272 548 396 632 ἑτοῖμοι
410 540 497 633 ἦσαν
514 547 546 624 ἐς
562 543 667 631 ἀλλην
680 552 884 634 ναυμαχίην,
899 549 1083 629 ἐλπίζοντες

65 655 150 735 τῇσι
167 646 382 734 περιεούσῃσι
401 647 502 732 νηυσί
518 650 566 712 ἔτι
585 644 770 731 χρήσεσθαι
784 651 930 733 βασιλέα.
957 653 1025 715 τῶν
1046 649 1083 716 δὲ

64 750 248 832 ναυηγίων
268 742 375 813 πολλά
397 743 579 831 ύπολαβάν
599 742 722 830 ἀνεμος
743 748 883 832 ζέφυρος
904 752 1004 836 ἔφερε
1023 755 1081 835 τῆς

61 839 219 928 Ἀττικῆς
234 844 287 910 ἐπὶ
301 840 364 930 τὴν
380 840 478 931 ἠιόνα
493 846 555 929 την
575 845 781 929 καλεομένην
798 845 974 930 Κωλιάδα,
997 843 1081 914 ὥστε

68 940 335 1025 ἀποπεπλῆσθαι
347 936 563 1027 τὸνχρησμὸν
575 939 635 1009 τόν
643 969 679 1010 τε
693 940 797 1011 ἀλλον
806 941 915 1011 πάντα
928 942 989 1011 τάν
1004 946 1080 1032 περὶ

66 1046 131 1126 τῆς
148 1045 332 1125 ναυμαχίης
352 1040 474 1126 ταύτης
490 1044 666 1126 εἰρημένον
685 1041 806 1107 Βάκιδι
826 1044 882 1110 καὶ
902 1049 1078 1134 Μουσαίῳ,

64 1139 129 1205 καὶ
143 1134 184 1224 δὴ
199 1135 351 1205 καὶκατὰ
366 1135 406 1204 τά
418 1137 613 1225 ναυηγιατά
623 1137 728 1226 ταύτη
740 1141 967 1225 ἐξενειχθέντα
978 1137 1014 1207 τὸ
1031 1144 1080 1207 εί-

64 1236 220 1322 ρημένον
233 1241 385 1302 πολλοῖσι
396 1239 482 1302 ἔτεσι
494 1234 661 1322 πρότερον
673 1235 803 1302 τὀύτων
813 1238 851 1303 έν
859 1243 996 1327 χρησμῷ
1006 1245 1079 1303 Λυ-

65 1333 237 1425 σιστράτῳ
248 1330 415 1424 Ἀθηναίῳ
427 1331 525 1421 ἀνδρὶ
534 1331 763 1423 χρησμολόγῳ,
773 1330 811 1400 τό
824 1332 979 1420 ἐλελήθεε
990 1333 1079 1401 πάν-

68 1461 131 1515 τας
146 1431 403 1520 τοάςἝλληνας,
607 1442 611 1447 ’

115 1531 287 1611 Κωλιάδες
301 1534 338 1599 δὲ
351 1543 508 1617 γυναῖκες
525 1533 689 1619 ἐρετμοῖσι
706 1532 889 1619 φρύξουσι·

70 1640 172 1700 τοῦτο
188 1635 224 1700 δὲ
237 1638 353 1719 ἔμελλε
367 1629 595 1711 ἀπελάσαντος
608 1634 761 1721 βασιλέος
776 1637 922 1700 ἔσεσθαι.

157 1734 334 1808 mmlx
348 1731 385 1798 δὲ
406 1728 451 1809 ὡς
471 1735 577 1816 ἔμαθε
590 1728 628 1797 τὰ
645 1729 785 1817 γεγονὸς
804 1730 931 1816 πάθος,
952 1732 1072 1818 δείσας,
1090 1755 1124 1813 97

14 1859 15 1864 ’
71 1829 117 1915 μή
132 1856 182 1908 τις
195 1835 262 1897 τῶν
279 1826 402 1897 Ἰάνων
415 1826 584 1915 ὑπόθηται
598 1842 683 1897 τοῖσι
694 1827 829 1917 Ἕλλησι
849 1824 872 1917 ἢ
887 1826 983 1897 αὐτοὶ
996 1828 1077 1916 νοη’-

72 1948 156 1996 σωσι
171 1928 297 1998 πλείειν
312 1932 345 2008 ἐς
358 1926 419 1998 τὸν
426 1927 673 2017 Ἑλλήσποντον
682 1929 841 2010 λύσοντες
854 1926 912 2010 τάς
926 1929 1077 2018 γεφύρας
1105 1950 1111 1964 ’

71 2029 128 2095 καὶ
141 2024 375 2114 ἀπολαμφθεὶς
389 2032 427 2096 έν
439 2036 480 2117 τῇ
494 2026 645 2118 Εύράπη
659 2026 845 2098 ἀπολέσθαι
860 2027 1075 2117 κινδυνεύσῃ,

74 2124 224 2217 δρησμὸν
243 2124 418 2214 ἐβούλευε·
445 2129 574 2196 ἐθέλων
594 2127 632 2195 δὲ
653 2125 697 2215 μὴ
719 2131 872 2215 ἐπίδηλος
894 2125 978 2195 εἶναι
995 2125 1076 2214 μήτε

71 2241 157 2295 τοῖσι
166 2222 301 2312 Ἕλλησι
322 2223 403 2312 μήτε
416 2239 501 2293 τοῖσι
516 2230 644 2295 ἑωυτοῦ
660 2229 692 2306 ἐς
712 2225 774 2314 τὴν
787 2235 964 2314 Σαλαμῖνα
982 2232 1075 2312 χῶμα

73 2328 224 2407 ἐπειρᾶτο
240 2327 394 2410 διαχοῦν,
409 2325 557 2409 γαυλούς
569 2352 605 2393 τε
619 2331 836 2413 Φοινικηίους
850 2326 1003 2411 συνέδεε,
1018 2325 1075 2389 ἵνα

73 2421 149 2490 ἀντί
159 2447 194 2489 τε
209 2426 338 2508 σχεδίης
355 2429 432 2491 ἔωσι
445 2425 502 2492 καὶ
515 2431 655 2511 τείχεος,
681 2421 815 2513 ἀρτέετό
830 2450 866 2491 τε
881 2427 914 2502 ἐς
927 2421 1075 2506 πόλεμον

74 2517 118 2598 ὥς
131 2525 319 2605 ναυμαχίην
330 2518 435 2606 ἀλλην
448 2521 679 2607 ποιησόμενος.
701 2518 854 2607 ὁρέοντες
868 2525 907 2588 δέ
919 2546 977 2606 μιν
987 2518 1075 2586 πάν-

75 2644 125 2697 τες
139 2621 174 2685 οἱ
185 2614 280 2685 ἄλλοι
293 2624 398 2685 ταῦτα
411 2616 604 2706 πρήσσοντα
619 2609 660 2685 εύ
671 2614 859 2706 ἠπιστέατο,
876 2615 920 2697 ὡς
934 2621 971 2685 ἐκ
987 2641 1075 2684 παν-

74 2714 222 2796 τόςνόου
232 2718 498 2804 παρεσκεύασται
509 2719 622 2806 μένων
633 2718 850 2807 πολεμήσειν·
873 2717 1073 2804 Μαρδόνιον

74 2812 105 2882 δ’
125 2811 224 2883 οὐδὲν
244 2816 374 2883 τούτων
391 2816 558 2887 ἐλάνθανε
580 2813 624 2896 ὡς
639 2816 780 2903 μάλιστα
801 2822 959 2906 ἔμπειρον
976 2816 1073 2884 έόντα

74 2919 128 2998 τῆς
145 2914 275 2982 ἐκείνου
292 2918 450 3002 διανοίης.
478 2916 583 2984 ταῦτά
603 2942 639 2983 τε
654 2915 722 3002 ἅμα
736 2917 859 3005 Ξέρξης
873 2920 997 3003 ἐποίεε,
1018 2916 1074 2984 καὶ

75 3016 195 3097 ἔπεμπε
209 3012 243 3090 ές
255 3015 387 3099 Πέρσας
401 3012 601 3100 ἀγγελέοντα
622 3011 684 3100 τὴν
698 3013 892 3102 παρεοῦσάν
911 3033 971 3099 σφι
987 3032 1074 3098 συμ-

76 3109 192 3195 φορήν.
217 3110 354 3178 Τούτων
365 3112 401 3180 δὲ
411 3120 479 3180 τῶν
493 3109 645 3199 ἀγγέλων
660 3118 729 3188 ἔστι
743 3110 845 3181 οὐδὲν
860 3110 880 3180 ὅ
893 3139 924 3180 τι
939 3119 1071 3180 θᾶσσον
1087 3126 1122 3182 98

77 3211 288 3293 παραγίνεται
298 3207 430 3295 θνητὸν
444 3211 517 3279 ἐόν·
540 3207 630 3278 οὕτω
643 3225 728 3280 τοίσι
739 3212 887 3300 Πέρσησι
902 3210 1073 3297 ἐξεύρηται

76 3311 179 3374 τοῦτο.
200 3306 335 3391 λέγουσι
348 3306 424 3397 γάρ,
441 3306 485 3388 ὡς
496 3306 587 3377 ὅσων
598 3304 644 3377 ἀν
653 3301 837 3398 ἡμερέωνῇ
851 3305 871 3395 ἡ
883 3313 973 3376 πάσα
984 3303 1072 3390 ὁδὸς,

77 3409 223 3471 τοσοῦτοι
237 3406 333 3472 ἵπποι
347 3431 382 3472 τε
397 3409 451 3475 καὶ
465 3406 585 3490 ἀνδρες
599 3410 764 3492 διεστᾶσι,
786 3403 869 3474 κατὰ
892 3405 1073 3493 ἡμερησίην
