2500 3925
235 320 242 334 ,
366 266 450 322 ΗΒ
481 269 514 324 ΙΙ.
547 268 647 325 cAP
679 273 764 330 67-
777 276 819 332 λλ
1033 269 1091 336 156

110 426 258 510 δαγμένον
285 423 371 495 εἶναι
397 426 594 515 χειροήθεα,
626 426 800 517 ἀρτήματά
818 458 853 500 τε
874 440 990 504 λίθινα
1010 432 1094 522 χυτοὶ

108 523 153 590 καλ
169 521 291 608 χρῦσεα
311 521 395 603 ές
358 551 399 592 τα
421 518 488 593 ιάτα
508 528 664 607 ἐνθέντες
681 531 736 596 καλ
750 527 913 616 ἀμφιδέας
926 535 1002 619 περὶ
1015 529 1095 612 τοῦς

105 627 276 702 προσθίους
285 622 403 710 πόδας,
418 627 474 694 καλ
487 633 575 694 σιτία
585 623 755 696 ἀποτακτὰ
767 629 916 710 διδόντες
926 635 981 700 καὶ
991 633 1092 721 ίρήια,

104 721 150 787 καλ
162 720 410 805 περιίποντες’
387 747 432 801 ως
446 725 605 793 κάλλιστα
619 725 779 806 ζώοντας·
805 725 1042 811 ἀποθανόντας
1057 733 1093 800 66

104 817 321 903 ταριχεύοντες
334 819 505 890 θάπτουσι
515 826 553 890 ἐν
566 828 656 913 ίρῇσι
666 823 801 914 θήκῃσι.
824 830 858 895 οί
867 829 904 897 δὲ
914 831 990 916 περὶ
1005 827 1089 898 Ἐλε·

103 923 255 1006 φαντίνην
278 919 381 989 πόλιν
405 925 569 1002 οἰκέοντες
595 925 651 990 καὶ
677 925 829 992 ἐσθίουσι
854 922 994 1011 αὐτοῦς,
1029 924 1093 996 οῦκ

101 1014 266 1139 ἡγεόμενοι
290 1017 387 1102 ίροῦς
413 1017 505 1087 εἶναι.
542 1023 716 1089 καλέονται
743 1022 779 1090 δὲ
807 1019 849 1090 οδ
872 1024 1092 1111 κροκόδειλοι,

100 1113 174 1184 ἀλλά
186 1117 323 1203 χάμψαι.
351 1122 585 1202 κροκοδείλους
599 1117 664 1186 66”
658 1129 760 1199 Ιωυες
775 1118 986 1212 οάνόμασαν,
1002 1124 1091 1193 είκά-

100 1221 198 1296 ζοντες
223 1213 338 1283 αὐτῶν
362 1211 403 1282 τά
430 1220 519 1284 είδεα
542 1230 628 1284 τοῖσι
653 1215 742 1304 παρά
767 1225 862 1304 σφίσι
888 1223 1092 1308 γινομένοισι

99 1317 351 1400 κοροκοδείλοισι
364 1326 449 1381 τοίσι
461 1317 499 1382 ἐν
508 1321 582 1403 τῇσι
593 1319 773 1406 αἱμασιῇσι.
796 1315 916 1406 ’Ἄγραι
927 1321 968 1388 δέ
974 1341 1089 1406 σφεων
1106 1333 1141 1388 70

97 1416 206 1482 πολλαὶ
220 1416 413 1482 κατεστέασι
428 1419 483 1482 και
503 1430 674 1484 παντοῖαι·
702 1442 724 1503 η
718 1409 820 1483 δ
792 1445 841 1486 ων
858 1425 969 1506 ἔμοιγε
985 1421 1092 1488 δοκέει

97 1508 251 1600 ἀξιωτάτη
273 1511 457 1600 ἀπηγήσιος
482 1512 583 1600 εἶναι,
606 1515 732 1601 ταύτην
749 1516 877 1604 γράφω.
909 1513 1010 1584 ἐπεάυ
1024 1522 1093 1583 νῦ-

97 1636 148 1677 τον
166 1610 228 1691 ῦδς
245 1614 387 1701 δελεάση
407 1615 482 1698 περὶ
503 1612 700 1700 ἄγκιστρον,
722 1621 824 1700 μετίει
849 1618 882 1694 ἐς
906 1617 1009 1702 μέσον
1033 1612 1093 1684 τδυ

97 1709 255 1799 ποταμόν,
278 1708 381 1790 αῦτδς
395 1712 431 1779 δὲ
457 1714 509 1780 ἐπὶ
529 1718 590 1779 τοῦ
606 1718 729 1798 χείλεος
752 1718 813 1780 τοῦ
837 1719 988 1798 ποταμοῦ
1008 1717 1093 1798 ἔχων

97 1812 237 1896 δέλφακα
252 1809 339 1899 ζωήν
353 1811 479 1897 ταύτην
494 1811 619 1878 τύπτει
649 1809 836 1888 ἐπακούσας
856 1811 892 1876 δὲ
906 1816 963 1896 τῆς
978 1814 1093 1894 φωνῆς

96 1909 111 1977 6
133 1907 345 1998 κροκόδειλος
370 1913 454 1979 ἵεται
476 1907 559 1979 κατὰ
580 1907 643 1997 τήν
663 1907 799 1997 φωνήν,
822 1903 969 1994 έντνχοδν
990 1908 1026 1973 δέ
1047 1913 1091 1997 τῷ

97 2012 180 2103 νότον
205 2016 398 2079 καταπίνει·
431 2036 462 2077 οι
454 2010 522 2077 '66
546 2010 689 2077 ελκουσι.
724 2004 887 2075 έπεάυδδ
909 2008 1092 2093 ἐξελκυσθῇ

96 2113 123 2189 ἐς
143 2117 224 2199 γῆν,
257 2117 391 2195 πρῶτον
418 2108 578 2177 ἀπόντων
599 2106 617 2177 6
638 2106 806 2195 θηρευτής
829 2111 923 2224 πηλοῦ
948 2100 1020 2171 κατ’
1044 2095 1092 2173 όν

96 2213 206 2276 ἔπλασε
218 2204 327 2275 αῦτοῦ
337 2204 416 2285 τοῦς
427 2203 644 2292 ὀφθαλμούς·
666 2212 764 2273 τοῦτο
781 2202 816 2271 δὲ
831 2201 971 2290 ποιήσας
987 2200 1091 2287 κάρτα

94 2301 249 2383 εὐπετέως
272 2298 313 2371 ’τά
342 2301 443 2372 λοιπά
474 2310 661 2391 χειροῦται,
695 2299 740 2390 μή
769 2302 908 2390 ποιήσας
933 2302 969 2371 66
992 2308 1091 2370 τοῦτο

94 2401 151 2469 σῦν
171 2405 279 2494 πόνῳ.

170 2506 216 2569 Οί
237 2504 273 2568 66
296 2504 393 2568 ἵπποι
418 2504 453 2569 οί
469 2500 625 2587 ποτάμιοι
646 2505 737 2590 νομῷ
751 2500 813 2584 μὲν
830 2505 877 2590 τῷ
890 2505 1089 2588 Παπρημίτῃ
1104 2508 1133 2564 71

94 2602 155 2681 ίροί
168 2604 251 2683 είσι,
273 2612 357 2666 τοῖσι
372 2596 408 2666 66
424 2596 552 2667 ἄλλοισι
566 2603 778 2683 Αἰγυπτίοισι
793 2592 856 2664 οῦκ
876 2600 950 2679 ίροί.
984 2597 1090 2683 φῦσιν

94 2696 124 2762 δὲ
137 2698 337 2783 παρέχονται
357 2700 446 2784 ίδέης
467 2697 616 2783 τοιήνδε·
638 2695 825 2780 τετράπουν
839 2696 922 2779 έστί,
944 2699 1088 2781 δίχηλον,

95 2789 302 2881 δτλαλβοδς,
323 2793 440 2882 σιμόν,
466 2792 590 2882 λοφιήν
610 2799 686 2881 ὄχον
706 2796 829 2879 ἵππου,
850 2790 1089 2879 χαυλιόδοντας

94 2905 229 2980 φαῖνον,
243 2889 351 2979 οῦρὴν
364 2896 471 2961 ἵππον
484 2895 539 2960 καὶ
551 2896 687 2978 φωνήν,
701 2892 847 2978 μέγαθος
863 2886 945 2958 όσου
958 2916 993 2956 τε
1007 2896 1089 2977 βοῦς

94 2986 282 3077 ὁμέγιστος.
315 2990 352 3057 τό
375 2993 480 3077 δέρμα
504 2988 536 3056 δ’
559 2988 665 3058 αὐτοῦ
686 2988 773 3057 οῦτοι
790 2988 832 3076 δή
852 3014 883 3056 τι
899 2986 996 3107 παχῦ
1021 2988 1089 3053 ἐστι

93 3092 171 3165 ἀστε
189 3093 279 3164 αῦον
296 3092 482 3180 γενομένου
500 3085 604 3171 ξυστὰ
623 3087 795 3155 ποιέεσθαι
814 3086 846 3167 ἐξ
865 3081 981 3150 αάτοῦ.

161 3204 322 3267 Γίνονται
339 3192 377 3262 66
395 3192 451 3260 καὶ
470 3188 622 3276 ἐνόδριες
642 3191 679 3256 έν
701 3192 749 3277 τῷ
768 3188 921 3276 ποταμῷ,
946 3180 1004 3263 τάς
1024 3178 1096 3268 ίράς
1110 3198 1143 3250 72

94 3292 221 3382 ἡγέαται
240 3294 338 3367 εἶναι.
363 3289 592 3382 νομίξουσιδὲ
577 3256 739 3359 ὲκαὶτοῦίι
759 3287 888 3373 ἰχθύων
905 3280 1101 3353 τδνκαλεό-

94 3424 189 3483 μενον
206 3394 426 3469 λεπιδωτόν
412 3392 486 3482 ιρδν
504 3391 590 3463 εἶναι
608 3418 665 3457 και
654 3389 745 3475 τὴν
764 3392 914 3473 ἔγχελυν.
951 3383 1046 3472 ίροῦς
1065 3382 1102 3450 66
