2500 3925
277 318 287 327 ,
413 261 496 319 LlB.
528 261 574 317 IV.
608 258 707 317 cAP.
740 264 915 321 leo-184.
1100 252 1163 320 373

160 419 237 499 τοὺς
258 426 413 507 φοίνικας
434 419 615 504 φοιτέουσι.
657 414 737 485 'Aua
763 417 800 486 δδ
820 414 981 505 Αύγίλωυ
1004 415 1060 486 διά
1082 416 1164 486 δίκα
1181 425 1220 488 16

160 518 309 609 ἡμερίων
325 517 436 587 ἄλλων
450 516 533 586 ὁδοῦ
549 521 662 606 ἕτερος
677 516 758 597 ἁλός
773 516 923 597 κολωνός
933 522 989 587 καί
1001 516 1095 603 ὕδωρ
1106 520 1162 586 καί

160 625 308 702 φοίνικες
323 614 536 705 καρποφόροι
551 618 686 702 πολλοὶ,
704 615 852 704 κατάπερ
872 620 928 687 καί
942 620 979 687 ἐν
991 633 1078 687 τοῖσι
1092 620 1163 687 διί-

159 736 262 802 ροισι·
287 720 341 784 καὶ
362 715 540 803 ἅνθρωποι
561 716 709 783 οἰκέουσι
735 716 772 781 ἐν
795 713 903 806 αύτῷ,
925 730 1011 785 τοῖσι
1032 713 1162 802 οὕνομα

160 817 427 903 Γαράμαυτδς
449 817 533 899 ἐστι,
556 818 659 891 ἔθνος
679 814 763 898 μίγα
786 818 945 900 ἰσχυρῶς,
967 820 1003 881 οἳ
1022 815 1076 881 ἐπὶ
1100 810 1161 881 τόν

160 914 223 983 ἅλα
243 921 309 1001 γῆν
324 914 560 1001 ἐπιφορέοντες
577 909 667 979 οὕτω
687 918 871 998 σπείρουσι.
906 913 1162 1000 συντομώτατον

160 1013 191 1081 δ’
207 1017 273 1083 ἐστὶ
288 1018 320 1093 ἐς
335 1012 415 1093 τούς
425 1013 671 1097 Λωτοφάγους,
687 1013 723 1079 ἐκ
736 1018 805 1079 των
818 1013 997 1101 τριήκοντα
1010 1011 1163 1102 ἡμερέων

159 1116 191 1192 ές
206 1108 330 1191 αύτούς
345 1109 423 1191 ὁδός
439 1113 523 1195 ἐστι,
547 1114 584 1178 ἐν
605 1122 691 1178 τοῖσι
712 1113 768 1177 καὶ
791 1116 825 1179 οί
840 1108 1064 1200 ὀπισθονόμοι
1085 1112 1163 1201 βόες

159 1219 318 1299 γίνονται.
343 1208 567 1297 ὀπισθονόμοι
580 1208 616 1277 δὲ
628 1207 683 1277 διά
694 1209 772 1277 τόδε
788 1216 853 1279 είσί
859 1236 865 1250 ·
887 1209 927 1279 τά
939 1219 1038 1300 κέρεα
1050 1219 1162 1299 ἔχουσι

157 1310 328 1398 κεκυφότα
343 1313 376 1389 ἐς
389 1308 426 1383 τό
444 1316 623 1398 ἔμπροσθε.
648 1307 704 1377 διά
718 1317 818 1378 τοῦτο
829 1308 936 1381 ὀπίσω
950 1310 1168 1402 ἀναχωρέου-ι

27 1470 28 1483 ,
157 1438 210 1491 τες
225 1416 399 1497 νέμονται·
422 1416 455 1490 ἐς
470 1409 535 1497 γὰρ
549 1408 587 1478 τό
604 1416 776 1497 ἔμπροσθε
790 1409 854 1478 ούκ
869 1409 938 1482 οἷοί
950 1416 989 1481 τί
998 1420 1061 1483 είσι
1076 1439 1162 1501 προ-

158 1512 394 1598 εμβαλλόντωυ
417 1514 450 1589 ἐς
472 1507 535 1596 τὴν
558 1517 622 1595 γῆν
643 1516 713 1577 τῶν
733 1514 868 1596 κερέων.
903 1507 985 1580 ἄλλο
1002 1513 1039 1579 δὲ
1061 1508 1162 1578 οὐδὲν

26 1678 27 1687 ,
158 1614 356 1698 διαφέρουσι
373 1618 441 1678 τῶν
452 1609 564 1678 άλλων
574 1617 684 1697 βοῶν,
700 1607 752 1677 ὅτι
766 1607 810 1696 μὴ
825 1618 924 1679 τοῦτο
941 1615 996 1679 καὶ
1007 1609 1044 1679 τό
1057 1614 1162 1700 δέρμα

26 1766 27 1769 ¹
158 1712 191 1788 ἐς
201 1710 373 1797 παχύτητά
387 1736 423 1778 τε
433 1713 489 1779 καί
499 1724 621 1797 τρῖψιν.
645 1715 680 1778 οἱ
690 1709 907 1796 Γαράμαντες
922 1711 958 1779 δὲ
974 1703 1068 1781 ούτοι
1082 1709 1162 1791 τούς

157 1810 390 1897 τρωγλοδύτας
416 1817 585 1891 Among
609 1810 799 1899 θηρεύουσι
825 1827 910 1880 τοῖσι
935 1821 1159 1902 τεθρίπποισι.

157 1914 192 1980 οί
210 1907 275 1998 γάρ
298 1910 528 1998 τρωγλοδύται
545 1918 710 1990 Αδδίοπες
730 1911 836 1990 πόδας
852 1912 999 2000 τάχιστοι
1022 1913 1161 2003 ἀνθρύ-

156 2037 232 2082 τιων
247 2011 385 2080 πάντων
406 2017 484 2098 είσὶ,
506 2021 575 2081 τῶν
591 2011 686 2101 ἡμεῖς
707 2017 784 2101 πέρι
803 2013 926 2101 λόγους
948 2013 1162 2107 ἀποφερομέ-

157 2139 239 2192 νους
256 2110 435 2200 άκούομεν.
465 2117 631 2183 σιτέονται
649 2115 685 2183 δὲ
707 2119 741 2182 οί
755 2113 984 2200 τρωγλοδύται
1006 2115 1084 2203 ὄφις
1105 2120 1161 2186 καὶ

158 2216 285 2300 σαύρας
300 2217 355 2283 καὶ
369 2212 409 2282 τά
425 2224 562 2283 τοιαῦτα
577 2224 646 2284 τῶν
657 2219 819 2300 ἑρπετῶν·
840 2222 998 2301 γλῶσσαν
1011 2219 1048 2286 δὲ
1062 2215 1159 2287 ούδε-

157 2323 216 2404 μιῇ
239 2313 323 2403 άλλη
343 2323 533 2404 παρομοίην
554 2323 768 2402 νενομίκασι,
788 2312 872 2383 άλλά
889 2323 1056 2404 τετρίγασι
1065 2314 1166 2383 κατά-

138 2478 140 2482 .
158 2440 220 2498 περ
233 2418 269 2480 αί
278 2418 477 2497 νυκτερίδες.
513 2412 592 2483 'And
605 2418 643 2482 δὲ
653 2414 886 2501 Γαραμάντων
896 2411 942 2482 δι’
959 2412 1072 2484 ἄλλων
1083 2421 1163 2484 δέκα
1180 2422 1229 2477 184

156 2509 308 2600 ἡμερίων
324 2509 408 2580 ὀδοῦ
424 2511 523 2591 άλλος
538 2511 619 2591 ἆλύς
629 2538 665 2580 τε
675 2509 824 2591 κολωνός
838 2516 893 2581 καὶ
903 2511 1014 2599 ὕδωρ,
1029 2517 1086 2582 καί
1098 2511 1162 2580 άν-

156 2621 293 2693 θρωποι
307 2612 383 2696 περὶ
400 2606 506 2678 αὐτόν
528 2613 694 2696 οἰκέουσι,
717 2624 803 2678 τοῖσι
819 2609 950 2697 οὔνομά
968 2612 1036 2680 ἐστι
1047 2609 1162 2678 Ἀτά-

156 2735 321 2796 ραντες,
345 2716 380 2777 οἳ
392 2706 570 2796 άυάνυμοί
578 2715 641 2778 είσι
652 2715 773 2796 μοῦνοι
784 2707 979 2799 ἀνθρώπων
990 2717 1058 2778 τάν
1067 2707 1162 2797 ἡμεῖς

157 2815 270 2893 ίδμεν·
293 2804 386 2876 ἆλίσι
402 2808 464 2894 μὲν
478 2806 544 2896 γάρ
566 2813 631 2894 σφί
642 2809 711 2875 ἐστι
727 2806 922 2895 Ἀτάραντες
937 2809 1084 2896 οὕνομα,
1112 2811 1161 2876 ἑνί

157 2911 193 2978 δὲ
210 2906 336 2996 ἑκάστω
357 2904 471 2974 αὐτῶν
491 2905 621 2992 ούνομα
639 2904 742 2974 οὐδὲν
760 2914 879 2976 κεέται.
908 2900 1003 2977 οὗτοι
1016 2914 1063 2998 τῷ
1078 2903 1161 2996 ἡλίφ

156 3006 402 3094 ὑπερβάλλοντι
417 3009 635 3094 καταρίονται
651 3007 707 3073 καὶ
727 3004 811 3093 πρός
830 3007 979 3075 τούτοισι
994 3005 1104 3072 πάντα
1119 3000 1159 3070 τά

155 3102 273 3192 αἰσχρά
288 3107 534 3190 λοιδορέονται,
549 3102 601 3172 ὅτι
611 3105 717 3190 σφέας
730 3110 837 3173 καίων
847 3108 1022 3192 ἐπιτρίβει,
1037 3099 1161 3180 αύτούς

155 3230 190 3271 τε
204 3200 284 3280 τούς
298 3199 504 3286 ἀνθρώπους
518 3206 573 3270 καὶ
594 3199 657 3288 τὴυ
676 3202 790 3290 χώρην
810 3199 931 3270 αύτων.
956 3199 1038 3288 μετὰ
1059 3201 1096 3269 δὲ
1113 3197 1158 3267 δι’

156 3301 268 3370 ἄλλων
279 3303 359 3369 δέκα
370 3300 523 3389 ἡμερίων
534 3299 618 3370 ὁδοῦ
630 3299 730 3379 άλλος
739 3298 888 3379 κολωνὸς
898 3297 979 3378 άλός
990 3302 1044 3368 καὶ
1055 3297 1160 3384 ὕδωρ,

156 3400 210 3467 καὶ
227 3397 406 3488 ἅνθρωποι
426 3402 502 3485 περὶ
519 3396 624 3466 αὐτὸν
646 3401 802 3467 οίκίουσι.
826 3404 932 3484 ἔχεται
947 3399 983 3466 δὲ
1002 3403 1064 3464 τοῦ
1080 3393 1162 3474 άλός

155 3497 279 3564 τούτου
296 3490 416 3583 ούρος,
437 3504 484 3588 τῷ
504 3495 636 3583 οὔνομά
657 3495 860 3573 ἐστιἈτλας.
889 3495 1010 3562 ἔστιδὲ
1026 3491 1160 3562 στεινόν
