2500 3925
186 235 249 301 ³20
558 238 813 298 HERODOTI

187 404 256 467 τῶν
270 403 389 487 ἱρηίων
403 398 622 487 ἐσβάλλοντες
636 395 677 464 τά
693 398 774 482 κρέα
788 397 899 466 πάντα
912 403 968 468 καί
983 406 1182 491 παραμιξαν-

188 523 242 577 τες
257 496 355 586 ὕδωρ,
361 496 564 568 ὑποκαίουσι
577 492 618 563 τά
633 492 742 564 ἀστέα.
765 492 806 564 τά
819 501 855 566 δέ
869 505 1002 567 αίδεται
1017 499 1179 578 κάλλιστα,

188 601 226 665 αί
245 600 281 665 δὲ
298 600 456 684 γαστέρες
469 598 634 683 χωρέουσι
656 592 819 674 εὐπετέως
844 592 886 663 τά
913 600 995 683 κρέα
1006 599 1183 685 ἐψιλωμένα

188 703 256 763 τῶν
281 693 422 765 ὀστέων·
458 696 515 763 καί
536 691 626 762 οὕτω
648 699 732 779 βοῦς
752 719 789 761 τε
810 690 939 762 ἑωυτὸν
955 696 1063 777 ἐξέψει
1082 698 1139 763 καί
1151 691 1183 763 τί

190 794 274 863 ἀλλα
289 793 381 883 ίρήια
402 790 506 863 ἑωυτὸ
523 794 674 861 ἕκαστον.
714 788 817 859 έπεάν
842 791 880 860 δὲ
905 794 1018 883 ἑψηθῇ
1038 790 1078 861 τά
1101 796 1184 880 κρέα,

189 891 333 971 ὁθύσας
357 898 425 960 τῶν
444 898 554 978 κρεῶν
568 894 624 959 καί
646 897 714 958 τῶν
739 892 941 981 σπλάγχνων
961 889 1185 982 ἀπαρξάμενος

189 995 297 1080 ῥίπτει
309 992 343 1068 ἐς
362 988 400 1057 τὸ
425 995 606 1076 ἔμπροσθε.
656 988 786 1057 θέουσι
813 990 850 1059 δέ
864 993 921 1060 καί
944 988 985 1059 τά
1003 988 1089 1062 ἀλλα
1110 992 1188 1079 πρό-

189 1098 273 1176 βατα
290 1093 346 1159 καί
365 1092 490 1168 ἵππους
504 1089 656 1175 μάλιστα.

134 1179 172 1236 5²
277 1196 370 1257 Τοῖσι
390 1190 453 1274 μὲν
470 1184 510 1275 δή
532 1184 662 1257 ἀλλοισι
683 1194 752 1254 τῶν
768 1193 863 1255 θεῶν
880 1186 969 1257 οὕτω
990 1187 1121 1260 θέουσι
1140 1193 1189 1257 καί

189 1293 293 1355 ταῦτα
318 1293 386 1355 τῶν
411 1290 577 1373 κτηνέων,
606 1291 652 1376 τῷ
678 1282 816 1372 most
839 1275 921 1353 ὦδε·
957 1283 1044 1355 κατά
1064 1286 1187 1376 νομοάς

189 1385 357 1454 ἑκάστοισι
390 1384 426 1450 ἐν
443 1387 490 1475 τῷ
509 1379 638 1476 ἀρχηίφ
668 1384 841 1477 ἐσίδρνταί
878 1402 940 1471 σφι
963 1384 1084 1473 ’Ἀρεος
1119 1383 1190 1474 ίρδν

190 1482 337 1555 τοιόνδε·
370 1484 559 1572 φρυγάνων
576 1481 718 1569 φάκελοι
738 1484 959 1552 συννενέαται
978 1482 1060 1553 ὅσον
1088 1483 1121 1554 τ’
1144 1489 1192 1555 έπὶ

189 1586 345 1661 σταδίους
374 1595 462 1669 τρεῖς
485 1589 589 1670 μήκος
621 1583 677 1649 καί
708 1572 825 1669 εὖρος,
860 1579 947 1665 ὕψος
974 1585 1011 1653 δέ
1040 1590 1191 1655 ἔλασσον.

189 1679 260 1749 ἀνω
293 1679 329 1747 δὲ
356 1678 479 1750 τούτου
510 1680 723 1768 τετράγωνον
753 1678 880 1748 ἀπεδον
910 1688 1104 1772 πεποίηται,
1142 1687 1194 1753 καί

188 1778 314 1866 τὰμὲν
340 1785 416 1866 τριά
441 1785 510 1847 τῶν
534 1777 654 1847 κάλων
679 1779 747 1846 ἐστὶ
775 1775 943 1867 ἀπότομα,
978 1780 1064 1851 κατὰ
1095 1785 1135 1853 δὲ
1159 1781 1193 1851 τὸ

188 1881 226 1945 ἑν
251 1878 418 1966 ἐπιβατόν.
470 1883 559 1957 έτεος
594 1880 631 1946 δὲ
659 1876 801 1973 ἑκάστην
829 1875 956 1965 ἀμάξας
986 1880 1195 1972 πεντήκοντα

189 1980 244 2047 καί
269 1975 388 2047 ἑκατὸν
408 1981 579 2048 ἐπινέουσι
608 1977 812 2067 φρυγάνων·
846 1976 1044 2050 ὑπονοστέει
1070 1980 1139 2070 γάρ
1158 1979 1197 2069 δή

189 2081 253 2145 αίεί
281 2073 347 2144 ὑπὸ
374 2083 443 2145 τῶν
468 2077 652 2165 χειμώνων.
709 2078 762 2146 έπί
788 2077 910 2146 τούτου
937 2077 978 2166 δή
1005 2087 1071 2148 τοῦ
1092 2082 1196 2169 ὄγκον

190 2175 351 2262 ἀκινάκης
368 2174 521 2264 σιδήρεος
534 2181 670 2265 ἵδρυται
686 2173 821 2265 ἀρχαῖος
836 2177 1014 2266 ἑκάστοισι,
1031 2183 1090 2249 καί
1103 2187 1197 2249 τοῦτ’

190 2278 258 2343 έστί
274 2280 334 2343 τοῦ
348 2274 466 2362 ’Ἄρεος
481 2273 518 2343 τδ
531 2274 672 2364 ἀγαλμα.
715 2276 823 2360 τούτῳ
839 2275 875 2344 δὲ
895 2283 941 2368 τῷ
953 2274 1103 2367 ἀκινάκῃ
1129 2289 1199 2347 θυ-

189 2380 262 2454 σίας
284 2376 436 2453 έπετέους
464 2376 675 2463 προσάγουσι
696 2375 876 2464 προβάτων
897 2379 953 2444 καὶ
974 2380 1110 2465 ἵππων,
1146 2381 1204 2446 καὶ

190 2471 230 2560 δή
252 2473 435 2542 καίτοισίδ
464 2480 511 2542 ἔτι
532 2477 621 2543 πλέω
637 2474 767 2542 θύουσι
785 2469 808 2560 ή
823 2488 908 2543 τοῖσι
924 2473 1056 2544 ἀλλοισι
1073 2487 1202 2546 θεοῖσι.

190 2573 292 2652 ὅσους
319 2569 363 2640 ἀν
384 2579 452 2641 τῶν
473 2581 642 2661 πολεμίων
659 2573 868 2662 ζωγρήσωσι,
898 2571 964 2642 ἀπὸ
990 2583 1059 2643 τῶν
1077 2575 1208 2645 ἑκατὸν

189 2670 325 2757 ἀνδρῶν
351 2671 459 2762 ἀνδρα
480 2675 539 2742 ἕνα
562 2674 690 2742 θύουσι
710 2673 824 2765 τρόπῳ
845 2670 887 2741 οὐ
907 2681 954 2766 τῷ
974 2673 1066 2768 αὐτῷ
1086 2682 1150 2746 καί
1166 2678 1203 2745 τά

189 2772 358 2861 πρόβατα,
381 2771 455 2842 ἀλλ’
473 2777 622 2866 ἑτεροίῳ·
668 2773 771 2843 έπεάν
784 2771 850 2860 γάρ
866 2770 962 2842 οίνον
977 2776 1209 2846 ἐπισπείσωσι

190 2870 273 2943 κατά
295 2881 363 2942 τῶν
381 2877 572 2961 κεφαλέων,
594 2872 827 2961 ἀποσφάζουσι
843 2871 922 2953 τούς
936 2872 1159 2962 ἀνθρώπους
1177 2879 1211 2954 ἐς

101 3016 104 3022 ·
188 2971 291 3060 ἀγγος
306 2976 361 3041 καί
379 2977 508 3041 ἔπειτεν
524 2970 756 3053 ἀνενείκαντες
771 2971 843 3041 ἀνω
860 2975 914 3040 ἐπὶ
929 2969 991 3040 τδν
1007 2972 1119 3059 ὄγκον
1137 2984 1217 3044 τῶν

188 3072 375 3161 φρυγάνων
387 3078 582 3159 καταχέουσι
596 3070 633 3140 τό
651 3068 731 3160 αἷμα
743 3078 807 3141 τοῦ
821 3068 1000 3144 ἀκινάκεω.
1045 3070 1124 3140 ἀνω
1144 3077 1217 3161 μὲν

188 3168 228 3256 δή
245 3171 406 3258 φορέουσι
417 3176 533 3255 τοῦτο,
549 3169 639 3239 κάτω
654 3172 690 3239 δὲ
701 3169 792 3259 παρά
803 3169 840 3239 τδ
856 3169 933 3259 ίρόν
947 3179 1082 3240 ποιεῦσι
1096 3175 1220 3243 τάδε·

187 3273 255 3332 τῶν
277 3263 540 3352 ἀποσφαγέντων
562 3266 698 3357 ἀνδρῶν
719 3267 799 3350 τοδς
817 3268 948 3352 δεξιοὺς
970 3267 1083 3358 άμονς
1108 3276 1221 3340 πάν-

187 3393 246 3445 τας
274 3364 521 3453 ἀποτάμνοντες
546 3367 611 3438 σδν
636 3379 711 3461 τῇσι
740 3373 833 3458 χερσί
858 3374 891 3452 ἐς
915 3369 976 3441 τδν
996 3369 1079 3459 ήέρα
1110 3377 1213 3444 ἱεῖσι

187 3465 243 3533 καί
275 3469 402 3533 ἔπειτεν
423 3470 478 3535 καί
500 3464 549 3556 τά,
568 3467 651 3540 ἀλλα
673 3469 873 3558 ἀπέρξαντες
903 3472 994 3560 ίρήια
1019 3469 1207 3546 ἀπαλλάσ
