<?xml version="1.0" encoding="UTF-8"?>
<!DOCTYPE html PUBLIC "-//W3C//DTD XHTML 1.0 Transitional//EN"
    "http://www.w3.org/TR/xhtml1/DTD/xhtml1-transitional.dtd">
<html xmlns="http://www.w3.org/1999/xhtml" xml:lang="en" lang="en">
 <head>
  <title>
</title>
<meta http-equiv="Content-Type" content="text/html;charset=utf-8" />
  <meta name='ocr-system' content='tesseract 3.04.00' />
  <meta name='ocr-capabilities' content='ocr_page ocr_carea ocr_par ocr_line ocrx_word'/>
</head>
<body>
  <div class='ocr_page' id='page_1' title='image "./herodotihistori00dietgoog_0090.png"; bbox 0 0 2500 3925; ppageno 0'>
   <div class='ocr_carea' id='block_1_1' title="bbox 111 274 826 342">
    <p class='ocr_par' dir='ltr' id='par_1_1' title="bbox 111 274 826 342">
     <span class='ocr_line' id='line_1_1' title="bbox 111 274 826 342; baseline 0 -3"><span class='ocrx_word' id='word_1_1' title='bbox 111 308 113 313; x_wconf 95' lang='lat'>·</span> <span class='ocrx_word' id='word_1_2' title='bbox 200 274 256 339; x_wconf 76' lang='lat'><strong><em>84&#39;</em></strong></span> <span class='ocrx_word' id='word_1_3' title='bbox 572 283 826 342; x_wconf 84' lang='lat' dir='ltr'>HERODOTI</span> 
     </span>
    </p>
   </div>
   <div class='ocr_carea' id='block_1_2' title="bbox 135 438 1236 3616">
    <p class='ocr_par' dir='ltr' id='par_1_2' title="bbox 135 438 1236 3616">
     <span class='ocr_line' id='line_1_2' title="bbox 198 438 1210 530; baseline 0 -21"><span class='ocrx_word' id='word_1_4' title='bbox 198 444 391 530; x_wconf 76' lang='grc' dir='ltr'><strong><em>μετέβαλον.</em></strong></span> <span class='ocrx_word' id='word_1_5' title='bbox 416 442 577 529; x_wconf 75' lang='grc' dir='ltr'><strong><em>Μαζάρης</em></strong></span> <span class='ocrx_word' id='word_1_6' title='bbox 599 442 636 511; x_wconf 79' lang='grc' dir='ltr'><strong><em>δέ</em></strong></span> <span class='ocrx_word' id='word_1_7' title='bbox 651 438 732 529; x_wconf 78' lang='grc' dir='ltr'><strong><em>μετὰ</em></strong></span> <span class='ocrx_word' id='word_1_8' title='bbox 748 446 847 510; x_wconf 84' lang='grc' dir='ltr'><strong><em>τοῦτο</em></strong></span> <span class='ocrx_word' id='word_1_9' title='bbox 863 446 990 529; x_wconf 74' lang='grc' dir='ltr'><strong><em>ἔπεμπε</em></strong></span> <span class='ocrx_word' id='word_1_10' title='bbox 1006 444 1041 523; x_wconf 89' lang='grc' dir='ltr'><strong><em>ἐς</em></strong></span> <span class='ocrx_word' id='word_1_11' title='bbox 1054 438 1118 530; x_wconf 80' lang='grc' dir='ltr'><strong><em>την</em></strong></span> <span class='ocrx_word' id='word_1_12' title='bbox 1131 440 1210 511; x_wconf 84' lang='grc' dir='ltr'><strong><em>Κύ-</em></strong></span> 
     </span>
     <span class='ocr_line' id='line_1_3' title="bbox 157 538 1208 667; baseline 0.001 -58"><span class='ocrx_word' id='word_1_13' title='bbox 157 580 167 591; x_wconf 52' lang='grc' dir='ltr'><strong><em>ν</em></strong></span> <span class='ocrx_word' id='word_1_14' title='bbox 198 567 266 629; x_wconf 93' lang='grc' dir='ltr'><strong><em>μην</em></strong></span> <span class='ocrx_word' id='word_1_15' title='bbox 281 538 459 631; x_wconf 89' lang='grc' dir='ltr'><strong><em>ἀγγέλους,</em></strong></span> <span class='ocrx_word' id='word_1_16' title='bbox 478 542 648 613; x_wconf 75' lang='grc' dir='ltr'><strong><em>ἐκδιδόναι</em></strong></span> <span class='ocrx_word' id='word_1_17' title='bbox 663 542 812 612; x_wconf 80' lang='grc' dir='ltr'><strong><em>κελεύων</em></strong></span> <span class='ocrx_word' id='word_1_18' title='bbox 827 541 999 667; x_wconf 85' lang='grc' dir='ltr'><strong><em>Πακτύην.</em></strong></span> <span class='ocrx_word' id='word_1_19' title='bbox 1033 546 1069 612; x_wconf 90' lang='grc' dir='ltr'><strong><em>οί</em></strong></span> <span class='ocrx_word' id='word_1_20' title='bbox 1081 542 1119 613; x_wconf 77' lang='grc' dir='ltr'><strong><em>δέ</em></strong></span> <span class='ocrx_word' id='word_1_21' title='bbox 1132 548 1208 612; x_wconf 82' lang='grc' dir='ltr'><strong><em>Κυ-</em></strong></span> 
     </span>
     <span class='ocr_line' id='line_1_4' title="bbox 197 639 1210 736; baseline 0.001 -27"><span class='ocrx_word' id='word_1_22' title='bbox 197 650 291 727; x_wconf 70' lang='grc' dir='ltr'><strong><em>μαῖοι</em></strong></span> <span class='ocrx_word' id='word_1_23' title='bbox 302 644 456 728; x_wconf 79' lang='grc' dir='ltr'><strong><em>ἔγνωσαν</em></strong></span> <span class='ocrx_word' id='word_1_24' title='bbox 476 649 671 730; x_wconf 81' lang='grc' dir='ltr'><strong><em>συμβουλῆς</em></strong></span> <span class='ocrx_word' id='word_1_25' title='bbox 691 644 769 731; x_wconf 90' lang='grc' dir='ltr'><strong><em>πέρι</em></strong></span> <span class='ocrx_word' id='word_1_26' title='bbox 788 644 822 722; x_wconf 89' lang='grc' dir='ltr'><strong><em>ἐς</em></strong></span> <span class='ocrx_word' id='word_1_27' title='bbox 841 640 929 712; x_wconf 77' lang='grc' dir='ltr'><strong><em>θεὸν</em></strong></span> <span class='ocrx_word' id='word_1_28' title='bbox 947 640 1078 736; x_wconf 68' lang='grc' dir='ltr'><strong><em>ἀνοῖσαι</em></strong></span> <span class='ocrx_word' id='word_1_29' title='bbox 1094 639 1210 714; x_wconf 81' lang='grc' dir='ltr'><strong><em>τόν</em></strong></span> <span class='ocrx_word' id='word_1_30' title='bbox 1170 646 1210 711; x_wconf 92' lang='grc' dir='ltr'><strong><em>ἐν</em></strong></span> 
     </span>
     <span class='ocr_line' id='line_1_5' title="bbox 196 731 1210 831; baseline 0.002 -22"><span class='ocrx_word' id='word_1_31' title='bbox 196 743 409 827; x_wconf 73' lang='grc' dir='ltr'><em>Βραγχίδῃσι.</em></span> <span class='ocrx_word' id='word_1_32' title='bbox 442 731 487 829; x_wconf 80' lang='grc' dir='ltr'><strong><em>ἦν</em></strong></span> <span class='ocrx_word' id='word_1_33' title='bbox 502 736 568 829; x_wconf 85' lang='grc' dir='ltr'><strong><em>γάρ</em></strong></span> <span class='ocrx_word' id='word_1_34' title='bbox 586 738 711 811; x_wconf 77' lang='grc' dir='ltr'><em>αὐτόθι</em></span> <span class='ocrx_word' id='word_1_35' title='bbox 724 743 888 831; x_wconf 82' lang='grc' dir='ltr'><strong><em>μαντήιον</em></strong></span> <span class='ocrx_word' id='word_1_36' title='bbox 898 745 936 812; x_wconf 86' lang='grc' dir='ltr'><strong><em>ἐκ</em></strong></span> <span class='ocrx_word' id='word_1_37' title='bbox 946 749 1093 812; x_wconf 84' lang='grc' dir='ltr'><strong><em>παλαιοῦ</em></strong></span> <span class='ocrx_word' id='word_1_38' title='bbox 1109 747 1210 831; x_wconf 84' lang='grc' dir='ltr'><strong><em>ίδρυ·</em></strong></span> 
     </span>
     <span class='ocr_line' id='line_1_6' title="bbox 196 836 1232 932; baseline 0.002 -25"><span class='ocrx_word' id='word_1_39' title='bbox 196 841 319 927; x_wconf 84' lang='grc' dir='ltr'><strong><em>μένον,</em></strong></span> <span class='ocrx_word' id='word_1_40' title='bbox 340 846 387 931; x_wconf 76' lang='grc' dir='ltr'><strong><em>τῷ</em></strong></span> <span class='ocrx_word' id='word_1_41' title='bbox 406 836 521 921; x_wconf 77' lang='grc' dir='ltr'><strong><em>Ἴωνές</em></strong></span> <span class='ocrx_word' id='word_1_42' title='bbox 537 867 572 909; x_wconf 88' lang='grc' dir='ltr'><strong><em>τε</em></strong></span> <span class='ocrx_word' id='word_1_43' title='bbox 592 840 715 922; x_wconf 76' lang='grc' dir='ltr'><strong><em>πάντες</em></strong></span> <span class='ocrx_word' id='word_1_44' title='bbox 731 868 787 911; x_wconf 90' lang='grc' dir='ltr'><strong><em>και</em></strong></span> <span class='ocrx_word' id='word_1_45' title='bbox 775 844 936 922; x_wconf 76' lang='grc' dir='ltr'><strong><em>Αἰολέες</em></strong></span> <span class='ocrx_word' id='word_1_46' title='bbox 958 842 1112 917; x_wconf 81' lang='grc' dir='ltr'><strong><em>ἐνέθεσαν</em></strong></span> <span class='ocrx_word' id='word_1_47' title='bbox 1123 848 1232 932; x_wconf 83' lang='grc' dir='ltr'><strong><em>χρᾶ-</em></strong></span> 
     </span>
     <span class='ocr_line' id='line_1_7' title="bbox 170 932 1211 1031; baseline 0.002 -24"><span class='ocrx_word' id='word_1_48' title='bbox 170 942 175 959; x_wconf 83' lang='grc'>’</span> <span class='ocrx_word' id='word_1_49' title='bbox 196 949 289 1008; x_wconf 90' lang='grc' dir='ltr'><strong><em>σθαι.</em></strong></span> <span class='ocrx_word' id='word_1_50' title='bbox 322 936 340 1007; x_wconf 88' lang='lat'><strong>6</strong></span> <span class='ocrx_word' id='word_1_51' title='bbox 364 937 400 1007; x_wconf 77' lang='grc' dir='ltr'><strong><em>δέ</em></strong></span> <span class='ocrx_word' id='word_1_52' title='bbox 421 965 529 1029; x_wconf 89' lang='grc' dir='ltr'><strong><em>χωρος</em></strong></span> <span class='ocrx_word' id='word_1_53' title='bbox 552 932 653 1021; x_wconf 79' lang='grc' dir='ltr'><strong><em>οὗτός</em></strong></span> <span class='ocrx_word' id='word_1_54' title='bbox 676 943 745 1010; x_wconf 92' lang='grc' dir='ltr'><strong><em>ἐστι</em></strong></span> <span class='ocrx_word' id='word_1_55' title='bbox 764 948 823 1028; x_wconf 77' lang='grc' dir='ltr'><strong><em>τῆς</em></strong></span> <span class='ocrx_word' id='word_1_56' title='bbox 839 947 1009 1029; x_wconf 81' lang='grc' dir='ltr'><strong><em>Μιλησίης</em></strong></span> <span class='ocrx_word' id='word_1_57' title='bbox 1031 942 1118 1031; x_wconf 80' lang='grc' dir='ltr'><strong><em>ὺπέρ</em></strong></span> <span class='ocrx_word' id='word_1_58' title='bbox 1132 949 1211 1011; x_wconf 86' lang='grc' dir='ltr'><strong><em>Πα-</em></strong></span> 
     </span>
     <span class='ocr_line' id='line_1_8' title="bbox 138 1035 1210 1131; baseline -0.002 -20"><span class='ocrx_word' id='word_1_59' title='bbox 138 1055 187 1111; x_wconf 75' lang='lat'><strong><em>158</em></strong></span> <span class='ocrx_word' id='word_1_60' title='bbox 196 1042 329 1129; x_wconf 88' lang='grc' dir='ltr'><strong><em>νόρμου</em></strong></span> <span class='ocrx_word' id='word_1_61' title='bbox 353 1046 496 1129; x_wconf 88' lang='grc' dir='ltr'><strong><em>λιμένος.</em></strong></span> <span class='ocrx_word' id='word_1_62' title='bbox 547 1045 745 1131; x_wconf 69' lang='grc' dir='ltr'><strong><em>Πέμδαντες</em></strong></span> <span class='ocrx_word' id='word_1_63' title='bbox 772 1035 822 1113; x_wconf 81' lang='grc' dir='ltr'><strong><em>τόν</em></strong></span> <span class='ocrx_word' id='word_1_64' title='bbox 846 1046 881 1112; x_wconf 88' lang='grc' dir='ltr'><strong><em>οί</em></strong></span> <span class='ocrx_word' id='word_1_65' title='bbox 901 1049 1049 1131; x_wconf 75' lang='grc' dir='ltr'><strong><em>Κυματοι</em></strong></span> <span class='ocrx_word' id='word_1_66' title='bbox 1073 1044 1107 1123; x_wconf 88' lang='grc' dir='ltr'><strong><em>ἐς</em></strong></span> <span class='ocrx_word' id='word_1_67' title='bbox 1128 1039 1210 1121; x_wconf 84' lang='grc' dir='ltr'><strong><em>τούς</em></strong></span> 
     </span>
     <span class='ocr_line' id='line_1_9' title="bbox 197 1138 1213 1231; baseline -0.004 -19"><span class='ocrx_word' id='word_1_68' title='bbox 197 1147 384 1230; x_wconf 71' lang='grc' dir='ltr'><strong><em>Βραγχίδας</em></strong></span> <span class='ocrx_word' id='word_1_69' title='bbox 404 1143 621 1230; x_wconf 69' lang='grc' dir='ltr'><strong><em>θεοπρόπους</em></strong></span> <span class='ocrx_word' id='word_1_70' title='bbox 643 1141 800 1229; x_wconf 80' lang='grc' dir='ltr'><strong><em>είροότεον</em></strong></span> <span class='ocrx_word' id='word_1_71' title='bbox 816 1144 894 1229; x_wconf 81' lang='grc' dir='ltr'><strong><em>περὶ</em></strong></span> <span class='ocrx_word' id='word_1_72' title='bbox 911 1141 1076 1231; x_wconf 77' lang='grc' dir='ltr'><strong><em>Πακτύην</em></strong></span> <span class='ocrx_word' id='word_1_73' title='bbox 1089 1138 1213 1209; x_wconf 75' lang='grc' dir='ltr'><strong><em>ὁκοϊόν</em></strong></span> 
     </span>
     <span class='ocr_line' id='line_1_10' title="bbox 197 1243 1213 1333; baseline -0.002 -21"><span class='ocrx_word' id='word_1_74' title='bbox 197 1271 229 1313; x_wconf 87' lang='grc' dir='ltr'><strong><em>τι</em></strong></span> <span class='ocrx_word' id='word_1_75' title='bbox 246 1243 417 1324; x_wconf 70' lang='grc' dir='ltr'><strong><em>ποιέοντες</em></strong></span> <span class='ocrx_word' id='word_1_76' title='bbox 433 1254 545 1315; x_wconf 84' lang='grc' dir='ltr'><strong><em>θεολσι</em></strong></span> <span class='ocrx_word' id='word_1_77' title='bbox 559 1246 714 1333; x_wconf 83' lang='grc' dir='ltr'><strong><em>μέλλοιεν</em></strong></span> <span class='ocrx_word' id='word_1_78' title='bbox 738 1244 943 1333; x_wconf 85' lang='grc' dir='ltr'><strong><em>χαριέεσθαι·</em></strong></span> <span class='ocrx_word' id='word_1_79' title='bbox 970 1245 1213 1332; x_wconf 88' lang='grc' dir='ltr'><strong><em>ἐπειρωτέουσι</em></strong></span> 
     </span>
     <span class='ocr_line' id='line_1_11' title="bbox 197 1341 1214 1433; baseline -0.001 -23"><span class='ocrx_word' id='word_1_80' title='bbox 197 1341 238 1411; x_wconf 87' lang='grc' dir='ltr'><strong><em>δέ</em></strong></span> <span class='ocrx_word' id='word_1_81' title='bbox 262 1360 324 1429; x_wconf 86' lang='grc' dir='ltr'><strong><em>σφι</em></strong></span> <span class='ocrx_word' id='word_1_82' title='bbox 343 1350 448 1413; x_wconf 82' lang='grc' dir='ltr'><strong><em>ταῦτα</em></strong></span> <span class='ocrx_word' id='word_1_83' title='bbox 464 1343 666 1433; x_wconf 77' lang='grc' dir='ltr'><strong><em>χρηστήριον</em></strong></span> <span class='ocrx_word' id='word_1_84' title='bbox 689 1343 819 1429; x_wconf 79' lang='grc' dir='ltr'><strong><em>ἐγένετο</em></strong></span> <span class='ocrx_word' id='word_1_85' title='bbox 848 1342 1021 1413; x_wconf 87' lang='grc' dir='ltr'><strong><em>ἐκδιδόναι</em></strong></span> <span class='ocrx_word' id='word_1_86' title='bbox 1043 1342 1214 1429; x_wconf 78' lang='grc' dir='ltr'><strong><em>Πακτύην</em></strong></span> 
     </span>
     <span class='ocr_line' id='line_1_12' title="bbox 196 1437 1213 1531; baseline -0.001 -22"><span class='ocrx_word' id='word_1_87' title='bbox 196 1440 355 1531; x_wconf 78' lang='grc' dir='ltr'><strong><em>Πέρσησι.</em></strong></span> <span class='ocrx_word' id='word_1_88' title='bbox 388 1448 493 1513; x_wconf 83' lang='grc' dir='ltr'><strong><em>ταῦτα</em></strong></span> <span class='ocrx_word' id='word_1_89' title='bbox 513 1444 550 1512; x_wconf 79' lang='grc' dir='ltr'><strong><em>δέ</em></strong></span> <span class='ocrx_word' id='word_1_90' title='bbox 573 1439 618 1523; x_wconf 77' lang='grc' dir='ltr'><strong><em>ὡς</em></strong></span> <span class='ocrx_word' id='word_1_91' title='bbox 639 1438 880 1528; x_wconf 78' lang='grc' dir='ltr'><strong><em>ἀπενειχθέντα</em></strong></span> <span class='ocrx_word' id='word_1_92' title='bbox 899 1437 1052 1529; x_wconf 83' lang='grc' dir='ltr'><strong><em>ἥκουσαν</em></strong></span> <span class='ocrx_word' id='word_1_93' title='bbox 1079 1444 1116 1511; x_wconf 80' lang='lat' dir='ltr'><strong><em>oc</em></strong></span> <span class='ocrx_word' id='word_1_94' title='bbox 1134 1448 1213 1509; x_wconf 87' lang='grc' dir='ltr'><strong><em>Κυ-</em></strong></span> 
     </span>
     <span class='ocr_line' id='line_1_13' title="bbox 198 1537 1214 1630; baseline -0.004 -21"><span class='ocrx_word' id='word_1_95' title='bbox 198 1555 310 1628; x_wconf 81' lang='grc' dir='ltr'><strong><em>μαῖοι,</em></strong></span> <span class='ocrx_word' id='word_1_96' title='bbox 332 1538 482 1630; x_wconf 77' lang='grc' dir='ltr'><strong><em>ὁρμέατο</em></strong></span> <span class='ocrx_word' id='word_1_97' title='bbox 506 1541 687 1613; x_wconf 78' lang='grc' dir='ltr'><strong><em>ἐκδιδόναι.</em></strong></span> <span class='ocrx_word' id='word_1_98' title='bbox 722 1537 930 1628; x_wconf 88' lang='grc' dir='ltr'><strong><em>ὁρμεομένον</em></strong></span> <span class='ocrx_word' id='word_1_99' title='bbox 954 1539 991 1609; x_wconf 75' lang='grc' dir='ltr'><strong><em>δέ</em></strong></span> <span class='ocrx_word' id='word_1_100' title='bbox 1016 1539 1125 1628; x_wconf 77' lang='grc' dir='ltr'><strong><em>ταύτῃ</em></strong></span> <span class='ocrx_word' id='word_1_101' title='bbox 1148 1546 1214 1607; x_wconf 83' lang='grc' dir='ltr'><strong><em>τού</em></strong></span> 
     </span>
     <span class='ocr_line' id='line_1_14' title="bbox 198 1635 1213 1731; baseline -0.006 -20"><span class='ocrx_word' id='word_1_102' title='bbox 198 1640 348 1731; x_wconf 82' lang='grc' dir='ltr'><strong><em>πλήθεος</em></strong></span> <span class='ocrx_word' id='word_1_103' title='bbox 366 1639 590 1731; x_wconf 76' lang='grc' dir='ltr'><strong><em>Ἀριστόδικος</em></strong></span> <span class='ocrx_word' id='word_1_104' title='bbox 614 1639 633 1710; x_wconf 89' lang='lat'><strong>6</strong></span> <span class='ocrx_word' id='word_1_105' title='bbox 652 1638 875 1726; x_wconf 86' lang='grc' dir='ltr'><strong><em>Ἡρακλείδεω</em></strong></span> <span class='ocrx_word' id='word_1_106' title='bbox 896 1636 983 1728; x_wconf 74' lang='grc' dir='ltr'><strong><em>ἀνὴρ</em></strong></span> <span class='ocrx_word' id='word_1_107' title='bbox 1005 1644 1075 1708; x_wconf 77' lang='grc' dir='ltr'><strong><em>τόν</em></strong></span> <span class='ocrx_word' id='word_1_108' title='bbox 1095 1635 1213 1706; x_wconf 82' lang='grc' dir='ltr'><strong><em>ἀστῶν</em></strong></span> 
     </span>
     <span class='ocr_line' id='line_1_15' title="bbox 199 1733 1212 1830; baseline -0.006 -19"><span class='ocrx_word' id='word_1_109' title='bbox 199 1738 265 1811; x_wconf 78' lang='grc' dir='ltr'><strong><em>ἐδν</em></strong></span> <span class='ocrx_word' id='word_1_110' title='bbox 276 1742 413 1830; x_wconf 85' lang='grc' dir='ltr'><strong><em>δόκιμος</em></strong></span> <span class='ocrx_word' id='word_1_111' title='bbox 428 1747 502 1829; x_wconf 86' lang='grc' dir='ltr'><strong><em>ἐσχε</em></strong></span> <span class='ocrx_word' id='word_1_112' title='bbox 512 1738 556 1830; x_wconf 79' lang='grc' dir='ltr'><strong><em>μη</em></strong></span> <span class='ocrx_word' id='word_1_113' title='bbox 570 1746 707 1827; x_wconf 84' lang='grc' dir='ltr'><strong><em>ποιῆσαι</em></strong></span> <span class='ocrx_word' id='word_1_114' title='bbox 716 1744 821 1809; x_wconf 83' lang='grc' dir='ltr'><strong><em>ταῦτα</em></strong></span> <span class='ocrx_word' id='word_1_115' title='bbox 831 1744 1024 1826; x_wconf 83' lang='grc' dir='ltr'><strong><em>Κυμαίους,</em></strong></span> <span class='ocrx_word' id='word_1_116' title='bbox 1040 1733 1212 1807; x_wconf 77' lang='grc' dir='ltr'><strong><em>ἀπιστέων</em></strong></span> 
     </span>
     <span class='ocr_line' id='line_1_16' title="bbox 197 1833 1212 1935; baseline -0.005 -25"><span class='ocrx_word' id='word_1_117' title='bbox 197 1867 234 1911; x_wconf 88' lang='grc' dir='ltr'><strong><em>τε</em></strong></span> <span class='ocrx_word' id='word_1_118' title='bbox 253 1869 300 1935; x_wconf 84' lang='grc' dir='ltr'><strong><em>τφ</em></strong></span> <span class='ocrx_word' id='word_1_119' title='bbox 320 1849 456 1934; x_wconf 75' lang='grc' dir='ltr'><strong><em>χρησμῷ</em></strong></span> <span class='ocrx_word' id='word_1_120' title='bbox 476 1842 531 1911; x_wconf 81' lang='grc' dir='ltr'><strong><em>καὶ</em></strong></span> <span class='ocrx_word' id='word_1_121' title='bbox 551 1842 681 1911; x_wconf 85' lang='grc' dir='ltr'><strong><em>δοκέων</em></strong></span> <span class='ocrx_word' id='word_1_122' title='bbox 700 1834 780 1919; x_wconf 85' lang='grc' dir='ltr'><strong><em>τούς</em></strong></span> <span class='ocrx_word' id='word_1_123' title='bbox 799 1837 1017 1927; x_wconf 79' lang='grc' dir='ltr'><strong><em>θεοπρόπους</em></strong></span> <span class='ocrx_word' id='word_1_124' title='bbox 1037 1864 1080 1908; x_wconf 93' lang='grc' dir='ltr'><strong><em>ου</em></strong></span> <span class='ocrx_word' id='word_1_125' title='bbox 1068 1833 1212 1924; x_wconf 87' lang='grc' dir='ltr'><strong><em>λ’έγειν</em></strong></span> 
     </span>
     <span class='ocr_line' id='line_1_17' title="bbox 197 1939 1212 2066; baseline -0.006 -52"><span class='ocrx_word' id='word_1_126' title='bbox 197 1941 367 2032; x_wconf 86' lang='grc' dir='ltr'><strong><em>ἀληθέως,</em></strong></span> <span class='ocrx_word' id='word_1_127' title='bbox 384 1941 451 2025; x_wconf 81' lang='grc' dir='ltr'><strong><em>ἐς“</em></strong></span> <span class='ocrx_word' id='word_1_128' title='bbox 431 1971 449 2013; x_wconf 97' lang='grc' dir='ltr'><strong><em>ο</em></strong></span> <span class='ocrx_word' id='word_1_129' title='bbox 461 1971 499 2014; x_wconf 91' lang='grc' dir='ltr'><strong><em>το</em></strong></span> <span class='ocrx_word' id='word_1_130' title='bbox 487 1942 675 2033; x_wconf 89' lang='grc' dir='ltr'><strong><em>δεύτερον</em></strong></span> <span class='ocrx_word' id='word_1_131' title='bbox 689 1943 765 2031; x_wconf 78' lang='grc' dir='ltr'><strong><em>περὶ</em></strong></span> <span class='ocrx_word' id='word_1_132' title='bbox 774 1939 938 2020; x_wconf 85' lang='grc' dir='ltr'><strong><em>Πακτύεω</em></strong></span> <span class='ocrx_word' id='word_1_133' title='bbox 952 1939 1212 2066; x_wconf 87' lang='grc' dir='ltr'><strong><em>ἐπειρησόμενοι</em></strong></span> 
     </span>
     <span class='ocr_line' id='line_1_18' title="bbox 135 2031 1212 2132; baseline 0.006 -31"><span class='ocrx_word' id='word_1_134' title='bbox 135 2040 218 2103; x_wconf 78' lang='grc'><strong><em>159”</em></strong></span> <span class='ocrx_word' id='word_1_135' title='bbox 195 2059 296 2130; x_wconf 79' lang='grc' dir='ltr'><strong><em>ηισαν</em></strong></span> <span class='ocrx_word' id='word_1_136' title='bbox 312 2039 407 2112; x_wconf 80' lang='grc' dir='ltr'><strong><em>ἄλλοι</em></strong></span> <span class='ocrx_word' id='word_1_137' title='bbox 421 2043 628 2132; x_wconf 88' lang='grc' dir='ltr'><strong><em>θεοπρόποι,</em></strong></span> <span class='ocrx_word' id='word_1_138' title='bbox 643 2068 712 2112; x_wconf 91' lang='grc' dir='ltr'><strong><em>των</em></strong></span> <span class='ocrx_word' id='word_1_139' title='bbox 726 2044 781 2110; x_wconf 83' lang='grc' dir='ltr'><strong><em>καὶ</em></strong></span> <span class='ocrx_word' id='word_1_140' title='bbox 794 2031 1056 2127; x_wconf 83' lang='grc' dir='ltr'><strong><em>Ἀριστόδικος</em></strong></span> <span class='ocrx_word' id='word_1_141' title='bbox 1031 2066 1086 2127; x_wconf 94' lang='grc' dir='ltr'><strong><em>ην.</em></strong></span> <span class='ocrx_word' id='word_1_142' title='bbox 1116 2037 1212 2108; x_wconf 87' lang='grc' dir='ltr'><strong><em>Ἀπο-</em></strong></span> 
     </span>
     <span class='ocr_line' id='line_1_19' title="bbox 195 2134 1210 2230; baseline -0.004 -22"><span class='ocrx_word' id='word_1_143' title='bbox 195 2143 350 2226; x_wconf 89' lang='grc' dir='ltr'><strong><em>κομένων</em></strong></span> <span class='ocrx_word' id='word_1_144' title='bbox 361 2141 398 2209; x_wconf 78' lang='grc' dir='ltr'><strong><em>δέ</em></strong></span> <span class='ocrx_word' id='word_1_145' title='bbox 408 2143 633 2230; x_wconf 86' lang='grc' dir='ltr'><strong><em>έςΒραγχίδας</em></strong></span> <span class='ocrx_word' id='word_1_146' title='bbox 644 2140 911 2227; x_wconf 71' lang='grc' dir='ltr'><strong><em>ἐχρηστηριάζετο</em></strong></span> <span class='ocrx_word' id='word_1_147' title='bbox 922 2141 959 2207; x_wconf 88' lang='grc' dir='ltr'><strong><em>ἐκ</em></strong></span> <span class='ocrx_word' id='word_1_148' title='bbox 968 2137 1110 2207; x_wconf 76' lang='grc' dir='ltr'><strong><em>πάντων</em></strong></span> <span class='ocrx_word' id='word_1_149' title='bbox 1119 2134 1210 2223; x_wconf 83' lang='grc' dir='ltr'><strong><em>Ἀρι-</em></strong></span> 
     </span>
     <span class='ocr_line' id='line_1_20' title="bbox 195 2230 1212 2327; baseline -0.001 -21"><span class='ocrx_word' id='word_1_150' title='bbox 195 2237 349 2316; x_wconf 90' lang='grc' dir='ltr'><strong><em>στόδικος</em></strong></span> <span class='ocrx_word' id='word_1_151' title='bbox 363 2240 570 2326; x_wconf 88' lang='grc' dir='ltr'><strong><em>έπειρωτέων</em></strong></span> <span class='ocrx_word' id='word_1_152' title='bbox 585 2239 681 2306; x_wconf 81' lang='grc' dir='ltr'><strong><em>τόδε</em></strong></span> <span class='ocrx_word' id='word_1_153' title='bbox 699 2231 817 2327; x_wconf 77' lang='grc' dir='ltr'><strong><em>Ὠναξ,</em></strong></span> <span class='ocrx_word' id='word_1_154' title='bbox 831 2230 919 2326; x_wconf 79' lang='grc' dir='ltr'><strong><em>ἦλθε</em></strong></span> <span class='ocrx_word' id='word_1_155' title='bbox 928 2234 1005 2327; x_wconf 81' lang='grc' dir='ltr'><strong><em>παρ’</em></strong></span> <span class='ocrx_word' id='word_1_156' title='bbox 1019 2235 1126 2327; x_wconf 92' lang='grc' dir='ltr'><strong><em>ημέας</em></strong></span> <span class='ocrx_word' id='word_1_157' title='bbox 1141 2239 1212 2306; x_wconf 86' lang='grc' dir='ltr'><strong><em>ίαέ·</em></strong></span> 
     </span>
     <span class='ocr_line' id='line_1_21' title="bbox 194 2333 1213 2448; baseline -0.004 -42"><span class='ocrx_word' id='word_1_158' title='bbox 194 2335 445 2425; x_wconf 73' lang='grc' dir='ltr'><strong><em>τηςΠακτύης’</em></strong></span> <span class='ocrx_word' id='word_1_159' title='bbox 430 2363 448 2406; x_wconf 97' lang='grc' dir='ltr'><strong><em>ο</em></strong></span> <span class='ocrx_word' id='word_1_160' title='bbox 460 2334 573 2417; x_wconf 84' lang='grc' dir='ltr'><strong><em>Λυδός</em></strong></span> <span class='ocrx_word' id='word_1_161' title='bbox 584 2337 723 2448; x_wconf 82' lang='grc' dir='ltr'><strong><em>φεύγων</em></strong></span> <span class='ocrx_word' id='word_1_162' title='bbox 732 2336 887 2406; x_wconf 82' lang='grc' dir='ltr'><strong><em>θάνατον</em></strong></span> <span class='ocrx_word' id='word_1_163' title='bbox 896 2343 1012 2425; x_wconf 75' lang='grc' dir='ltr'><strong><em>βίαιον</em></strong></span> <span class='ocrx_word' id='word_1_164' title='bbox 1023 2333 1213 2425; x_wconf 85' lang='grc' dir='ltr'><strong><em>πρδςΠερ·</em></strong></span> 
     </span>
     <span class='ocr_line' id='line_1_22' title="bbox 196 2416 1214 2524; baseline -0.002 -20"><span class='ocrx_word' id='word_1_165' title='bbox 196 2438 300 2504; x_wconf 83' lang='grc' dir='ltr'><strong><em>σέων</em></strong></span> <span class='ocrx_word' id='word_1_166' title='bbox 326 2461 358 2503; x_wconf 92' lang='grc' dir='ltr'><strong><em>οι</em></strong></span> <span class='ocrx_word' id='word_1_167' title='bbox 350 2439 421 2504; x_wconf 90' lang='grc' dir='ltr'><strong><em>δέ</em></strong></span> <span class='ocrx_word' id='word_1_168' title='bbox 439 2463 498 2524; x_wconf 90' lang='grc' dir='ltr'><strong><em>μιν</em></strong></span> <span class='ocrx_word' id='word_1_169' title='bbox 521 2416 722 2518; x_wconf 85' lang='grc' dir='ltr'><strong><em>ἐξαιτέονται</em></strong></span> <span class='ocrx_word' id='word_1_170' title='bbox 741 2449 897 2524; x_wconf 79' lang='grc' dir='ltr'><strong><em>προεῖναι</em></strong></span> <span class='ocrx_word' id='word_1_171' title='bbox 918 2435 1119 2517; x_wconf 88' lang='grc' dir='ltr'><strong><em>κελεύοντες</em></strong></span> <span class='ocrx_word' id='word_1_172' title='bbox 1136 2442 1214 2504; x_wconf 85' lang='grc' dir='ltr'><strong><em>Κυ-</em></strong></span> 
     </span>
     <span class='ocr_line' id='line_1_23' title="bbox 194 2530 1215 2623; baseline -0.003 -22"><span class='ocrx_word' id='word_1_173' title='bbox 194 2540 324 2621; x_wconf 88' lang='grc' dir='ltr'><strong><em>μαίους.</em></strong></span> <span class='ocrx_word' id='word_1_174' title='bbox 341 2531 436 2622; x_wconf 77' lang='grc' dir='ltr'><strong><em>ἡμεῖς</em></strong></span> <span class='ocrx_word' id='word_1_175' title='bbox 450 2534 487 2603; x_wconf 77' lang='grc' dir='ltr'><strong><em>δὲ</em></strong></span> <span class='ocrx_word' id='word_1_176' title='bbox 501 2532 776 2622; x_wconf 84' lang='grc' dir='ltr'><strong><em>δειμαίνοντες</em></strong></span> <span class='ocrx_word' id='word_1_177' title='bbox 740 2562 802 2623; x_wconf 87' lang='grc' dir='ltr'><strong><em>την</em></strong></span> <span class='ocrx_word' id='word_1_178' title='bbox 811 2537 972 2621; x_wconf 88' lang='grc' dir='ltr'><strong><em>Περσέων</em></strong></span> <span class='ocrx_word' id='word_1_179' title='bbox 983 2530 1187 2622; x_wconf 89' lang='grc' dir='ltr'><strong><em>δύναμιν</em></strong></span> <span class='ocrx_word' id='word_1_180' title='bbox 1151 2560 1215 2604; x_wconf 88' lang='grc' dir='ltr'><strong><em>τον</em></strong></span> 
     </span>
     <span class='ocr_line' id='line_1_24' title="bbox 183 2627 1212 2722; baseline -0.005 -19"><span class='ocrx_word' id='word_1_181' title='bbox 183 2637 309 2720; x_wconf 73' lang='grc' dir='ltr'><strong><em>ιἱκέτην</em></strong></span> <span class='ocrx_word' id='word_1_182' title='bbox 325 2635 358 2712; x_wconf 87' lang='grc' dir='ltr'><strong><em>ἐς</em></strong></span> <span class='ocrx_word' id='word_1_183' title='bbox 374 2630 508 2702; x_wconf 87' lang='grc' dir='ltr'><strong><em>τόδε’</em></strong></span> <span class='ocrx_word' id='word_1_184' title='bbox 468 2661 510 2704; x_wconf 92' lang='grc' dir='ltr'><strong><em>ον</em></strong></span> <span class='ocrx_word' id='word_1_185' title='bbox 530 2634 779 2722; x_wconf 87' lang='grc' dir='ltr'><strong><em>τετολμηααμεν</em></strong></span> <span class='ocrx_word' id='word_1_186' title='bbox 795 2633 983 2722; x_wconf 81' lang='grc' dir='ltr'><strong><em>ἐκδιδόναι,</em></strong></span> <span class='ocrx_word' id='word_1_187' title='bbox 1005 2627 1134 2719; x_wconf 83' lang='grc' dir='ltr'><strong><em>πρλν“</em></strong></span> <span class='ocrx_word' id='word_1_188' title='bbox 1110 2659 1157 2701; x_wconf 92' lang='grc' dir='ltr'><strong><em>αν</em></strong></span> <span class='ocrx_word' id='word_1_189' title='bbox 1174 2627 1212 2699; x_wconf 89' lang='grc' dir='ltr'>τό</span> 
     </span>
     <span class='ocr_line' id='line_1_25' title="bbox 196 2724 1214 2822; baseline -0.002 -22"><span class='ocrx_word' id='word_1_190' title='bbox 196 2729 261 2800; x_wconf 88' lang='grc' dir='ltr'><strong><em>ἀπό</em></strong></span> <span class='ocrx_word' id='word_1_191' title='bbox 278 2737 339 2800; x_wconf 83' lang='grc' dir='ltr'><strong><em>σεῦ</em></strong></span> <span class='ocrx_word' id='word_1_192' title='bbox 353 2724 436 2819; x_wconf 67' lang='grc' dir='ltr'><strong><em>ἡμῖν</em></strong></span> <span class='ocrx_word' id='word_1_193' title='bbox 451 2737 588 2822; x_wconf 78' lang='grc' dir='ltr'><strong><em>δηλωθῇ</em></strong></span> <span class='ocrx_word' id='word_1_194' title='bbox 606 2729 787 2821; x_wconf 88' lang='grc' dir='ltr'><strong><em>ἀτρεκέως,</em></strong></span> <span class='ocrx_word' id='word_1_195' title='bbox 809 2730 951 2821; x_wconf 87' lang='grc' dir='ltr'><strong><em>ὁκότερα</em></strong></span> <span class='ocrx_word' id='word_1_196' title='bbox 965 2736 1148 2820; x_wconf 86' lang='grc' dir='ltr'><strong><em>ποιέωμεν.</em></strong></span> <span class='ocrx_word' id='word_1_197' title='bbox 1175 2727 1214 2803; x_wconf 83' lang='grc' dir='ltr'><strong><em>,Ὁ</em></strong></span> 
     </span>
     <span class='ocr_line' id='line_1_26' title="bbox 194 2824 1236 2922; baseline -0.004 -22"><span class='ocrx_word' id='word_1_198' title='bbox 194 2831 257 2919; x_wconf 78' lang='grc' dir='ltr'><strong><em>μέν</em></strong></span> <span class='ocrx_word' id='word_1_199' title='bbox 270 2838 377 2900; x_wconf 83' lang='grc' dir='ltr'><strong><em>ταῦτα</em></strong></span> <span class='ocrx_word' id='word_1_200' title='bbox 391 2833 571 2922; x_wconf 73' lang='grc' dir='ltr'><strong><em>ἐπειρώτα,</em></strong></span> <span class='ocrx_word' id='word_1_201' title='bbox 590 2828 608 2901; x_wconf 88' lang='grc' dir='ltr'>ὁ</span> <span class='ocrx_word' id='word_1_202' title='bbox 626 2829 658 2901; x_wconf 89' lang='grc' dir='ltr'><strong><em>δ’</em></strong></span> <span class='ocrx_word' id='word_1_203' title='bbox 674 2824 770 2913; x_wconf 88' lang='grc' dir='ltr'><strong><em>αύτις</em></strong></span> <span class='ocrx_word' id='word_1_204' title='bbox 783 2830 845 2901; x_wconf 83' lang='grc' dir='ltr'><strong><em>τόν</em></strong></span> <span class='ocrx_word' id='word_1_205' title='bbox 857 2828 964 2902; x_wconf 81' lang='grc' dir='ltr'><strong><em>αὐτόν</em></strong></span> <span class='ocrx_word' id='word_1_206' title='bbox 978 2852 1042 2919; x_wconf 85' lang='grc' dir='ltr'><strong><em>σφι</em></strong></span> <span class='ocrx_word' id='word_1_207' title='bbox 1058 2827 1216 2922; x_wconf 84' lang='grc' dir='ltr'><strong><em>χρησμόν</em></strong></span> <span class='ocrx_word' id='word_1_208' title='bbox 1235 2880 1236 2891; x_wconf 63' lang='grc'><strong><em>.</em></strong></span> 
     </span>
     <span class='ocr_line' id='line_1_27' title="bbox 195 2929 1235 3041; baseline -0.006 -40"><span class='ocrx_word' id='word_1_209' title='bbox 195 2936 313 3015; x_wconf 74' lang='grc' dir='ltr'><strong><em>ἔφαινε</em></strong></span> <span class='ocrx_word' id='word_1_210' title='bbox 325 2930 475 3000; x_wconf 90' lang='grc' dir='ltr'><strong><em>κελεύων</em></strong></span> <span class='ocrx_word' id='word_1_211' title='bbox 485 2930 992 3022; x_wconf 82' lang='grc' dir='ltr'><strong><em>ἐκδιδόναιΠακτύηνΠέρσησι.</em></strong></span> <span class='ocrx_word' id='word_1_212' title='bbox 1005 2929 1095 3020; x_wconf 84' lang='grc' dir='ltr'><strong><em>πρὸς</em></strong></span> <span class='ocrx_word' id='word_1_213' title='bbox 1106 2937 1217 3000; x_wconf 83' lang='grc' dir='ltr'><strong><em>ταῦτα</em></strong></span> <span class='ocrx_word' id='word_1_214' title='bbox 1234 2966 1235 3041; x_wconf 50' lang='grc' dir='ltr'><strong><em>η</em></strong></span> 
     </span>
     <span class='ocr_line' id='line_1_28' title="bbox 193 3027 1217 3121; baseline -0.003 -22"><span class='ocrx_word' id='word_1_215' title='bbox 193 3028 212 3099; x_wconf 87' lang='grc' dir='ltr'><strong>ὁ</strong></span> <span class='ocrx_word' id='word_1_216' title='bbox 233 3027 458 3118; x_wconf 75' lang='grc' dir='ltr'><strong><em>Ἀριστόδικος</em></strong></span> <span class='ocrx_word' id='word_1_217' title='bbox 480 3035 517 3102; x_wconf 94' lang='grc' dir='ltr'><strong><em>ἐκ</em></strong></span> <span class='ocrx_word' id='word_1_218' title='bbox 544 3039 706 3121; x_wconf 85' lang='grc' dir='ltr'><strong><em>προνοίης</em></strong></span> <span class='ocrx_word' id='word_1_219' title='bbox 727 3034 834 3102; x_wconf 85' lang='grc' dir='ltr'><strong><em>ἐποίεε</em></strong></span> <span class='ocrx_word' id='word_1_220' title='bbox 853 3033 951 3101; x_wconf 82' lang='grc' dir='ltr'><strong><em>τόδε·</em></strong></span> <span class='ocrx_word' id='word_1_221' title='bbox 981 3029 1132 3121; x_wconf 73' lang='grc' dir='ltr'><strong><em>περιιών</em></strong></span> <span class='ocrx_word' id='word_1_222' title='bbox 1152 3029 1217 3099; x_wconf 84' lang='grc' dir='ltr'><strong><em>τόν</em></strong></span> 
     </span>
     <span class='ocr_line' id='line_1_29' title="bbox 193 3084 1235 3222; baseline 0.002 -27"><span class='ocrx_word' id='word_1_223' title='bbox 193 3126 279 3215; x_wconf 84' lang='grc' dir='ltr'><strong><em>νηόν</em></strong></span> <span class='ocrx_word' id='word_1_224' title='bbox 301 3130 414 3222; x_wconf 82' lang='grc' dir='ltr'><strong><em>κύκλμ</em></strong></span> <span class='ocrx_word' id='word_1_225' title='bbox 432 3134 558 3220; x_wconf 78' lang='grc' dir='ltr'><strong><em>ἐξαίρεε</em></strong></span> <span class='ocrx_word' id='word_1_226' title='bbox 577 3128 657 3211; x_wconf 85' lang='grc' dir='ltr'><strong><em>τούς</em></strong></span> <span class='ocrx_word' id='word_1_227' title='bbox 677 3127 868 3219; x_wconf 85' lang='grc' dir='ltr'><strong><em>στρουθούς</em></strong></span> <span class='ocrx_word' id='word_1_228' title='bbox 889 3133 946 3199; x_wconf 90' lang='grc' dir='ltr'><strong><em>και</em></strong></span> <span class='ocrx_word' id='word_1_229' title='bbox 968 3127 1056 3200; x_wconf 82' lang='grc' dir='ltr'><strong><em>ἀλλα</em></strong></span> <span class='ocrx_word' id='word_1_230' title='bbox 1081 3129 1149 3199; x_wconf 83' lang='grc' dir='ltr'><strong><em>ὅσα</em></strong></span> <span class='ocrx_word' id='word_1_231' title='bbox 1172 3084 1235 3218; x_wconf 59' lang='grc' dir='ltr'><strong><em>ἦνδ</em></strong></span> 
     </span>
     <span class='ocr_line' id='line_1_30' title="bbox 193 3229 1219 3352; baseline 0.003 -55"><span class='ocrx_word' id='word_1_232' title='bbox 193 3232 460 3352; x_wconf 64' lang='grc' dir='ltr'><strong><em>νενεοσσευμένα</em></strong></span> <span class='ocrx_word' id='word_1_233' title='bbox 477 3229 631 3320; x_wconf 83' lang='grc' dir='ltr'><strong><em>ὀρνίθων</em></strong></span> <span class='ocrx_word' id='word_1_234' title='bbox 645 3237 744 3319; x_wconf 86' lang='grc' dir='ltr'><strong><em>γένεα</em></strong></span> <span class='ocrx_word' id='word_1_235' title='bbox 758 3234 796 3302; x_wconf 90' lang='grc' dir='ltr'><strong><em>ἐν</em></strong></span> <span class='ocrx_word' id='word_1_236' title='bbox 811 3238 858 3300; x_wconf 80' lang='grc' dir='ltr'><strong><em>τῶ</em></strong></span> <span class='ocrx_word' id='word_1_237' title='bbox 871 3237 953 3324; x_wconf 75' lang='grc' dir='ltr'><strong><em>νηῷ.</em></strong></span> <span class='ocrx_word' id='word_1_238' title='bbox 978 3232 1162 3312; x_wconf 81' lang='grc' dir='ltr'><strong><em>ποιέοντος</em></strong></span> <span class='ocrx_word' id='word_1_239' title='bbox 1181 3230 1219 3300; x_wconf 76' lang='grc' dir='ltr'><strong><em>δέ</em></strong></span> 
     </span>
     <span class='ocr_line' id='line_1_31' title="bbox 193 3287 1220 3450; baseline 0.002 -54"><span class='ocrx_word' id='word_1_240' title='bbox 193 3323 299 3396; x_wconf 87' lang='grc' dir='ltr'><strong><em>αύτοῦ</em></strong></span> <span class='ocrx_word' id='word_1_241' title='bbox 310 3335 416 3399; x_wconf 82' lang='grc' dir='ltr'><strong><em>ταῦτα</em></strong></span> <span class='ocrx_word' id='word_1_242' title='bbox 426 3332 558 3450; x_wconf 85' lang='grc' dir='ltr'><strong><em>λέγεται</em></strong></span> <span class='ocrx_word' id='word_1_243' title='bbox 570 3327 691 3418; x_wconf 78' lang='grc' dir='ltr'><strong><em>φωνην</em></strong></span> <span class='ocrx_word' id='word_1_244' title='bbox 702 3333 738 3401; x_wconf 88' lang='grc' dir='ltr'><strong><em>ἐκ</em></strong></span> <span class='ocrx_word' id='word_1_245' title='bbox 749 3356 811 3399; x_wconf 93' lang='grc' dir='ltr'><strong><em>τον</em></strong></span> <span class='ocrx_word' id='word_1_246' title='bbox 796 3287 953 3400; x_wconf 82' lang='grc' dir='ltr'><strong><em>ἀδύτού</em></strong></span> <span class='ocrx_word' id='word_1_247' title='bbox 964 3333 1138 3418; x_wconf 87' lang='grc' dir='ltr'><strong><em>γενέσθαι</em></strong></span> <span class='ocrx_word' id='word_1_248' title='bbox 1153 3334 1220 3418; x_wconf 85' lang='grc' dir='ltr'><strong><em>φέ-</em></strong></span> 
     </span>
     <span class='ocr_line' id='line_1_32' title="bbox 191 3424 1221 3517; baseline 0 -21"><span class='ocrx_word' id='word_1_249' title='bbox 191 3446 322 3516; x_wconf 88' lang='grc' dir='ltr'><strong><em>ρουσαν</em></strong></span> <span class='ocrx_word' id='word_1_250' title='bbox 336 3429 400 3516; x_wconf 75' lang='grc' dir='ltr'><strong><em>μέν</em></strong></span> <span class='ocrx_word' id='word_1_251' title='bbox 420 3425 505 3517; x_wconf 88' lang='grc' dir='ltr'><strong><em>πρδς</em></strong></span> <span class='ocrx_word' id='word_1_252' title='bbox 521 3425 582 3496; x_wconf 84' lang='grc' dir='ltr'><strong><em>τόν</em></strong></span> <span class='ocrx_word' id='word_1_253' title='bbox 598 3424 843 3516; x_wconf 86' lang='grc' dir='ltr'><strong><em>Ἀριστόδικον,</em></strong></span> <span class='ocrx_word' id='word_1_254' title='bbox 865 3430 1038 3517; x_wconf 87' lang='grc' dir='ltr'><strong><em>λέγουσαν</em></strong></span> <span class='ocrx_word' id='word_1_255' title='bbox 1060 3431 1100 3498; x_wconf 80' lang='grc' dir='ltr'><strong><em>δέ</em></strong></span> <span class='ocrx_word' id='word_1_256' title='bbox 1115 3428 1221 3498; x_wconf 78' lang='grc' dir='ltr'><strong><em>τάδε·</em></strong></span> 
     </span>
     <span class='ocr_line' id='line_1_33' title="bbox 187 3524 1224 3616; baseline -0.006 -15.971"><span class='ocrx_word' id='word_1_257' title='bbox 187 3529 406 3600; x_wconf 85' lang='grc' dir='ltr'><strong><em>Ἀνοσιτότατε</em></strong></span> <span class='ocrx_word' id='word_1_258' title='bbox 427 3525 642 3616; x_wconf 83' lang='grc' dir='ltr'><strong><em>ἀνθρύπων</em></strong></span> <span class='ocrx_word' id='word_1_259' title='bbox 663 3554 694 3596; x_wconf 91' lang='grc' dir='ltr'><strong><em>τι</em></strong></span> <span class='ocrx_word' id='word_1_260' title='bbox 689 3527 794 3597; x_wconf 85' lang='grc' dir='ltr'><strong><em>τόδε</em></strong></span> <span class='ocrx_word' id='word_1_261' title='bbox 813 3535 937 3616; x_wconf 78' lang='grc' dir='ltr'><strong><em>τολμᾶς</em></strong></span> <span class='ocrx_word' id='word_1_262' title='bbox 956 3531 1114 3610; x_wconf 76' lang='grc' dir='ltr'><strong><em>ποιέεινς</em></strong></span> <span class='ocrx_word' id='word_1_263' title='bbox 1136 3524 1224 3606; x_wconf 83' lang='grc' dir='ltr'><strong><em>τούς</em></strong></span> 
     </span>
    </p>
   </div>
   <div class='ocr_carea' id='block_1_3' title="bbox 0 0 1254 3925">
    <p class='ocr_par' dir='ltr' id='par_1_3' title="bbox 0 0 1254 3925">
     <span class='ocr_line' id='line_1_34' title="bbox 0 0 1254 3925; baseline 0 0"><span class='ocrx_word' id='word_1_264' title='bbox 0 0 1254 3925; x_wconf 95' lang='lat' dir='ltr'><strong><em> </em></strong></span> 
     </span>
    </p>
   </div>
  </div>
 </body>
</html>
