2500 3925
319 243 405 300 ΗΒ.
437 245 485 300 IX.
521 244 621 302 CAP.
654 251 797 308 44—48.
998 247 1062 313 ³11

27 410 67 485 ές
87 401 132 472 τό
152 402 383 491 στρατόπεδον
398 404 452 470 καὶ
467 398 530 488 τὴν
544 406 673 471 έωυτοῦ
691 404 801 494 τάξιν,
820 410 858 477 οί
868 408 906 477 δέ
919 428 1062 496 στρατη
1076 436 1112 492 ης

27 509 92 590 γοὶ
110 510 189 573 τῶν
200 501 390 591 Ἀθηναίων
404 503 564 582 ἐλθόντες
579 507 632 572 ἐπὶ
645 501 683 573 τδ
701 504 812 587 δεξιόν
828 510 928 595 κέρας
945 516 1062 599 έλεγον

27 608 232 692 Παυσανίῃ
255 599 359 688 τάπερ
381 599 775 691 ἡκουσανἎλεξάνδρου.
806 605 880 674 ὁδε
893 608 1001 700 τοότφ
1015 617 1061 700 τῷ

27 700 139 793 λόγῳ
152 701 417 790 καταρρωδήσας
432 698 513 781 τοὺς
522 705 656 789 Πέρσας
670 709 761 790 έλεγε
775 703 871 772 τάδε·
889 703 977 788 Ἐπεὶ
991 716 1063 774 τοί-

27 829 109 870 νυν
123 803 161 880 ές
175 798 226 888 ήῶ
240 797 261 888 ἡ
273 797 426 888 συμβολή
437 807 576 888 γίνεται,
591 799 695 888 ὑμέας
705 805 768 889 μέν
782 802 889 891 χρεόν
902 808 971 873 έστι
981 803 1062 886 τοὺς

27 900 250 986 Ἀθηναίους
261 905 379 986 στῆναι
389 896 473 967 κατά
485 898 564 978 τοὺς
572 903 715 988 Πέρσας,
726 897 830 988 ἡμέας
841 903 879 970 δὲ
888 900 972 971 αατά
981 901 1061 982 τοὺς

27 1001 221 1080 Βοιωτούς
234 1025 270 1068 τε
283 1003 339 1069 καὶ
352 997 432 1079 τοὺς
445 996 522 1067 κατ’
532 998 636 1086 ὑμέας
648 1005 871 1086 τεταγμένους
878 999 1058 1090 Ἑλλήνων,

27 1104 156 1170 τῶνδε
177 1103 324 1168 εἵνεκεν·
352 1097 449 1186 ὑμεῖς
463 1101 645 1168 ἐπίστασθε
663 1096 744 1178 τοὺς
758 1099 903 1187 Μήδους
921 1105 977 1168 καὶ
998 1100 1060 1188 τήν

30 1199 158 1287 μάχην
173 1197 288 1268 αὑτῶν
303 1204 341 1269 έν
351 1205 547 1287 Μαραθῶνι
561 1198 795 1286 μαχεσάμενοι,
809 1195 905 1287 ἡμεῖς
916 1199 953 1268 δέ
963 1198 1061 1268 ἀπει-

32 1307 102 1388 ροί
116 1302 158 1368 τέ
172 1305 266 1386 είμεν
280 1303 335 1367 καὶ
350 1297 466 1378 ἀδαέες
480 1297 610 1368 τούτων
625 1306 694 1367 τῶν
707 1297 858 1385 ἀνδρῶν·
885 1308 1060 1387 Σπαρτιη·

34 1401 133 1466 τέων
148 1395 215 1484 γάρ
237 1396 346 1474 οὐδεὶς
363 1403 558 1484 πεπείρηται
573 1396 715 1482 Μήδων.
743 1393 838 1481 ἡμεῖς
855 1395 891 1464 δὲ
902 1403 1060 1464 Βοιωτῶν

35 1498 102 1564 καὶ
114 1500 299 1564 Θεσσαλῶν
311 1499 464 1583 ἔμπειροί
473 1499 574 1582 είμεν.
592 1491 665 1563 ἀλλ’
678 1493 909 1582 ἀναλαβόντας
919 1493 960 1562 τά
972 1493 1060 1563 ὅπλα

38 1594 158 1684 χρεόν
172 1597 241 1664 έστι
256 1599 341 1663 ίέναι
360 1593 464 1682 ὑμέας
477 1596 540 1683 μὲν
552 1597 585 1675 ές
598 1597 677 1665 τόδε
691 1594 728 1665 τδ
740 1599 849 1684 κέρας,
863 1594 967 1685 ἡμέας
979 1596 1015 1665 δὲ
1027 1601 1059 1675 ές

40 1693 85 1764 τὸ
105 1691 294 1781 εὑάνυμον.
328 1692 422 1783 Πρός
436 1697 472 1764 δὲ
491 1703 597 1764 ταῦτα
614 1695 712 1765 εἶπαν
725 1702 759 1765 οἱ
773 1694 946 1783 Ἀθηναῖοι
961 1697 1058 1764 τάδε·

47 1796 115 1867 Καὶ
129 1790 260 1862 αὑτοῖσι
273 1789 356 1880 ἡμίν
371 1792 474 1862 πάλαι
489 1791 549 1862 ἀπ’
565 1792 684 1883 ἀρχῆς,
707 1797 817 1863 έπείτε
835 1799 969 1882 εἴδομεν
983 1790 1057 1862 κατ’

27 1951 28 1956 1
47 1898 153 1989 ὑμέας
166 1901 394 1985 τασσομένους
409 1895 488 1978 τούς
502 1900 651 1986 Πέρσας,
668 1902 706 1968 έν
720 1899 789 1990 νόῳ
807 1901 937 1983 ἐγένετο
954 1899 1060 1962 εἰπεῖν

28 2052 29 2059 ,
46 2004 171 2082 ταῦτα,
192 1992 298 2081 τάπερ
319 1993 415 2081 ὑμεῖς
431 1997 582 2082 φθάντες
597 2001 798 2084 προφέρετε·
818 1990 904 2063 ἀλλά
918 1990 984 2078 γὰρ
997 1989 1061 2076 ἀρ-

52 2096 221 2183 ρωδέομεν
236 2090 280 2180 μή
296 2090 377 2179 ὑμίν
392 2092 455 2162 οὑκ
475 2092 571 2181 ἡδέες
586 2098 750 2182 γένωνται
767 2098 802 2162 οί
814 2093 919 2178 λόγοι.
940 2092 1011 2159 έπελ
1025 2092 1058 2157 δ’

51 2187 102 2263 ὧν
117 2189 210 2259 αὐτοὶ
226 2189 431 2280 ἐμνήσθητε,
453 2195 509 2262 καὶ
532 2192 727 2281 ἡδομένοισι
746 2189 828 2280 ἡμῖν
844 2195 878 2258 οδ
889 2187 986 2277 λόγοι
1002 2212 1061 2274 γε-

50 2291 170 2379 γόνασι
188 2291 245 2358 nul
264 2292 389 2377 ἑτοίμοί
408 2297 500 2378 είμεν
514 2296 641 2361 ποιέειν
657 2298 770 2360 ταῦτα.
800 2288 860 2368 Ὡς
880 2285 912 2356 δ’
935 2286 1057 2375 ήρεσιιε
1075 2297 1109 2353 47

52 2388 268 2474 ἀμφοτέροισι
288 2395 409 2476 ταῦτα,
431 2388 501 2475 ήεός
520 2417 556 2458 τε
575 2395 728 2474 διέφαινε
747 2391 802 2457 καὶ
818 2384 1059 2455 διαλλάσσοντο

54 2484 113 2564 τάς
127 2482 223 2564 τάξις.
251 2485 391 2571 γνόντες
412 2488 447 2555 δὲ
469 2494 503 2555 οί
514 2493 656 2556 Βοιωτοί
671 2485 709 2555 τό
718 2486 929 2573 ’ποιεόμενον
943 2488 1061 2570 ἐξαγο-

57 2582 191 2670 ρεόουσι
204 2588 401 2675 Μαρδονίῳ.
436 2575 454 2651 ὁ
481 2581 510 2650 δ’
536 2585 645 2651 ἐπείτε
664 2585 806 2672 ήιιουσε,
831 2581 950 2652 αὐτίκα
967 2609 1060 2670 μετι-

58 2680 172 2751 στάναι
184 2683 239 2749 καὶ
258 2677 360 2761 αὑτός
380 2684 531 2770 έπειράτο
554 2683 717 2772 παράγων
735 2680 815 2762 τοὺς
827 2685 961 2770 Πέρσας
975 2677 1059 2749 ιιατά

60 2777 135 2859 τούς
147 2783 439 2867 Λακεδαιμονίους.
464 2780 509 2861 ὡς
526 2782 563 2851 δέ
580 2788 687 2870 ἔμαθε
700 2788 800 2850 τοῦτο
813 2786 945 2849 τοιοῦτο
960 2780 1061 2866 γενό-

61 2906 159 2969 μενον
172 2877 189 2949 ὁ
204 2886 415 2968 Παυσανίης,
430 2879 534 2968 γνοὺς
550 2880 602 2949 ότι
617 2879 659 2949 οὑ
674 2880 857 2965 λανθάνει,
875 2876 982 2948 ὀπίσω
998 2872 1061 2965 ἡγε

62 2976 137 3057 τοὺς
148 2978 357 3067 Σπαρτιήτας
373 2982 427 3047 ἐπὶ
440 2976 478 3048 τό
493 2976 605 3059 δεξιόν
619 2983 734 3065 κέρας·
762 2976 807 3057 εἵς
828 2976 860 3044 δ’
878 2976 988 3055 αὑτως
1004 2979 1060 3044 καὶ

64 3076 84 3144 ὁ
96 3076 279 3163 Μαρδόνιος
293 3080 346 3146 ἐπὶ
360 3084 422 3147 τοῦ
436 3074 626 3165 εὑωνὺμου.
650 3076 738 3147 Ἐπεί
752 3076 789 3145 δὲ
804 3079 1008 3163 κατέστησαν
1024 3077 1058 3154 ές
1075 3094 1110 3149 48

65 3174 120 3255 τὰς
133 3172 261 3262 ἀρχαίας
276 3178 380 3264 τάξις,
394 3182 526 3265 πέμψας
540 3176 559 3247 ὁ
572 3178 771 3267 Μαρδόνιος
785 3176 918 3265 κήρυκα
935 3178 969 3255 ές
982 3173 1062 3253 τοὺς

69 3273 274 3362 Σπαρτιήτας,
290 3282 382 3363 έλεγε
394 3276 490 3346 τάδε·
508 3272 547 3345 Ὠ
558 3277 830 3365 Λακεδαιμόνιοι,
845 3274 941 3364 ὑμεῖς
951 3273 993 3363 δή
1006 3277 1063 3343 λέ-

68 3384 161 3463 γεσθε
180 3372 262 3441 εἶναι
285 3373 407 3462 ἀνδρες
427 3374 557 3464 ἀριστοι
577 3375 646 3446 ὑπό
667 3385 736 3446 τῶν
754 3382 834 3468 τῇδε
854 3374 1061 3465 ἀνθρώπων,

70 3476 328 3560 ἐκπαγλεομένων
344 3471 390 3554 ἀς
405 3472 483 3544 οὔτε
498 3474 642 3562 φεύγετε
659 3478 696 3544 έιι
710 3478 859 3562 πολέμου
875 3472 953 3543 οὔτε
966 3474 1062 3555 τάξιν
