2500 3925
328 260 415 319 LIB.
449 261 493 317 111.
526 261 625 318 cn.
656 262 795 321 77-80.
1003 257 1065 325 255

81 422 122 486 καὶ
141 418 362 506 ἀποταμόντες
383 415 498 487 αὐτῶν
510 415 569 498 τάς
590 416 740 507 κεφαλάς
754 416 833 499 τούς
854 420 916 507 μέν
929 446 1065 511 τρωμα-

80 523 137 595 τίας
148 521 277 586 ἑωυτῶν
291 517 398 587 αὐτοῦ
412 527 565 587 λείπουσι
580 518 637 585 καὶ
653 514 837 606 ἀδυνασίης
859 524 987 589 εἵνεκεν
1008 524 1063 591 καὶ

79 624 208 704 φυλακῆς
220 625 280 705 τῆς
292 617 513 706 ἀκροπόλιος,
525 623 559 687 οί
569 617 605 687 δέ
618 622 718 687 πέντε
729 614 843 687 αὐτῶν
854 624 984 705 ἔχοντες
995 626 1063 693 τάν

75 717 174 803 μάγων
187 716 246 798 τάς
260 713 410 805 κεφαλάς
421 723 523 785 ἐθεον
534 721 613 803 ἔξω,
625 724 689 806 βοῇ
703 743 738 785 τε
750 719 806 785 καὶ
816 718 953 811 πατάγῳ
965 719 1064 808 χρεό-

75 843 170 903 μενοι,
187 820 243 885 καλ
259 819 393 903 Πέρσας
407 814 488 895 τούς
502 813 628 895 ἀλλους
648 819 865 886 ἐπεκαλέοντο
887 819 1064 907 ἐξηγεόμε-

77 923 122 983 νοί
137 942 170 984 τε
192 914 229 984 τό
257 923 396 1003 πρῆγμα
421 917 477 984 καὶ
499 914 711 993 δεικνύοντες
735 914 793 994 τάς
812 916 978 1003 κεφαλάς.
1008 920 1064 987 καὶ

75 1014 130 1101 ἀμα
144 1022 294 1085 ἔκτεινον
307 1015 418 1084 πάντα
432 1013 509 1084 τινά
526 1022 595 1083 τῶν
609 1016 729 1102 μάγων
744 1012 805 1083 τόν
822 1018 860 1085 ἐν
873 1019 951 1085 ποσὶ
965 1016 1063 1104 γινό-

74 1140 173 1197 μενον.
199 1120 234 1185 ολ
258 1117 296 1183 δέ
314 1118 444 1199 Πέρσαι
470 1114 640 1200 μαθόντες
664 1113 702 1181 τό
723 1139 759 1181 τε
778 1111 918 1201 γεγονός
937 1116 973 1183 ἐκ
992 1122 1061 1185 τάν

72 1210 138 1279 ἑπτά
152 1216 205 1281 καὶ
224 1220 296 1282 τῶν
315 1214 433 1301 μάγων
448 1210 511 1299 τὴν
532 1209 680 1297 ἀπάτην,
703 1213 874 1280 ἐδικαίουν
889 1216 945 1283 καὶ
967 1210 1063 1283 αὐτοὶ

71 1310 151 1396 ἕτερα
177 1318 319 1380 τοιαῦτα
343 1314 488 1397 ποιέειν,
519 1310 728 1396 σπασάμενοι
756 1309 792 1379 δέ
812 1310 852 1379 τά
883 1315 1061 1399 ἐγχειρίδια

71 1414 201 1478 ἔκτεινον
217 1408 306 1478 ὅκου
319 1406 394 1478 τινά
408 1410 519 1497 μάγον
534 1408 708 1494 εὕρισκον·
733 1414 763 1477 εί
779 1409 815 1478 δὲ
829 1406 874 1497 μὴ
888 1408 950 1491 νύξ
964 1414 1062 1480 ἐπελ-

70 1514 163 1575 θοῦσα
177 1513 269 1595 έσχε,
291 1514 407 1576 ἔλιπον
418 1504 463 1576 ἀν
478 1504 602 1576 οὐδένα
613 1508 733 1595 μάγον.
767 1508 893 1595 ταύτην
903 1506 966 1597 τὴν
980 1506 1062 1599 ἡμέ-

70 1632 122 1690 ρην
142 1609 375 1693 θεραπεύουσι
388 1610 516 1694 Πέρσαι
536 1614 635 1695 κοινῇ
657 1606 799 1693 μάλιστα
813 1614 881 1675 τῶν
897 1603 1061 1695 ἡμερέων,

68 1710 112 1775 καὶ
125 1710 159 1775 ἐν
175 1706 263 1797 αὐτῇ
282 1704 386 1795 ὁρτὴν
401 1709 552 1795 μεγάλην
574 1704 757 1793 ἀνάγουσι,
775 1704 798 1794 ἢ
818 1711 972 1795 κέκληται
993 1704 1060 1775 ὑπὸ

69 1812 208 1889 Περσέων
218 1807 425 1895 μαγοφόνια,
439 1809 477 1874 ἐν
485 1814 528 1896 τῇ
538 1806 649 1893 μάγον
660 1804 784 1875 οὐδένα
796 1810 899 1886 ἐξεστι
912 1814 1062 1894 φανῆναι

69 1904 134 1982 ίςτο
148 1932 229 1994 φως,
243 1912 328 1975 αλλα
343 1903 415 1975 κατ’
429 1914 544 1986 οἴκους
556 1902 702 1985 ἑωυτούς
715 1909 749 1974 οί
757 1904 859 1991 μάγοι
874 1909 984 1992 έχουσι
999 1903 1061 1992 τὴν

69 1999 177 2090 δεὲοον
191 2003 328 2092 ταύτην·
448 2014 450 2018 ’

134 2100 258 2173 Ἐπείτε
282 2102 319 2170 δέ
338 2107 478 2191 κατέστη
490 2101 508 2173 ὁ
520 2104 673 2192 θόρυβος
689 2110 744 2174 καὶ
760 2103 855 2185 ἐντὸς
867 2109 965 2174 πέντε
975 2103 1058 2193 ἡμε-
1069 2115 1103 2171 8⁰

70 2201 141 2276 ρέων
155 2205 304 2289 ἐγένετο,
327 2204 550 2289 ἐβουλεύοντο
572 2209 605 2272 ολ
621 2205 866 2284 ἐπαναστάντες
886 2218 971 2274 τοῖσι
992 2203 1058 2293 μά-

69 2321 140 2382 γοισι
148 2304 301 2384 περὶτῶν
313 2303 520 2389 πρηγμάτων
533 2303 683 2392 πάντων,
698 2306 753 2372 καὶ
767 2306 951 2392 ἐλέχθησαν
961 2301 1056 2391 λόγοι

67 2394 182 2468 ἀπιστοι
193 2399 259 2487 μὲν
269 2402 387 2469 ἐνίοισι
396 2399 576 2489 Ἑλλήνων,
589 2405 774 2490 ἐλέχθησαν
784 2400 816 2470 δ’
831 2394 889 2470 άν,
911 2400 1057 2487 Ὀτάνης

61 2493 112 2579 μέν
135 2499 267 2568 ἐκέλευε
298 2501 331 2579 ἐς
360 2499 465 2586 μέσον
489 2500 643 2588 Πέρσησι
666 2508 863 2567 καταθεῖναι
886 2496 927 2565 τά
957 2495 1065 2587 πρήγ-

61 2623 148 2687 ματα,
173 2602 284 2688 λέγων
300 2599 396 2670 τάδε·
429 2596 522 2688 Ἐμοὶ
541 2600 666 2686 δοκέει,
692 2603 752 2668 ἕνα
769 2599 831 2687 μὲν
848 2596 963 2687 ἡμέων
979 2595 1067 2686 μού-

62 2704 168 2788 ναρχον
190 2701 308 2791 μηκέτι
332 2701 506 2789 γενέσθαι·
542 2699 620 2771 ούτε
644 2699 710 2791 γάρ
733 2698 801 2790 ἡδύ
821 2699 901 2770 οὔτε
924 2698 1065 2787 ἀγαθόν.

67 2804 152 2866 εἰδετε
171 2803 236 2886 μὲν
255 2799 321 2887 γάρ
339 2800 401 2890 τὴν
419 2804 611 2890 Καμβύσεω
631 2801 736 2890 ὕβριν
753 2799 805 2870 ἐπ’
826 2799 909 2869 ὅσον
927 2806 1056 2888 ἐξῆλθε,

65 2899 267 2987 μετεσχήκατε
279 2902 315 2972 δὲ
326 2906 382 2972 καλ
398 2911 456 2991 τῆς
469 2911 531 2973 τοῦ
545 2903 658 2991 μάγου
670 2901 795 2991 ὕβριος.
822 2909 888 2982 κῶς
900 2899 932 2970 δ’
946 2898 990 2968 ἀν
1005 2910 1055 2986 είη

66 3004 156 3082 χρῆμα
180 3007 433 3092 κατηρτσμένον
448 3009 656 3090 μουναρχίη,
684 3009 724 3093 τῇ
745 3006 850 3083 ἔξεστι
873 2997 1056 3088 ἀνευθύνῳ

65 3098 174 3165 ποιέειν
195 3125 237 3167 τα
261 3102 435 3188 βούλεται;
463 3103 519 3169 καὶ
540 3098 605 3188 γάρ
627 3097 672 3170 ἀν
688 3099 749 3169 τόν
764 3100 902 3185 ἀριστον
920 3095 1056 3182 ἀνδρῶν

65 3194 186 3266 πάντων
197 3201 321 3269 στάντα
333 3205 367 3281 ἐς
377 3201 504 3289 ταύτην
515 3199 577 3290 τὴν
591 3198 699 3290 ἀρχὴν
710 3198 802 3280 ἐκτὸς
816 3206 886 3268 τῶν
897 3195 1053 3266 ἐωθότων

64 3301 226 3386 νοημάτων
244 3305 383 3393 σπη’σειε.
402 3307 566 3392 ἐγγίνεται
582 3305 645 3391 μέν
663 3304 728 3390 γάρ
746 3307 781 3371 οί
794 3300 893 3389 ὕβρις
908 3295 973 3367 ὑπὸ
990 3303 1056 3366 τόν

64 3398 244 3484 παρεόντων
263 3402 423 3492 ἀγαθάν,
446 3403 579 3491 φθόνος
598 3403 634 3470 δὲ
652 3401 801 3489 ἀρχῆθεν
820 3397 980 3485 ἐμφύεται
996 3394 1059 3464 ἀν·

64 3499 185 3592 θρόνῳ.
207 3504 269 3575 δύο
283 3503 313 3573 δ’
327 3510 413 3592 έχων
423 3510 529 3572 ταῦτα
540 3508 606 3589 ἔχει
618 3508 731 3568 πᾶσαν
743 3491 924 3582 κακότητα·
944 3488 985 3559 τά
995 3494 1058 3578 μέν
