2500 3925
327 220 501 277 LIB.V11.
535 219 635 278 CAP.
666 225 841 283 233-236.
1021 222 1085 287 22³

2 384 28 432 32
79 386 135 459 ζον
150 382 214 465 έφη
233 376 317 451 εἶναι
334 359 559 467 Σπαρτιήτησι
579 377 662 447 κατά
683 387 740 466 τῆς
755 380 928 469 θαλάσσης
943 388 1083 452 καταδε·

3 483 29 535 “3²
80 481 215 549 δυκέναι
230 485 359 564 μᾶλλον
372 473 393 565 ή
408 475 598 566 ὑπερέχειν,
615 485 683 548 αίεί
690 505 721 547 τι
734 484 932 566 προσδοκῶν
946 478 1005 549 ἀπ’
1020 480 1082 550 αό-

2 587 29 637 ῑὲῑ
76 583 134 662 τῆς
146 582 278 644 τοιοῦτο
294 581 431 645 ἔσεσθαι
457 572 532 646 οίόν
543 603 573 644 τι
586 574 652 664 έγώ
664 580 847 667 ἐξηγέομαι,
864 578 937 649 οότι
948 578 1008 649 τὸν
1020 577 1082 648 σὸν

5 664 26 725 ἶν’»
76 674 198 743 στόλον
212 673 392 764 προειδώς,
414 672 499 745 ἀλλά
519 676 630 744 πάντα
651 673 773 763 ὁμοίως
793 679 999 767 φοβεόμενος
1020 674 1082 746 ἀν-

2 768 28 826 ῑῖῑ
75 779 168 860 δρῶν
181 774 313 844 στόλον.
342 779 379 843 έκ
398 774 521 861 ταότης
535 768 585 843 (όν
600 784 659 862 τής
675 773 782 863 νήσου
799 773 999 865 ὁρμεόμενοι
1017 802 1082 863 φο-

2 886 28 943 λί
74 872 226 959 ῥεόντων
236 870 317 952 τοῦς
326 877 619 961 Λακεδαιμονίους.
637 881 802 963 παροίκου
813 878 849 944 δὲ
860 877 1008 963 πολέμου
1021 892 1082 961 σφι

2 971 26 1040 ’λέ
75 970 190 1051 έόντος
206 976 338 1058 οἰκηίου
357 970 458 1042 οὐδὲν
479 977 584 1043 δεινοί
604 979 741 1043 έσονταί
752 1000 819 1061 τοι,
841 974 885 1063 μή
901 985 958 1064 τῆς
979 974 1081 1061 ἀλλης

2 1072 27 1129 ῖὲ
68 1067 226 1151 Ἑλλάδος
245 1069 465 1162 ἁλισκομένης
484 1071 551 1143 ὑπό
573 1079 635 1142 τοῦ
659 1078 759 1155 πεζοῦ
783 1074 938 1161 βωθέωσι
963 1076 1078 1164 ταῦτη.

2 1187 26 1229 ὐ
75 1174 386 1260 καταδουλωθείσης
400 1175 436 1241 δὲ
446 1180 504 1260 τῆς
517 1170 620 1259 ἀλλης
630 1169 796 1261 Ἑλλάδος,
813 1170 954 1252 ἀσθενὲς
965 1171 1029 1261 ήδη
1041 1170 1077 1239 τό

2 1271 26 1346 33³
77 1266 274 1338 Λακωνικόν
283 1264 412 1357 μοῦνον
423 1275 578 1339 λείπεται.
601 1265 645 1356 ἦν
656 1272 692 1338 δέ
706 1277 810 1338 ταῦτα
820 1266 865 1358 μή
876 1277 985 1359 ποιής,
999 1269 1079 1338 τάδε

76 1396 125 1437 τοι
145 1368 318 1456 προσδόκα
333 1374 487 1439 έσεσθαι·
516 1374 584 1437 ἔστι
604 1375 662 1455 τῆς
675 1370 940 1457 Πελοποννήσου
958 1364 1079 1455 ίσθμδς

2 1488 25 1529 ι’
72 1467 219 1546 στεινός·
232 1466 547 1560 έντοότφτῷχιόρφ
557 1466 1078 1553 πάντωνΠελοποννησίωνσυν-

3 1565 25 1647 χιέι
76 1564 273 1652 ομοσάντων
286 1568 340 1635 ἐπὶ
360 1568 413 1635 σοὶ
433 1566 539 1653 μα’χας
553 1568 766 1652 ἰσχυροτέρας
780 1562 883 1645 ἄλλας
898 1573 965 1635 τῶν
980 1591 1078 1652 γενο-

3 1677 24 1746 ιζκ
74 1666 186 1748 μένων
200 1668 383 1751 προσδέκεο
398 1671 538 1734 ἔσεσθαί
549 1690 609 1735 τοι.
634 1666 740 1733 έκεῖνο
757 1665 793 1733 δέ
803 1664 979 1752 ποιήσαντι
992 1661 1073 1750 ἀμα-

2 1792 24 1834 α
72 1764 144 1848 χητὶ
165 1759 186 1828 ὅ
207 1786 242 1828 τε
262 1759 384 1849 ίσθμός
407 1755 506 1843 οὗτος
525 1766 581 1832 καὶ
599 1768 637 1833 αλ
654 1761 768 1842 πόλιες
789 1761 1075 1851 προσχωρήσουσι.

3 1892 19 1934 ιι
72 1867 171 1947 Λέγει
192 1858 274 1947 μετὰ
291 1867 413 1929 τοῦτον
430 1860 621 1949 Ἀχαιμένης
639 1859 801 1948 ἀδελφεός
815 1886 851 1929 τε
872 1858 938 1928 έῦυ
951 1863 1079 1947 Ξέρξεω
1093 1874 1142 1931 λθε

2 1969 21 2035 ἐι
72 1964 203 2030 καὶτοῦ
218 1968 380 2029 ναυτικοῦ
397 1969 542 2047 στρατοῦ
556 1958 754 2051 στρατηγός,
769 1954 971 2049 παρατυχόν
985 1984 1020 2027 τε
1031 1965 1076 2050 τῷ

3 2097 22 2133 ι,
72 2061 161 2151 λόγφ
177 2062 233 2128 καλ
256 2063 369 2146 δείσας
393 2058 437 2148 μή
454 2057 659 2152 ἀναγνωσθῇ
673 2063 796 2148 Ξέρξης
816 2062 943 2129 ποιέειν
956 2066 1075 2128 ταῦτα·

3 2174 20 2236 λι,
74 2155 276 2249 Ὦβασιλεῦ,
284 2157 370 2247 ὁρέω
381 2179 419 2228 σε
430 2157 554 2247 ἀνδρὸς
565 2161 786 2249 ἐνδεκόμενον
795 2158 929 2247 λόγους,
937 2155 974 2238 ὃς
985 2169 1076 2246 φθο-

4 2289 20 2352 μ
71 2264 139 2330 νέει
153 2283 205 2328 τοι
220 2252 259 2327 εὖ
280 2259 463 2347 πρήσσοντι
482 2256 505 2347 ή
520 2263 575 2329 καὶ
594 2264 753 2347 προδιδοῖ
768 2258 945 2348 πρήγματα
962 2257 1003 2327 τά
1021 2259 1074 2327 σά.

4 2391 17 2440 ,ς
71 2362 127 2428 καί
137 2354 202 2446 γὰρ
214 2354 254 2444 δή
265 2360 321 2426 καὶ
331 2358 486 2445 τρόποισι
496 2358 677 2428 τοιούτοισι
691 2358 865 2446 χρεόμενοι
880 2355 1075 2444 οίἝλληνες

6 2496 15 2535 ς
71 2463 241 2543 χαίρουσι·
269 2463 330 2523 τοῦ
350 2481 386 2523 τε
403 2454 571 2542 εὐτυχέειν
588 2457 777 2542 φθονέουσι
798 2458 854 2524 καλ
873 2452 910 2522 τὸ
933 2459 1075 2541 κρέσσον
1185 2465 1195 2524 J

13 2569 28 2642 5⁴
72 2555 259 2640 στυγέουσι.
282 2559 313 2621 εί
326 2551 358 2620 δ’
376 2558 428 2622 ε’πδ
442 2562 517 2642 τῇσι
536 2553 743 2642 παρεούσῃσι
760 2552 894 2640 τῦχησι,
919 2558 965 2644 τῷ
1005 2553 1077 2629 νέες

7 2668 17 2734 3
71 2649 321 2740 νεναυηγήκασι
342 2652 569 2739 τετρακόσιαι,
592 2652 694 2731 ἀλλας
715 2653 752 2720 έκ
768 2658 829 2720 τοῦ
851 2651 1076 2739 στρατοπέδου

7 2794 12 2832 2
71 2754 262 2839 τριηκοσίας
272 2746 480 2839 ἀποπέμψεις
489 2749 972 2839 περιπλόεινΠελοπόννησον,
983 2747 1076 2832 ἀξιό-

6 2876 15 2935 ’ς
71 2857 172 2939 μαχοί
183 2875 234 2919 τοι
249 2856 399 2938 γίνονται
414 2855 447 2919 οί
460 2847 650 2920 ἀντίπαλοι·
672 2847 754 2937 ἀλής
765 2851 802 2918 δὲ
813 2846 879 2918 έιῦν
889 2846 907 2917 ὁ
919 2846 1076 2927 ναυτικὰς

7 2992 13 3025 z
71 2947 211 3040 στρατὸς
228 2952 536 3039 δυσμεταχείριστός
551 2978 586 3020 τε
601 2948 731 3020 αὐτοῖσι
744 2957 882 3038 γίνεται,
899 2954 955 3021 καί
969 2948 1074 3037 ἀρχήν

7 3092 12 3131 5
72 3048 135 3119 οῦκ
150 3049 325 3137 ἀξιόμαχοί
335 3075 386 3119 τοι
400 3057 550 3138 ἔσονται,
570 3052 626 3119 καλ
639 3057 704 3129 πᾶς
719 3046 737 3118 ὁ
754 3045 912 3127 ναυτικὸς
928 3053 974 3139 τῷ
989 3052 1074 3136 πεζῷ

9 3189 12 3224 r
72 3147 185 3237 ἀρήξει
201 3145 284 3217 καὶὸ
298 3147 394 3230 πεζὸς
407 3157 453 3241 τῷ
467 3157 614 3242 ναυτικῷ
630 3147 717 3237 ὁμοῦ
731 3147 974 3237 πορευόμενος·
999 3151 1028 3214 εί
1039 3145 1074 3212 δὲ

9 3318 10 3321 ,
73 3248 282 3335 διασπάσεις,
299 3246 376 3316 οῦτε
386 3247 428 3317 σῦ
446 3255 535 3319 ἔσεαι
547 3251 703 3318 έκείνοισι
719 3246 880 3335 χρήσιμος
895 3241 973 3313 οὔτε
990 3245 1075 3313 ἐκεί-

8 3388 11 3399 ·
73 3373 126 3416 νοι
141 3352 203 3417 σοί.
227 3342 268 3415 τὰ
279 3355 430 3417 σεωυτοῦ
444 3349 480 3418 δὲ
494 3352 669 3436 τιθέμενος
685 3339 723 3415 εὖ
739 3342 879 3432 γνιῦμην
890 3347 942 3429 έχε
955 3339 996 3412 τῦ
1007 3348 1075 3411 τῶν

73 3444 302 3536 ἀντιπολέμων
313 3445 358 3536 μή
370 3450 582 3536 ἐπιλέγεσθαι
593 3446 786 3536 πρήγματα,
802 3449 841 3532 τῇ
851 3469 886 3510 τε
899 3439 1072 3530 στήσονται
