2500 3925
203 160 268 226 2oe
583 164 836 224 HERODOTI

203 348 263 401 νος
275 328 336 391 τοῦ
348 329 494 409 στρατοῦ
508 336 691 411 παρασχεῖν
701 346 758 409 μοι
772 319 835 409 τὴν
846 319 1006 391 Ἑλλάδα
1019 322 1208 407 δεδονλομε

203 446 285 507 νην,
310 447 416 490 αυτον
439 419 471 489 δ
493 422 551 507 έμλ
570 422 701 491 κελεύει
722 418 935 489 ἀπελαύνειν
959 416 1034 488 σύν
1057 426 1111 512 τῷ
1134 426 1207 486 λοιτὲ

203 625 387 705 ναυμαχίης
403 610 444 687 εὖ
466 616 739 704 συνεβούλευσας
758 624 816 703 τῆς
836 619 1038 704 γενομένης
1061 612 1132 684 οὐκ
1151 581 1205 681 ἐώέι

202 720 393 803 ποιέεσθαι,
413 722 480 784 νῦν
500 740 536 785 τε
556 714 849 804 συμβούλευσον
834 715 989 803 οκότερα
1014 715 1177 783 ποιέων
1164 738 1206 781 επε
1218 715 1219 722 '

137 831 186 886 102
201 814 290 899 τύχω
306 838 346 881 ευ
333 806 642 902 ’βουλευσάμενος
680 810 795 901 Ομλν
814 818 922 883 ταῦτα
939 814 1205 903 συνεβουλεύετο

201 910 270 999 ἡδὲ
280 914 370 997 λέγει
380 909 476 979 τάδε·
497 916 654 999 Βασιλεύ,
666 909 813 998 χαλεπὸν
823 917 888 998 μέν
899 916 974 982 ἐστι
986 920 1204 1001 συμβουλευο

201 1014 291 1102 μένῳ
306 1026 418 1097 τυχεῖν
432 1009 473 1080 τὰ
495 1010 614 1100 ἄριστα
630 1022 788 1099 εἴπασαν,
809 1014 862 1082 έπλ
877 1015 1004 1099 μέντοι
1020 1028 1120 1082 τοῖσι
1135 1010 1204 1093 κατηε

201 1131 300 1181 κουσι
309 1109 479 1197 πρήγμασι
490 1116 599 1181 δοκέει
611 1139 668 1199 μοι
680 1110 785 1181 αύτδν
795 1114 859 1199 μέν
868 1132 909 1179 σε
920 1109 1150 1181 ἀπελαύνειν
1159 1108 1204 1176 ὀκέ-

201 1227 266 1295 συ,
289 1208 492 1293 Μαρδόνιον
507 1213 561 1297 δέ,
586 1217 617 1279 el
635 1213 744 1281 ἐθέλει
761 1236 797 1281 τε
816 1212 871 1279 καὶ
891 1206 1117 1279 ὑποδέκεται
1132 1214 1205 1276 zaim

201 1308 372 1395 ποιήσειν,
387 1306 493 1378 αὐτοῦ
507 1318 701 1379 καταλιπεῖν
715 1307 781 1379 σύν
794 1322 879 1377 τοῖσι
895 1310 1029 1377 ἐθέλει.
1052 1316 1159 1376 τοῦτο
1169 1308 1203 1392 μὲι

200 1410 284 1497 γάρ,
304 1403 349 1496 ἦν
363 1415 627 1500 καταστρέψηται
640 1411 682 1479 ια’
703 1430 787 1498 φησι
808 1413 944 1479 ἐθέλειν
962 1417 1031 1477 καί
1046 1416 1087 1479 ot
1100 1434 1204 1497 προχο

201 1508 288 1627 ρήση
300 1536 340 1577 τα
329 1505 464 1579 ’νοέων
477 1512 576 1596 λέγει,
595 1506 658 1577 σδν
674 1534 711 1577 το
701 1500 883 1595 Μέργον,
855 1534 880 1575 οι
901 1511 1074 1596 δέσποτα,
1091 1516 1203 1595 γίνεται

201 1605 288 1674 οῖ’
248 1634 314 1693 γαρ
330 1610 382 1679 σολ
398 1614 514 1679 δοῦλοι
527 1608 793 1695 κατεργάσαντο,
808 1613 908 1675 τοῦτο
923 1604 1028 1694 δὲ,”
1000 1634 1055 1694 ην
1069 1634 1116 1675 τα
1103 1606 1203 1675 έιαι

200 1710 253 1773 τία
267 1713 325 1793 τῆς
337 1712 540 1795 Μαρδονίου
559 1706 696 1827 γνύμης
714 1709 865 1793 γένηται,
887 1701 1043 1790 οὐδεμία
1066 1724 1202 1811 συμρορη

200 1805 327 1892 μεγάλη
339 1811 430 1875 έσται
440 1808 496 1875 σέο
507 1831 543 1873 τε
553 1828 747 1890 περιεοντος
758 1806 813 1871 καὶ
832 1799 935 1886 σόων,
954 1803 1036 1867 τῶν
1068 1800 1203 1891 πρηγμά-

199 1930 269 1973 τνν
282 1908 358 1995 περὶ
373 1902 516 1975 οἶκον’
481 1930 543 1974 τον
555 1905 629 1974 σόν.
658 1898 703 1991 ἦν
715 1902 781 1992 γὰρ
800 1903 844 1972 σύ
860 1908 900 1970 ’τε
915 1910 1047 1992 περιῇς
1064 1930 1126 1972 και
1114 1900 1201 1978 οἰκος

200 2002 300 2091 οσός,
315 2002 462 2084 πολλούς
476 2003 666 2085 πολλάκις’
647 2013 779 2091 αγολνας
790 2008 996 2091 δραμέονται
1011 2009 1101 2092 περὶ
1113 2009 1201 2092 σφέων

200 2099 312 2170 αὐτῶν
324 2101 375 2170 ολ
374 2102 530 2190 Έλληνες.
545 2101 840 2190 ΜαρδονίουδἩ
796 2130 862 2190 ,ην
872 2127 905 2170 τι
914 2102 1030 2190 παθη,
1045 2105 1189 2208 λόγος
1162 2100 1201 2170 οίε

199 2202 266 2277 δεῖς
280 2206 419 2286 γίνεται·
432 2197 518 2269 ούδέ
526 2228 558 2270 τι
570 2200 735 2282 νικέοντες
749 2201 803 2270 οῖ’
799 2207 944 2288 Ελληνες
957 2181 1201 2289 νικέουσι,δου

197 2307 260 2368 λον
275 2296 338 2368 σδν
360 2296 597 2398 ἀπολέσαντες
625 2301 671 2371 σὺ
687 2303 739 2389 δὲ,
760 2329 828 2370 τοιν
850 2304 983 2370 εἵνεκεν
1005 2301 1076 2373 τδν
1098 2306 1200 2373 στόλοι

132 2408 182 2463 103
198 2397 372 2487 ἐποιήσαο,
387 2399 547 2485 παρούσας
560 2426 619 2480 τας
633 2399 778 2488 Ἀθήνας
792 2396 924 2490 απελᾷς.
938 2397 1063 2489 Ἠσθη
1079 2429 1118 2472 τε
1128 2401 1199 2490 δην

198 2506 385 2591 συμβουλίη
401 2503 483 2591 Effe}
483 2527 538 2589 ’ῖς
560 2498 757 2588 λέγουσα’
717 2526 782 2588 γαρ
797 2498 1003 2586 ἐπετύγχανε
1022 2501 1137 2586 τοίπερ
1153 2501 1198 2570 αδ

197 2595 253 2676 τὰς
270 2599 370 2668 ένόεε.
400 2597 533 2670 ούδδ
493 2627 559 2688 γαρ
581 2605 612 2668 εέ
624 2599 747 2678 πάντες
760 2601 816 2668 καὶ
830 2604 934 2666 πᾶσαι
951 2603 1196 2686 συνεβούλευον

198 2691 289 2783 αὐτῷ
302 2699 432 2784 μένειν,
448 2704 544 2786 έμενε
558 2695 603 2767 ι’ὶυ
617 2701 748 2767 δοκέειν
761 2699 848 2782 έμοέ·
877 2693 967 2762 οὕτω
984 2699 1195 2788 καταρρωδη-

196 2818 261 2860 κεε.
285 2794 460 2874 έπαινέσας
476 2799 513 2864 δὲ
526 2795 589 2885 τὴν
602 2795 809 2883 Ἀρτεμισίην
823 2791 949 2879 ταύτην
962 2796 1029 2879 μὲν
1043 2795 1192 2867 ἀποστέλ-

195 2899 246 2959 λει
261 2888 413 2976 ἄγουσαν
432 2891 537 2964 αὐτοῦ
551 2892 632 2975 τούς
645 2899 764 2974 παῖδας
785 2895 818 2972 ές
829 2890 991 2977 Ἔφεσον·
1022 2897 1127 2965 νόθοι
1142 2898 1191 2984 γάρ

131 3003 179 3058 ιοῖ
193 3015 282 3068 τινες
300 2995 415 3074 παῖδές
430 2999 465 3063 οῖ
479 3001 688 3064 συνείποντο.
722 2995 924 3076 Συνέπεμπε
946 2989 983 3058 δὲ
1002 3006 1092 3061 τοῖσι
1111 2995 1190 3062 παισὶ

196 3089 351 3174 φύλακον
367 3090 582 3184 Ἑρμότιμον,
601 3096 701 3181 γένος
714 3094 777 3181 μὲν
792 3089 890 3160 έόντα
903 3093 1083 3179 Πηδασέα,
1099 3095 1188 3182 φερό-

195 3216 299 3276 μενον
313 3192 350 3261 δὲ
364 3193 406 3264 ού
421 3194 462 3266 τα
477 3197 618 3285 δεύτερα
633 3202 700 3263 τῶν
716 3191 889 3277 εὐνούχων
901 3187 993 3279 παρὰ
1007 3198 1188 3280 flammei

195 3287 232 3354 δέ
237 3293 407 3374 Πηδασέες
417 3299 565 3363 οἰκέουσι
575 3285 937 3378 δπλρἈλικαρνησσοῦ.
949 3290 986 3355 έν
994 3287 1185 3378 δὲτοῖσιΠη-

196 3384 327 3456 δύσοισι
340 3392 489 3459 τούτοισι
502 3391 635 3459 τοιόνδε
647 3393 781 3474 φέρεται
796 3393 931 3474 πρῆγμα
944 3391 1113 3484 γίνεσθαι·
1135 3393 1183 3457 ἐκ·
