2500 3925
26 288 27 291 ,
151 225 214 288 190
523 229 774 287 HERODOTI

147 387 226 468 κτός
238 413 304 475 μνς
317 384 522 475 ἀρουραίους
535 384 619 456 κατὰ
636 387 699 474 μὲν
722 400 844 475 φαγεῖν
867 387 947 469 τούς
961 397 1154 478 φαρετρεῶ-

147 517 208 570 νας
228 486 358 574 αὐτῶν,
386 486 470 559 κατά
488 489 525 558 δὲ
538 487 580 557 τόι
595 487 691 576 τόξα,
714 487 799 575 πρός
814 492 850 558 δὲ
864 496 933 558 τῶν
945 485 1099 557 ἀσπίδων
1112 485 1152 555 τά

147 586 267 674 όχανα,
290 586 374 655 ὥστε
393 594 434 676 τῇ
461 585 619 677 ὑστεραίῃ
641 589 841 676 φευγόντων
868 591 983 675 σφέων
1011 593 1155 674 γυμνῶν

147 683 263 754 ὅπλων
291 688 424 756 πεσέειν
451 685 606 765 πολλούς.
653 689 709 755 καί
732 693 799 755 νῦν
823 679 922 765 οὗτος
948 684 967 756 ὁ
992 679 1155 775 βασιλεύς

146 785 262 872 ἔστηκε
281 787 320 852 έν
334 792 381 875 τῷ
399 788 461 876 ἱρῷ
474 791 537 852 τοῦ
550 781 736 870 Ἡφαίστου
751 791 900 871 λίδινος,
923 790 1009 872 ἔχων
1026 784 1080 852 έπλ
1094 788 1154 869 τῆς

145 877 254 967 χειρδς
278 885 364 966 μῦν,
395 882 504 966 λέγειν
529 877 586 949 διά
609 880 814 968 γραμμάτων
835 880 914 948 τάδε
960 878 1028 948 ἘΣ
1047 876 1158 946 ἘΜΕ

148 984 229 1047 ΤΙΣ
245 976 412 1047 ὉΡΕΩΝ
430 986 648 1048 ΕῬΣΕΒΗΣ
669 976 807 1047 ἘΣΤΩ.

79 1093 128 1147 142
225 1073 293 1144 ἘΣ
310 1082 418 1144 ΜΕΝ
435 1076 575 1146 τοσόνδε
594 1081 656 1145 τοῦ
676 1075 782 1163 λόγον
796 1076 979 1163 Αδγύπτιοί
996 1101 1032 1144 τε
1047 1077 1104 1143 καὶ
1119 1077 1156 1141 οἱ

143 1179 229 1264 ἱρέες
245 1183 377 1262 ἔλεγον,
403 1172 663 1255 ἀποδεικνύντες
677 1172 744 1244 ἀπὸ
765 1182 826 1244 τοῦ
843 1175 981 1261 πρύτου
993 1175 1149 1264 βασιλέος

143 1276 177 1352 ές
191 1281 252 1341 τοῦ
270 1272 456 1361 Ἡφαίστου
470 1269 531 1340 τόν
543 1275 617 1360 ἱρέα
630 1279 751 1342 τοῦτον
765 1270 826 1342 τόν
843 1281 1033 1342 τελευταῖον
1048 1278 1150 1358 βασι-

142 1372 308 1440 λεύσαντα
322 1379 402 1458 μίαν
416 1397 452 1440 τε
467 1374 523 1440 καί
536 1371 781 1456 τεσσεράκοντα
803 1377 858 1441 καὶ
877 1377 1070 1460 τριηκοσίας
1085 1366 1150 1437 ἀν-

140 1473 293 1559 θρώπων
305 1469 423 1559 γενεάς
437 1473 631 1558 γενομένας,
650 1474 704 1540 καὶ
718 1475 757 1540 έν
769 1471 908 1561 ταύτησι
921 1468 1077 1558 ἀρχιρέας
1092 1473 1149 1537 καὶ

140 1573 296 1660 βασιλέας
306 1572 483 1657 ἑκατέρους
492 1568 674 1648 τοσούτους
687 1572 898 1658 γενομένους.
929 1574 1036 1638 καίτοι
1050 1594 1147 1656 τριη-

140 1669 251 1738 κόσιαι
265 1667 328 1755 μὲν
344 1665 480 1755 ἀνδρῶν
494 1671 605 1754 γενεαὶ
619 1670 777 1737 δυνέαται
791 1668 896 1758 μύρια
918 1673 1008 1738 έτεα·
1032 1669 1149 1752 γενεαὶ

138 1766 203 1856 γὰρ
218 1782 305 1854 τρεῖς
320 1765 456 1855 ἀνδρῶν
469 1763 589 1836 έκατδν
605 1765 679 1835 §mi
694 1769 771 1835 έστι.
810 1773 887 1854 μιῆς
908 1766 944 1833 δὲ
959 1765 1014 1834 καὶ
1028 1782 1148 1831 τεσσε-

138 1867 285 1955 ράκοντα
305 1875 353 1938 έτι
374 1876 443 1938 τῶν
469 1872 652 1938 ἐπιλοίπων
677 1871 820 1953 γενεῶν,
856 1874 894 1936 αἱ
915 1870 1044 1952 ἐπῆσαν
1069 1871 1146 1953 τῇσι

137 1976 354 2059 τριηκοσίῃσι,
381 1972 448 2039 ἐστὶ
465 1969 709 2057 τεσσεράκοντα
724 1973 779 2039 καὶ
795 1967 968 2057 τριηκόσια
984 1968 1040 2035 καὶ
1054 1973 1146 2053 χίλια

136 2076 218 2138 έτεα.
259 2068 348 2137 ούτυ
369 2074 407 2140 έν
429 2076 582 2158 μυρίοισί
597 2096 633 2138 τε
655 2076 740 2139 ἔτεσι
761 2072 817 2139 καὶ
830 2075 963 2156 χιλίοισι
981 2068 1035 2135 καὶ
1058 2063 1146 2151 πρὸς

136 2171 358 2251 τριηκοσίοισί
372 2192 410 2235 τε
428 2167 486 2236 καί
500 2167 743 2256 τεσσεράκοντα
757 2174 874 2255 ἔλεγον
894 2161 980 2235 θεὸν
1000 2161 1145 2251 ἀνθρω-

134 2264 269 2332 ποειδέα
291 2260 414 2332 ούδένα
447 2262 622 2348 γενέσθαι·
668 2261 708 2335 ού
743 2264 806 2353 μέν
847 2260 930 2333 οὐδὲ
960 2262 1143 2350 πρότερον,

134 2358 214 2429 ούδδ
230 2361 374 2447 ὕστερον
383 2365 428 2433 ’ἐν
443 2377 529 2431 τοῖσι
544 2361 758 2432 ὑπολοίποισι
771 2362 947 2449 Αίγύπτον
963 2365 1143 2448 βασιλεῦσι

102 2458 105 2469 '
134 2462 345 2548 γενομένοισι
358 2466 475 2548 ἔλεγον
489 2468 620 2531 τοιούτο
636 2459 745 2529 οὐδέν.
789 2462 826 2530 ἐν
840 2465 958 2529 τοίνυν
969 2457 1079 2542 τούτῳ
1093 2463 1142 2548 τῷ

131 2556 242 2650 χρόνῳ
261 2557 412 2646 τετράκις
431 2565 547 2647 ἔλεγον
568 2560 601 2639 ἐξ
621 2555 736 2645 ἡδέων
755 2555 815 2627 τδν
835 2556 933 2647 ἥλιον
948 2555 1141 2625 ἀνατεῖλαι·

130 2664 217 2729 ένδα
229 2686 265 2729 τε
277 2666 345 2729 νύν
358 2661 567 2749 καταδύεται,
589 2663 751 2729 ἐνθεῦτεν
765 2664 814 2739 δὶς
829 2662 1060 2745 έπανατείλαι,
1082 2660 1142 2727 καὶ

129 2762 232 2827 ίνδεν
252 2766 318 2827 νῦν
331 2757 520 2847 ἀνατέλλει,
544 2761 693 2829 ἐνθαῦτα
708 2760 757 2837 δὶς
771 2762 973 2827 καταδῦναι·
997 2758 1055 2826 καί
1075 2753 1141 2825 ού-

130 2855 189 2924 δδν
202 2863 271 2924 τῶν
287 2854 361 2925 κατ’
380 2865 555 2944 Αίγνπτον
569 2845 638 2925 ὑπό
652 2862 756 2923 ταῦτα
773 2858 1033 2943 ἑτεροιωθῆναι,
1057 2851 1141 2920 οὔτε

127 2952 168 3023 τό
188 2958 226 3023 ἐκ
245 2962 385 3044 τῆςγῆς
405 2954 484 3025 ούτε
502 2953 543 3024 τδ
564 2958 601 3025 έκ
620 2962 681 3023 τοῦ
704 2962 856 3044 ποταμοῦ
878 2976 939 3042 σφι
958 2951 1139 3041 γινόμενα,

127 3050 205 3121 οὔτε
218 3051 259 3123 ιδ
276 3050 362 3140 ἀμφὶ
375 3054 523 3134 νούσους
536 3052 614 3123 οὔτε
629 3049 669 3121 τά
684 3050 767 3121 κατὰ
781 3050 859 3133 τούς
872 3050 1057 3129 θανάτους.

61 3168 110 3224 143
208 3152 381 3242 Πρότερον
397 3152 433 3220 δὲ
447 3150 607 3244 Ἑκαταίῳ
620 3159 666 3243 τῷ
683 3159 849 3243 λογοποιῷ
870 3154 908 3220 έν
923 3150 1056 3241 Θήβησι
1074 3175 1139 3236 γε-

126 3249 368 3337 νεηλογήσαντί
379 3272 414 3314 τε
429 3244 556 3315 ἑωυτόν
570 3251 626 3315 καί
642 3244 846 3334 ἀναδήσαντι
860 3246 923 3337 τὴν
937 3245 1085 3336 πατριὴν
1099 3250 1139 3327 ές

46 3383 51 3389 ’
125 3347 360 3414 ἑκκαιδέκατον
378 3342 464 3413 θεὸν
486 3347 646 3433 ἐποίησαν
670 3351 704 3413 οἱ
721 3350 806 3434 ἱρέες
827 3354 887 3417 τοῦ
902 3344 986 3425 Διδς
1011 3341 1086 3416 υἱόν
1099 3372 1139 3414 τι

124 3442 179 3511 καί
194 3443 266 3527 έμοὶ
286 3438 328 3509 οὐ
347 3442 629 3532 γενεηλογήσαντι
642 3443 828 3531 έμευυτόν·
858 3443 1080 3532 ἐσαγαγόντες
1098 3447 1139 3523 ές
