2500 3925
151 242 216 308 κιο
519 225 758 307 κ’τεοοοτι

153 445 251 507 τερον
263 418 329 505 γὰρ
339 417 382 505 δη
395 419 557 508 Περσέων
569 422 606 487 οί
616 419 792 505 συνέδρων
808 416 933 486 ἐόντων
946 415 1003 483 καί
1016 418 1156 502 Κροίσου

155 530 263 607 είρετο
287 518 492 607 Καμβύσης,
523 518 616 599 κοῖός
639 544 686 599 τις
718 519 827 587 δοκέοι
857 514 943 606 ἀνὴρ
973 513 1061 584 εἶναι
1083 512 1158 601 πρδς

153 618 213 689 τδν
244 623 385 709 πατέρα·
416 624 452 688 οί
475 620 513 689 δέ
544 616 738 708 ἀμείβοντο,
770 616 816 699 εδς
847 629 898 707 είη
929 615 1078 704 ἀμείνων
1107 618 1158 681 τού

154 719 295 809 πατρός·
338 719 381 789 τά
404 747 441 789 τε
469 720 537 810 χάρ
569 724 701 790 ἐκείνου
725 719 835 789 πάντα
861 725 949 807 έχειν
975 711 1083 785 αύτδν
1112 714 1159 781 καί

156 827 405 909 προσεκτῆσθαι
417 822 596 907 Αἴγυπτόν
612 848 649 890 τε
666 822 723 889 καὶ
738 819 802 908 τὴν
817 820 1003 890 θάλασσαν.
1040 816 1160 904 Πέρσαι

154 922 218 1011 μέν
246 928 352 990 ταῦτα
383 929 501 1008 ἔλεγον
508 975 518 1010 ,
549 933 697 1012 Κροῖσος
727 921 766 990 δὲ
795 920 931 1010 παρεύν
961 945 997 987 τε
1023 917 1081 985 καί
1106 913 1160 983 ούκ

154 1020 377 1112 ἀρεσκόμενος
400 1028 444 1113 τῇ
467 1030 559 1114 κρίσι
581 1022 654 1092 εἷπε
678 1021 763 1103 πρὸς
785 1020 845 1091 τόν
862 1016 1053 1107 Καμβύσην
1075 1014 1160 1085 τόδε·

151 1121 243 1213 Ἐμοὶ
268 1126 330 1210 μέν
347 1152 432 1211 νυν,
458 1118 485 1192 ἀ
510 1138 573 1193 παλ
588 1124 728 1213 Κύρου,
751 1116 792 1191 ού
812 1123 936 1200 δοκέεις
955 1116 1072 1206 ὅμοιος
1087 1115 1162 1187 εἶναι

154 1228 202 1316 τῷ
220 1225 350 1313 πατέρι·
383 1222 425 1293 ού
449 1224 514 1314 χάρ
538 1252 586 1295 κω
612 1230 666 1292 τοί
682 1226 751 1292 έστι
766 1222 860 1310 υίδς,
883 1217 956 1292 οἷον
980 1219 1020 1288 σὲ
1045 1221 1163 1296 έκείνος

155 1331 358 1393 κατελίπετο.
399 1324 521 1413 Ἥσθη
553 1353 589 1394 τε
620 1330 726 1394 ταῦτα
756 1322 903 1403 ἀκούσας
933 1319 952 1391 ὁ
983 1318 1163 1406 Καμβύσης

110 1426 214 1497 λσκαὶ
249 1427 382 1496 ἐπαίνεε
415 1424 478 1513 την
510 1433 662 1514 Κροίσου
696 1431 816 1511 κρίσιν.
869 1422 1007 1494 Τούτων
1044 1419 1087 1506 δὴ
1123 1410 1165 1485 ἀν

157 1529 403 1615 ἐπιμνησθέντα
421 1525 507 1617 ὀρχῇ
532 1527 643 1612 λέγειν
666 1524 750 1615 πρός
768 1525 828 1593 τδν
846 1525 1070 1613 Πρηξάσπεα·
1115 1515 1163 1588 Σύ

155 1632 224 1696 νύν
241 1628 348 1715 μάθε,
373 1635 406 1697 εί
431 1629 567 1713 λέγουσι
585 1628 715 1715 Πέρσαι
733 1623 880 1713 ἀληθέα,
907 1634 973 1693 είτε
992 1620 1092 1689 αύτοί
1116 1618 1166 1687 λέ-

158 1750 274 1812 γοντες
295 1732 399 1793 ταῦτα
422 1727 715 1812 παραφρονέουσι·
744 1729 775 1791 εί
796 1722 943 1810 μὲνγὰρ
965 1729 1030 1790 τοῦ
1047 1719 1162 1798 παιδός

156 1830 219 1892 τοῦ
244 1830 308 1892 σοῦ
333 1828 433 1892 τοῦδε
460 1826 621 1906 Ιέστεολτος
648 1824 685 1890 έν
709 1835 795 1889 τοῖσι
818 1821 1025 1909 προθύροισι
1051 1819 1163 1909 βαλὼν

156 1922 289 2011 τύχοιμι
303 1927 404 2012 μέσης
418 1930 475 2010 τῆς
490 1925 644 2008 καρδίης,
665 1922 792 2007 Πέρσαι
807 1921 991 2006 φανέονται
1010 1920 1163 2005 λέγοντες

157 2020 275 2091 οὐδέν·
296 2017 341 2108 ἢν
362 2020 393 2088 δ’
410 2019 565 2109 ἀμάρτω,
588 2019 695 2107 φάναι
708 2021 840 2106 Πέρσας
855 2045 890 2087 τε
906 2023 1019 2106 λέγειν
1036 2016 1164 2107 ἀληθέα

156 2122 212 2187 καί
227 2118 284 2206 ἐμέ
304 2117 350 2206 μη
365 2121 582 2207 σωφρονέειν.
632 2125 744 2186 Ταῦτα
760 2121 796 2185 δέ
812 2117 948 2186 εἰπόντα
967 2121 1025 2187 καί
1041 2122 1164 2186 διατεί-

156 2240 263 2283 ναντα
276 2214 313 2284 τὸ
328 2215 428 2298 τόξον
444 2223 562 2303 βαλεῖν
583 2214 645 2284 τὸν
659 2221 771 2302 παῖδα,
784 2215 945 2296 πεσόντος
957 2217 993 2285 δὲ
1007 2226 1071 2286 τοῦ
1086 2242 1165 2285 παι-

158 2312 215 2391 δδς
230 2312 417 2402 ἀνασχίζειν
428 2314 534 2384 αύτδυ
545 2317 697 2386 κελεύειν
709 2318 763 2385 καὶ
777 2319 965 2398 σκέψασθαι
979 2314 1018 2385 τό
1036 2324 1164 2406 βλῆμα·

158 2408 202 2489 ὡς
217 2411 254 2478 δὲ
268 2413 306 2479 έν
316 2417 356 2502 τῇ
367 2418 487 2502 καρδίη
498 2411 682 2500 εὑρεθῆναι
693 2414 831 2482 ένεόντα
843 2410 904 2480 τὸν
918 2410 1045 2501 ὀϊστόν,
1059 2420 1166 2482 εἰπεῖν

157 2507 241 2596 πρός
257 2507 318 2578 τὸν
337 2515 463 2599 πατέρα
483 2518 545 2579 τοῦ
564 2509 685 2590 παιδός
705 2511 891 2597 γελάσαντα
910 2513 965 2580 καὶ
981 2513 1167 2600 περιχαρέα

156 2608 357 2695 γενόμενον·
395 2609 610 2697 Πρήξασπες,
638 2607 682 2688 ὡς
706 2611 768 2696 μέν
786 2607 852 2692 ἔχω’
869 2632 904 2676 τε
921 2607 964 2679 ού
989 2618 1167 2697 μαίνομαι,

155 2707 284 2791 Πέρσαι
298 2732 335 2774 τε
348 2708 640 2794 παραφρονέουσι,
657 2709 741 2793 δῆλά
751 2733 802 2776 τοι
818 2709 953 2794 γέγονε,
973 2715 1042 2776 νῦν
1057 2713 1099 2777 δέ
1111 2732 1169 2795 μοι

158 2813 245 2895 εἰπὲ,
266 2816 342 2878 τίνα
356 2808 440 2889 εἶδες
453 2808 518 2896 ἤδη
533 2808 671 2877 πάυτων
688 2808 881 2895 ἀνθρώπων
893 2809 982 2879 οὕτω
998 2811 1169 2878 ἐπίσκοπα

156 2908 352 2990 τοξεύοντας
374 2908 578 2995 Πρηξάσπεα
598 2907 635 2975 δὲ
649 2905 788 2996 ὁρέοντα
808 2906 914 2992 ἀνδρα
932 2903 975 2975 ού
990 2906 1169 2996 φρενήρεα

155 3009 302 3089 καὶπερὶ
318 3006 431 3096 ἑωυτῷ
447 3009 660 3090 δειμαίνοντα
675 3012 794 3075 εἰπεῖν·
827 3009 1002 3093 Δέσποτα,
1027 3004 1105 3075 οὐδ’
1126 3001 1170 3072 ἀν

155 3101 261 3170 αύτόν
282 3108 386 3189 ἔγωγε
407 3104 513 3170 δοκέω
528 3099 588 3172 τὸν
612 3101 699 3171 θεὸν
716 3104 805 3172 ούτω
826 3101 870 3172 ἀν
885 3109 995 3182 καλῶς
1033 3112 1168 3191 βαλεῖν.

159 3199 241 3264 Τότε
255 3200 318 3283 μὲν
330 3205 434 3266 ταῦτα
444 3200 653 3288 ἐξεργάσατο,
662 3203 801 3291 ἑτέρωθι
811 3202 847 3271 δὲ
853 3203 1016 3289 Περσέων
1027 3205 1173 3289 ὁμοίους

154 3311 240 3364 τοῖσι
253 3293 415 3381 πρύτοισι
426 3298 579 3365 δυύδεκα
590 3297 641 3366 ἐπ’
655 3298 793 3389 οὐδεμιῇ
804 3307 890 3388 αίτίη
901 3296 1066 3393 ἀξιόχρεῳ
1080 3296 1171 3370 έλεδυ

109 3410 142 3464 ³6
157 3395 300 3478 ζύοντας
312 3397 364 3462 ἐπὶ
375 3392 525 3480 κεφαλὴν
537 3396 715 3484 κατώρυξε.
748 3405 859 3464 Ταῦτα
873 3399 914 3465 δέ
923 3423 985 3482 μιν
999 3406 1172 3466 ποιεῦντα

156 3495 328 3561 έδικαίσσ·
358 3498 495 3569 ”··”*ος
519 3491 537 3558 ὁ
561 3493 674 3574 Λυδδς
696 3501 899 3580 νουθετῆσαι
924 3500 1052 3563 τοισίδε
1079 3507 1173 3564 τοῖσι

42 3778 178 3884 h·
