2500 3925
182 257 244 322 3³4
556 255 810 315 HERODOTI

181 415 281 502 πεζόν
300 415 443 506 στρατόν
462 413 522 486 τόν
543 416 707 504 σφέτερον
728 414 827 484 ἐόντα
852 418 889 484 έν
902 423 942 506 τῇ
959 416 1132 505 Μυκόλη,
1157 415 1190 497 ἃς

181 517 400 596 κελεύσαντος
410 519 538 603 Ξέρξεω
549 517 845 603 καταλελειμμένος
855 522 915 583 τοῦ
926 515 1031 585 ἀλλον
1043 525 1190 600 στρατοῦ

176 612 306 702 Ἰονίην
315 611 493 701 έφόλασσε.
504 621 566 681 τοῦ
576 621 706 703 πλῆθος
716 613 778 700 μέν
788 605 832 699 ήν
841 615 875 693 ἓξ
886 614 1058 700 μυριάδες,
1070 616 1189 701 έστρα-

180 711 276 798 τήγεε
297 710 333 780 ἀλ
353 705 458 780 αὐτοῦ
479 712 647 799 Τιγράνης
661 711 779 780 κάλλεΐ
796 735 832 778 τε
849 713 903 778 καί
920 712 1067 798 μεγάθει
1081 709 1190 796 ὑπερ

181 811 295 896 φέρων
309 809 477 897 Περσέων.
502 805 569 878 ἀπό
584 816 705 878 τοῦτον
718 810 780 895 μὲν
795 806 837 896 δή
853 805 915 877 τόν
928 807 1075 897 στρατόν
1090 813 1192 897 έβον-
1229 860 1230 897 ,

180 908 344 977 λούσαντο
356 907 606 997 καταφυγόντες
619 913 653 978 οἱ
660 915 722 977 τοῦ
732 915 895 975 ναυτικοῦ
906 913 1085 997 στρατηγοί
1098 908 1192 978 ἀνει-
1229 900 1230 979 ζ

181 1009 281 1093 ρόσαι
295 1005 354 1089 τάς
368 1011 445 1090 νέας
459 1013 514 1078 καί
528 1013 768 1099 περιβαλέσθαι
779 1009 885 1095 ἕρκος,
901 1012 1007 1096 ἔρυμα
1017 1017 1092 1078 τῶν
1105 1018 1194 1079 νεῶν

132 1121 167 1179 97
184 1109 239 1176 καί
258 1110 372 1193 σφέων
392 1105 504 1176 αὐτόν
518 1108 762 1196 κρησφύγετον.
794 1112 905 1175 Ταῦτα
918 1109 1192 1196 βουλευσόμενοι

180 1206 356 1295 ἀνήγοντο.
373 1205 570 1297 ἀπικόμενοι
582 1208 618 1278 δὲ
629 1206 719 1297 παρά
731 1205 769 1278 τό
780 1215 848 1276 τῶν
857 1213 1031 1278 Ποτνιέων
1043 1207 1131 1297 ίρὸν
1142 1217 1194 1297 τῆς

180 1305 347 1391 Μυκάλης
363 1307 396 1385 ές
406 1308 562 1376 Γαίσοινά
577 1333 611 1375 τε
623 1309 678 1375 καί
689 1304 937 1393 Σκολοπόεντα,
952 1313 993 1396 τῇ
1005 1307 1194 1397 Δήμητρος

177 1402 379 1490 Ἐλευσινίης
393 1405 461 1473 έστί
474 1402 561 1493 ίρόν,
576 1401 613 1474 τό
628 1411 782 1484 Φίλιστος
797 1403 815 1473 ὁ
829 1407 1014 1483 Πασικλέος
1025 1404 1194 1492 ίάρόσατο

180 1508 310 1594 Νείλεφ
327 1509 373 1594 τῷ
396 1503 533 1593 Κόδρου
551 1503 772 1591 ἐπισπόμενος
793 1505 847 1572 έπλ
860 1501 1017 1590 Μιλήτου
1038 1502 1198 1588 κτιστάν,

183 1604 332 1670 ἐνθαῦτα
347 1602 405 1682 τάς
421 1629 456 1672 τε
474 1604 550 1684 νέας
567 1600 752 1690 ἀνείρυσαν
766 1605 822 1671 καὶ
835 1601 1078 1690 περιεβάλοπο
1097 1605 1197 1692 ἕρκος

182 1701 236 1768 καί
251 1706 361 1768 λίθον
382 1703 437 1770 καὶ
451 1702 577 1788 ξόλυυ,
601 1703 741 1785 δένδρεα
761 1697 963 1782 ἐκκόψαντες
979 1697 1116 1789 ἥμεροι,
1147 1705 1196 1770 καλ

182 1799 349 1880 σκόλοπας
365 1799 487 1888 περὶ
453 1829 491 1870 το
507 1805 604 1891 ἕρκος
619 1804 815 1923 κατέπηξαν.
838 1801 893 1868 και
914 1799 1197 1885 παρεσκευάδατο

183 1897 228 2020 ἀς
249 1907 549 1990 πολιορκησομενοι
570 1897 669 1971 καί
647 1927 692 1981 οις
710 1899 913 1987 νικήσοντες.
942 1894 1036 1967 ἐπ”
1014 1900 1197 1989 αμφότερα

180 1998 244 2090 γάρ
262 2000 489 2089 ἐπιλεγόμενοι
506 2000 779 2121 παρεσκευάζετο.

133 2105 169 2161 ⁹8
272 2097 316 2163 Οί
328 2094 389 2163 δὲ“
380 2095 562 2184 Ελληνες
541 2124 585 2175 ως
575 2098 766 2166 έπόθοντο
778 2096 957 2183 οίχοικοτας
965 2121 1048 2176 τους
1060 2099 1196 2185 βαρβά-

183 2217 264 2278 ρους
274 2191 352 2271 ές
316 2221 378 2281 την
388 2192 539 2283 ήπειρον,
552 2193 734 2284 ἤχθοντο*
711 2221 755 2273 τις
766 2194 1040 2281 ἐκπεφευγότων,
1056 2197 1101 2263 έν
1113 2193 1197 2263 ἀπο-

183 2294 239 2379 ρίη
252 2316 288 2359 τε
302 2300 430 2377 εἴχοντο
451 2292 471 2361 ό
487 2322 517 2362 τι
532 2298 685 2381 ποιέωσι,
709 2303 774 2363 εἴτε
788 2290 1068 2363 ἀπαλλάσσωνται
1088 2292 1197 2365 όπίσο

184 2399 248 2459 ελτε
262 2391 481 2461 καταπλοόαισι
495 2391 548 2463 ἐπ’
558 2392 815 2481 Ἑλλησπόντου.
836 2394 929 2471 τέλος
945 2390 977 2459 δ’
997 2397 1099 2474 ἔδοξε
1117 2387 1195 2463 τοό

184 2514 252 2557 των
266 2487 329 2576 μὲν
343 2494 506 2585 μηδέτερα
527 2496 671 2580 ποιέειν,
695 2492 876 2562 έπεπλοίειν
891 2493 928 2561 δὲ
942 2494 994 2561 ἐπὶ
1013 2491 1083 2580 τήν
1100 2494 1197 2583 ἤπει-

184 2616 254 2677 ρον.
272 2593 606 2680 παρασκευασάμενοι
619 2586 668 2661 ἀν
679 2596 712 2672 ές
722 2599 911 2679 ναυμαχίην
922 2595 976 2660 καλ
987 2589 1198 2682 ἀποβάθρας
1229 2633 1230 2638 1

182 2691 237 2757 καί
251 2686 291 2756 τά
307 2686 390 2759 ἀλλα
405 2688 496 2760 ὅσον
510 2696 581 2762 ἔδεε
593 2699 725 2762 ἔπλωον
735 2693 787 2760 έπλ
801 2698 858 2777 τῆς
870 2691 1047 2779 Μυκάλης.
1073 2696 1154 2763 ἐπεὶ
1165 2696 1198 2761 δὲ

183 2784 289 2873 ἀγχοῦ
302 2813 338 2855 τε
353 2789 503 2875 ἐγίνοντο
518 2798 580 2859 τοῦ
593 2794 821 2880 στρατοπέδου
837 2794 892 2860 καὶ
906 2788 1016 2871 οὐδεὶς
1031 2795 1199 2879 ἐφαίνετό

183 2906 244 2971 σφι
258 2886 523 2975 ἐπαναγόμενος,
537 2885 621 2959 ἀλλά
637 2888 743 2981 ὥρεον
754 2897 832 2971 νέας
845 2888 1118 2978 ἀνειλκυσμένας
1134 2901 1199 2963 έσει

183 2991 244 3054 τοῦ
256 2990 393 3075 τείχεος,
410 2987 537 3058 πολλόν
551 2991 587 3059 δὲ
601 2991 701 3073 πεζόν
714 2992 1003 3079 παρακεκριμένον
1020 2991 1123 3078 παρά
1139 2992 1200 3062 τόν

184 3086 352 3171 αἰγιαλόν,
377 3088 526 3155 ἐνθαῦτα
546 3095 682 3175 πρῶτον
701 3089 764 3176 μὲν
777 3090 815 3156 έν
829 3095 870 3177 τῇ
890 3094 948 3175 νηῒ
959 3092 1199 3177 παραπλώων

183 3185 405 3276 ἐγχρίμψας
374 3210 420 3253 τω
406 3184 626 3277 αἰγιαλῷ
589 3214 631 3255 τα
645 3188 803 3275 μάλιστα,
823 3185 1062 3273 Λευτυχίδης’
1044 3188 1121 3256 υπο
1138 3218 1199 3279 κη

183 3282 598 3369 ρυκοςπροηγόρευετοεσι
603 3283 826 3372 Ἴωσιλέγων·
838 3282 997 3373 ’Ἄνδρες
991 3287 1200 3376 Ιοινες,ὁ’σοι
1229 3305 1230 3308 ’

183 3371 296 3458 ὑμέων
310 3378 513 3463 τυγχάνουσι
530 3384 763 3468 έπακοόοντες,
778 3384 904 3470 μάθετε
918 3411 959 3453 τα
946 3382 1081 3471 λέγω·
1109 3390 1199 3456 πιέν
1229 3393 1230 3436 ³

182 3495 247 3547 τοις
259 3470 324 3558 γάρ
341 3472 442 3542 οὐδὲν
452 3479 638 3565 συνήσουσι
649 3486 775 3569 Πέρσαι
787 3508 856 3549 τοιν
866 3481 960 3568 έγά’
942 3496 1024 3569 νμτν
1014 3475 1231 3557 ένπέλλο
