2500 3925
368 234 453 292 ιιε.
484 233 521 289 v.
555 191 863 292 cApsms-m.
1078 226 1122 292 σε

115 390 194 481 ὑμῖν
214 392 374 484 ἐκβάντας
391 396 428 462 έκ
442 398 511 460 τάν
527 395 615 458 νεῶν
635 388 823 458 τάσσεσθαιΙ
841 397 936 480 πεζῇ,
962 387 1063 479 ἡμέας
1082 390 1119 460 δὲ

115 498 149 573 ές
163 492 221 574 τοὶς
233 495 311 573 νέας
322 495 493 582 ἐμβαίνειν
502 489 562 570 τάς
574 488 736 576 ὑμετέρας
746 495 878 571 Φοίνιξι
891 488 1120 579 άνταγαιυιεν-

114 593 252 677 μένους·
274 597 305 662 εί
318 593 355 660 δέ
367 598 538 660 Φοινίκων
550 596 680 676 μᾶλλον
689 588 858 676 βούλεσθε
868 595 1118 680 διαπειρᾶσθαι,

114 693 241 758 ποιέειν
257 689 366 777 χρεών
386 693 455 758 έστι
469 686 589 775 ὑμέας,
611 685 751 773 ὁκότερα
767 686 812 757 άν
832 687 875 778 δὴ
891 691 1021 760 τούτων
1042 691 1120 776 ἕλη-

112 801 196 876 σθε,
212 787 298 868 ὅκως
311 787 349 858 τὸ
362 787 434 858 κατ’
447 786 551 874 ὑμέας
567 792 660 855 ἔσται
674 785 699 874 η’
711 813 747 856 τε
757 784 864 874 Ἰοινίη
878 793 934 858 καί
947 785 1120 877 ηΚύπρος

114 889 287 976 ἐλευθέρη.
303 887 414 958 Είπαν
425 893 459 958 οί
466 887 579 968 Ἴωνες
589 886 676 974 πρὸς
683 894 804 956 ταῦτα·
820 887 1120 975 Ἡμέαςάπέπεμψε

114 988 153 1056 τὸ
168 985 286 1056 κοινὸν
301 994 369 1056 τάν
385 985 509 1059 Ἰάνων
524 987 735 1075 φυλάξοντας
747 985 810 1073 τὴν
823 988 1020 1072 θάλασσαν,
1043 985 1117 1056 ἀλλ’

114 1082 178 1154 οὐκ
193 1087 250 1152 ἵνα
264 1093 447 1174 Κυπρίοισι
465 1085 526 1170 τὰς
545 1090 623 1166 νέας
636 1086 844 1174 παραδόντες
858 1084 954 1156 αύτολ
971 1089 1120 1174 Πέρσησι

94 1189 193 1273 πεζῇ
204 1184 485 1273 προσφερώμεθα.
513 1183 608 1274 ἡμεῖς
628 1188 691 1272 μέν
704 1212 772 1256 ννν
788 1184 842 1256 ἐπ’
859 1179 903 1256 ού
919 1187 1119 1273 ἐτάχθημεν,

112 1283 219 1370 ταύτη
237 1283 468 1371 πειρησόμεθα
483 1283 569 1354 εἶναι
582 1290 730 1371 χρηστοί.
754 1283 859 1372 ὑμέας
872 1287 910 1355 δέ
927 1285 1036 1373 χρειάν
1050 1287 1121 1354 έστι

115 1377 407 1470 άναμνησθέντας,
434 1379 489 1453 οἷα
513 1383 670 1469 ἐπάσχετε
696 1382 917 1463 δουλεύοντες
940 1381 1025 1471 πρὸς
1050 1389 1120 1452 τῶν

113 1480 263 1569 Μήδων,
278 1488 434 1568 γίνεσθαι
448 1481 574 1570 ἄνδρας
588 1480 750 1568 ἀγαθούς.
771 1478 886 1560 Ἴωνες
896 1483 959 1567 μέν
971 1481 1120 1550 τούτοισι

113 1581 308 1670 ἀμείψαντο,
321 1581 403 1670 μετά
415 1585 452 1652 δὲ
460 1581 616 1670 ἡκόντων
627 1585 662 1661 ές
672 1579 710 1651 τὰ
723 1585 841 1651 πεδίον
850 1579 889 1649 τδ
900 1585 1120 1667 Σαλαμινίων
1137 1593 1189 1649 llo

114 1688 182 1749 τῶν
196 1683 357 1767 Περσέων
371 1685 547 1751 διέτασσον
562 1687 597 1751 οί
612 1685 764 1770 βασιλέες
776 1686 845 1748 τῶν
859 1685 1025 1767 Κυπρίων
1039 1676 1120 1758 τοὺς

113 1781 176 1866 μέν
189 1777 312 1859 ἄλλους
321 1786 497 1868 Κυπρίους
509 1777 594 1850 κατά
608 1778 688 1857 τούς
704 1777 827 1858 ἄλλους
840 1779 1043 1867 στρατιώτας
1056 1775 1120 1846 άν-

113 1877 339 1966 τιτάσσοντες,
355 1884 574 1966 Σαλαμινίων
585 1879 622 1948 δέ
635 1882 691 1947 καλ
700 1883 836 1948 Σολίων
847 1876 1066 1960 ἀπολέξαντες
1080 1873 1117 1944 τδ

113 1979 252 2064 άριστον
265 1974 468 2047 ἀντέτασσον
477 1982 635 2068 Πέρσησι.
666 1976 828 2069 Ἀρτυβίῳ
837 1981 875 2047 δὲ
889 1985 936 2071 τῷ
946 1984 1118 2069 στρατηγῷ

113 2078 347 2163 τοῖνΠερσέον
358 2076 536 2166 ἐθελοντὴς
545 2076 763 2147 ἀντετάσσετο
774 2074 953 2166 Ὀνήσιλος.
970 2075 1119 2147 Ἤλαννε
1137 2091 1185 2145 111

111 2176 151 2244 δδ
164 2179 270 2243 ἵππον
289 2173 308 2244 ὁ
325 2174 497 2267 Ἀρτύβιος
516 2180 755 2264 δεδιδαγμένον
770 2174 855 2263 πρὸς
869 2173 1010 2263 ὁπλίτην
1022 2178 1118 2243 ἵστα-

113 2286 195 2345 σθαι
210 2273 327 2362 ὀρθάν.
355 2277 551 2364 πυθόμενος
565 2268 615 2345 οὑν
631 2283 735 2345 ταῦτα
749 2272 767 2342 ὁ
785 2272 974 2363 Ὀνήσιλος,
993 2266 1039 2361 ἦν
1051 2271 1117 2359 γάρ

29 2372 35 2383 ’
110 2380 147 2443 οί
158 2371 366 2461 ὑπασπιστὴς
383 2376 480 2460 γένος
494 2373 556 2461 μδν
565 2372 660 2462 Κάρ,
674 2372 715 2441 τά
731 2376 768 2441 δέ
781 2376 923 2459 πολέμια
936 2370 1043 2459 κάρτα
1058 2368 1118 2438 δά·

112 2498 208 2558 κιμος
221 2474 277 2539 καλ
288 2470 550 2559 άλλωςλήματος
560 2475 670 2557 πλέος,
685 2469 756 2539 είπε
766 2469 850 2557 πρὸς
860 2477 998 2538 τούτου·
1019 2477 1118 2537 Πυν-

112 2569 264 2654 θάνομαι
277 2566 338 2637 τὸν
349 2567 526 2657 Ἀρτυβίου
539 2574 645 2638 ἵππον
656 2569 835 2655 ἱστάμενον
850 2564 959 2652 ὀρθὰν
972 2569 1029 2635 καί
1038 2569 1118 2635 ποσί

112 2667 168 2735 καὶ
188 2665 327 2752 στόματι
346 2668 608 2754 κατεργάζεσθαι
628 2665 714 2753 πρδς
734 2665 795 2735 τδν
815 2663 859 2735 άν
881 2670 1115 2756 προσενειχθῇ.

112 2759 156 2831 σὺ
170 2754 217 2829 οἷν
228 2762 499 2850 βουλευσάμενος
509 2763 629 2835 αὐτίκα
640 2767 720 2851 εἰπὲ,
728 2761 888 2849 ὁκότερον
899 2764 1036 2853 βούλεαι
1047 2788 1117 2849 φυ-

111 2859 212 2939 λάξας
224 2863 355 2946 πλῆξαι,
371 2870 436 2930 είτε
446 2859 506 2930 τδν
518 2865 623 2931 ἵππον
634 2870 698 2931 είτε
712 2858 818 2929 αύτδν
830 2859 1014 2950 Ἀρτύβιον.
1032 2858 1117 2929 Είπε

111 2956 197 3044 πρὸς
206 2958 339 3030 ταῦταὸ
352 2958 463 3031 ὀπέων
473 2958 595 3032 αὑτοῦ·
613 2956 655 3032 Ὦ
665 2968 821 3049 βασιλεύ,
836 2965 964 3049 ἑτοῖμος
978 2962 1039 3047 μὶν
1051 2956 1116 3045 ἐμά

112 3063 179 3142 είμι
194 3059 319 3127 ποιέειν
331 3060 386 3127 καί
401 3057 574 3149 ἀμφότερα
584 3065 641 3131 καὶ
650 3058 689 3130 τὸ
699 3064 814 3149 ἕτερον
824 3058 948 3146 αὑτοῖν,
961 3063 1017 3128 καὶ
1028 3059 1117 3128 πάν·

111 3184 177 3237 τως
192 3154 230 3227 τὸ
245 3153 289 3226 άν
306 3159 484 3249 έπιτάσσης
501 3161 545 3229 σύ
554 3186 561 3201 ·
583 3158 629 3240 ὡς
648 3163 763 3246 μέντοι
779 3166 891 3247 ἔμοιγε
906 3163 1014 3227 δοκέει
1030 3156 1115 3225 εἶναι

110 3272 198 3326 τοῖσι
211 3272 299 3327 σοῖσι
312 3260 484 3347 πρήγμασι
498 3261 805 3348 προσφερέστερον,
826 3256 954 3345 φράσοι.
977 3259 1116 3344 βασιλέα

111 3359 174 3443 μὲν
184 3358 240 3427 καί
250 3357 438 3447 στρατηγὸν
448 3357 557 3447 χρεὸν
568 3358 657 3429 είναί
664 3385 751 3446 φημι
760 3360 891 3444 βασιλέι
898 3384 934 3427 τε
947 3358 1004 3426 καί
1013 3376 1115 3442 στρα-

110 3463 199 3545 τηγῷ
212 3462 482 3547 προσφέρεσθαι·
504 3456 548 3546 ἤν
561 3484 597 3527 τε
610 3456 678 3546 γάρ
692 3460 832 3547 κατέλης
847 3456 956 3543 ἄνδρα
969 3465 1113 3547 στρατη-
