2500 3925
158 215 219 280 128
535 215 785 276 HERODOTI

158 388 258 448 θοιεν
272 374 354 465 ήμλν
368 378 402 456 ές
415 377 541 463 μάχην,
558 376 704 463 μάθοιεν
725 368 786 461 ἀν,
802 373 847 455 ώς
864 381 956 463 εἰμεν
971 373 1178 464 ἀνθρώπων

64 567 67 571 7
159 479 288 564 ἄριστοι
302 475 344 545 τά
357 478 508 563 πολέμια.
531 483 615 544 ἔστω
625 474 657 543 δ’
671 467 722 540 ών
732 474 836 559 μηδὲν
848 471 1045 561 ἀπείρητον·
1067 471 1177 540 αὐτό-

158 604 265 666 ματον
280 577 346 665 γὰρ
366 573 484 664 οὐδὲν,
506 572 580 644 ἀλλ’
595 571 662 642 ἀπὸ
684 578 800 660 πείρης
820 574 931 642 πάντα
953 573 1173 658 ἀνθρώποισι

160 682 267 764 φιλέει
280 683 445 771 γίνεσθαι.

115 794 147 846 10
246 775 444 861 Μαρδόνιος
455 776 517 862 μὲν
526 780 672 842 τοσαῦτα
685 771 859 858 ἐπιλεήνας
868 770 931 858 τήν
937 775 1067 857 Ξέρξεω
1079 771 1178 858 γνώ-

160 904 228 964 μην
241 877 424 962 ἐπέπαυτο,
442 871 657 941 σιωπεόντων
670 871 707 938 δέ
720 877 789 938 τῶν
808 868 922 938 ἀλλων
937 871 1101 957 Περσέων
1118 870 1177 936 καὶ

161 972 204 1043 οά
213 972 422 1060 τολμώντων
438 970 578 1058 γνώμην
598 967 866 1037 ἀποδείκνυσθαι
887 965 1006 1056 ἀντίην
1022 975 1063 1058 τῇ
1084 991 1178 1052 προ-

160 1072 314 1159 κειμένη,
325 1067 527 1157 Ἀρτάβανος
536 1067 555 1135 ὁ
564 1067 764 1146 Ὑστάσπεος
773 1068 907 1152 πάτρως
918 1067 984 1136 ἐών
993 1071 1116 1155 Ξέρξη,
1127 1070 1178 1156 τῷ

128 1193 143 1244 1
162 1171 202 1260 δή
218 1175 274 1241 καὶ
289 1177 430 1248 πίσυνος
444 1167 511 1237 έών
522 1174 614 1254 ἔλεγε
630 1167 725 1235 τάδε·
748 1161 788 1235 Ὠ
802 1174 958 1255 βασιλεῦ,
973 1165 1018 1254 μὴ
1035 1175 1178 1252 λεχθει-

161 1272 249 1338 σέων
259 1269 322 1355 μὲν
331 1271 493 1354 γνωμέων
499 1263 640 1335 ἀντιέων
650 1264 811 1355 ἀλλήλῃσι
822 1263 886 1334 οὐκ
893 1272 961 1335 ἔστι
971 1264 1036 1353 τήν
1042 1262 1178 1352 ἀμείνω

161 1367 361 1454 αἱρεόμενον
373 1367 519 1448 ἑλέσθαι,
534 1362 618 1433 ἀλλά
638 1370 693 1432 δεῖ
711 1371 751 1454 τῇ
766 1365 923 1453 εἰρημένη
937 1370 1099 1450 χρᾶσθαι,
1115 1369 1178 1429 λε-

161 1467 325 1553 χθεισέων
335 1464 373 1534 δέ
384 1471 463 1549 ἔστι,
476 1462 587 1549 ὥσπερ
597 1461 659 1531 τὸν
669 1461 797 1549 χρνσδν
807 1461 868 1532 τδν
882 1461 1053 1551 ἀκήρατον
1064 1459 1176 1530 αὐτὸν

161 1568 225 1653 μέν
238 1564 289 1635 ἐπ’
312 1567 441 1635 ἑωυτοῦ
461 1563 504 1634 οά
524 1566 806 1652 διαγινώσκομεν,
828 1563 932 1634 ίπεάν
947 1567 985 1634 δὲ
1005 1569 1176 1651 παρατρί·

162 1678 279 1750 ψωμεν
293 1661 383 1756 ἀλλρι
396 1670 519 1753 χρυσῷ,
536 1662 802 1749 διαγινώσκομεν
815 1662 876 1732 τὸν
891 1663 1026 1753 ἀμείνω.
1051 1660 1122 1750 ἐγώ
1139 1664 1177 1730 δὲ

162 1765 217 1831 καί
231 1763 330 1848 πατρὶ
343 1769 390 1854 τῷ
404 1768 463 1853 σῷ,
479 1759 633 1853 ἀδελφεῷ
644 1761 680 1830 δὲ
695 1765 773 1855 έμῷ,
788 1770 925 1856 Δαρείῳ
939 1763 1114 1852 ἠγόρευον
1129 1759 1178 1848 μή

163 1858 404 1942 στρατεύεσθαι
419 1860 470 1926 έπδ
485 1859 645 1945 Σκύθας,
669 1858 794 1946 ἀνδρας
812 1857 982 1948 οὐδαμόθι
1000 1867 1064 1949 γῆς
1085 1858 1179 1928 ἀστν

162 1961 338 2046 νέμοντας·
359 1955 428 2027 δδδ
439 1961 578 2041 ἐλπίζων
588 1960 731 2040 Σκύθας
739 1959 819 2041 τοδς
827 1961 977 2049 νομάδας
987 1967 1176 2050 καταστρέ-

165 2068 288 2137 ψεσθαι
299 2060 374 2144 έμοί
381 2084 417 2125 τε
427 2056 490 2126 οάκ
501 2061 663 2143 ἐπείθετο,
679 2060 964 2147 στρατευσάμενός
972 2085 1009 2128 τε
1021 2060 1178 2139 πολλοὺς

161 2161 217 2226 καί
231 2152 383 2243 ἀγαθοάς
395 2162 453 2242 τῆς
469 2165 623 2245 στρατιῆς
640 2156 820 2247 ἀποβαλών
837 2156 979 2247 ἀπῆλθε.
1009 2158 1054 2227 σά
1071 2160 1130 2245 δὲ,
1148 2151 1176 2226 ώ

161 2261 318 2342 βασιλεῦ,
342 2258 470 2341 μέλλεις
490 2254 543 2323 ἐπ’
563 2256 691 2342 ἀνδρας
711 2259 953 2342 στρατεύεσθαι
968 2255 1101 2326 πολλὸν
1126 2263 1177 2325 ἔτι

162 2351 341 2439 ἀμείνονας
356 2347 379 2440 ή
394 2354 553 2442 Σκύθας,
575 2362 610 2423 οἳ
622 2354 704 2423 κατά
722 2356 901 2425 θάλασσάν
917 2382 953 2424 τε
968 2354 1177 2442 ἄριστοικαὶ

162 2448 247 2519 κατὰ
256 2457 322 2537 γῆν
335 2454 489 2537 λέγονται
501 2452 595 2523 εἶναι.
611 2452 650 2523 τὰ
662 2455 699 2522 δὲ
710 2452 839 2524 αὐτοῖσι
851 2460 959 2523 ἔνεστι
970 2451 1100 2540 δεινὸν,
1117 2455 1179 2540 έμέ

128 2564 145 2616 2
160 2568 214 2617 σοι
229 2550 361 2619 δίκαιόν
376 2552 444 2619 έστι
462 2554 608 2639 φράζειν.
632 2554 758 2634 Ζεάξας
775 2550 840 2643 φής
850 2550 1176 2639 τδνἙλλήσποντον

162 2650 243 2716 έλᾶν
257 2646 401 2737 στρατὸν
418 2648 473 2717 διὰ
492 2658 550 2738 τῆς
565 2648 733 2737 Εάρώπης
753 2654 787 2730 ές
800 2648 862 2737 τήν
872 2649 1024 2719 Ἑλλάδα.
1054 2650 1115 2717 καὶ
1133 2647 1176 2735 δή

161 2747 342 2834 συνήνεικε
360 2746 432 2836 ήτοι
453 2748 536 2817 κατὰ
554 2745 657 2836 γῆνή
673 2747 757 2817 κατά
771 2748 949 2817 θάλασσαν
964 2751 1175 2835 ἑσσωθῆναι,

160 2842 183 2932 ἢ
196 2851 252 2915 καλ
265 2845 339 2915 κατ’
354 2845 542 2933 ἀμφότερα·
564 2853 599 2916 οί
610 2845 676 2933 γάρ
694 2846 813 2932 ἀνδρες
828 2847 983 2932 λέγονται
1001 2842 1090 2912 εἶναι
1112 2843 1177 2914 ἀλ-·

160 2968 264 3033 κιμοι,
278 2943 417 3032 πάρεστι
429 2945 466 3012 δέ
479 2947 534 3013 καί
548 2945 825 3031 σταθμώσασθαι,
842 2950 872 3011 εί
885 2944 1046 3031 στρατιήν
1059 2970 1102 3031 γε
1115 2968 1175 3012 το-

162 3042 290 3130 σαύτην
308 3042 374 3111 σάν
385 3042 473 3112 Δάτι
490 3047 546 3112 καί
559 3042 775 3130 Ἀρταφέρνετ
788 3044 958 3112 ἐλθοῦσαν
973 3046 1007 3123 ές
1021 3039 1088 3131 τήν
1100 3040 1175 3111 Ἀτ-

159 3140 258 3229 τικήν
271 3142 385 3229 χώρην
397 3149 519 3229 μοῦνοι
530 3141 704 3229 Ἀθηναῖοι
719 3146 928 3228 διέφθειραν.
958 3139 1022 3209 οὐκ
1039 3136 1091 3209 ών
1108 3140 1177 3228 ἀμ-

162 3244 288 3326 φοτίρη
302 3260 363 3325 σφι
378 3240 538 3328 ἐχώρησε·
562 3238 638 3309 ἀλλ’
660 3236 705 3326 ἢν
720 3247 794 3329 τήσι
810 3242 910 3325 νηυσὶ
927 3240 1103 3327 έμβάλωσι
1118 3242 1177 3309 καὶ

161 3337 358 3421 νικήσαντες
373 3347 540 3429 ναυμαχίη
560 3340 698 3408 πλώωσι
718 3341 751 3418 ές
769 3336 830 3407 τὸν
844 3338 1098 3427 Ἑλλήσποντον
1118 3343 1177 3408 καὶ

162 3442 293 3505 ἔπειτεν
303 3439 429 3505 λύσωσι
440 3437 503 3524 τήν
512 3444 677 3527 γέφυραν,
692 3444 791 3506 τοῦτο
806 3433 858 3524 δή,
873 3445 1025 3527 βασιλεῦ,
1041 3448 1180 3529 γίνεται

1243 3750 1248 3872 ι
