2500 3925
167 270 231 334 242
543 269 797 328 HERODOTI

167 435 358 521 νησιωτέων
374 433 516 520 μάλιστα
532 429 714 498 ἐπλούτεον
729 427 786 497 άτε
801 429 927 497 ἐόντων
942 427 1072 499 αὐτοῖσι
1086 432 1122 499 ἐν
1135 435 1170 518 τῇ

167 534 259 625 νήσφ
274 533 426 619 χρυσέων
441 532 495 597 καί
510 525 687 615 ἀργυρέων
701 527 885 615 μετάλλων,
904 526 993 597 οὕτω
1011 526 1095 595 ὥστε
1109 524 1169 595 άπὸ

167 641 224 722 τῆς
239 632 378 720 δεκάτης
394 638 463 700 τῶν
478 630 669 718 γινομένων
685 625 836 697 αὐτόθεν
848 628 1028 716 χρημάτων
1041 639 1170 717 θησαυ-

167 731 225 821 ρδς
242 735 279 802 ἐν
292 740 460 820 Δελφοῖσι
475 728 772 818 άναιιέετιιιδμοίος
786 742 870 805 τοῖσι
879 728 1168 797 πλουσιωτάτοισι·

166 830 261 901 αὐτοὶ
277 833 313 902 δέ
327 829 368 900 τά
389 830 552 919 γινόμενοι
572 836 618 920 τῷ
635 831 777 920 ἐνιαυτῷ
793 828 920 920 έκάστφ
938 828 1090 917 χρήματα
1106 833 1168 898 διε-

166 935 316 1017 νέμοντο.
339 928 394 996 ὅτε
411 921 461 996 άυ
475 929 651 996 ἐποιεῦντο
668 923 729 994 τόν
745 924 941 1014 θησαυρόν,
960 929 1113 1013 ἐχρέοντο
1129 933 1169 1017 τῷ

164 1037 368 1119 χρηστηρίφ,
392 1032 422 1095 εί
437 1023 568 1093 αιἰτοῑσι
588 1022 628 1092 τά
649 1025 817 1113 παρεόντα
839 1022 953 1111 ἀγαθὰ
975 1020 1031 1093 οἷά
1051 1026 1089 1093 τέ
1107 1026 1166 1093 έστι

164 1124 291 1197 πολλόν
314 1125 438 1214 χρόνον
463 1127 686 1210 παραμένειν·
720 1119 741 1209 ή
770 1122 805 1191 δὲ
829 1130 946 1209 Πυθίη
971 1125 1091 1211 ἔχρησέ
1114 1143 1168 1207 σφι

164 1226 257 1294 τάδε·

182 1318 271 1391 Ἀλλ’
287 1318 370 1389 όταν
384 1322 422 1387 ἐν
435 1329 556 1410 Σίφνφ
573 1318 763 1405 πρυτανήια
777 1317 881 1387 λευκά
896 1324 1031 1407 γένηται

185 1415 431 1507 Λεόκοφρόςτ’
450 1413 575 1504 άγορή,
596 1415 671 1484 τότε
687 1414 728 1504 66
745 1421 798 1486 δεῖ
808 1419 1005 1505 φράδμονος
1018 1415 1143 1503 άνδρὸς

185 1519 408 1606 Φράσσασθαι
426 1513 565 1597 ξύλινόν
577 1540 613 1581 τε
626 1514 730 1601 λόχου
744 1516 878 1604 κήρυκά
892 1544 910 1584 τ
915 1514 1099 1602 ’ἐρυθρόν

163 1633 249 1688 τοίσι
264 1616 301 1687 δέ
317 1621 490 1703 Σιφνίοισι
510 1613 585 1682 τότε
601 1604 646 1700 6v
665 1611 686 1701 ή
708 1611 814 1736 άγορή
835 1612 945 1683 καὶ
910 1641 947 1683 το
964 1614 1167 1703 πρυτανήιον

120 1724 281 1843 εθΠαρίφ
296 1724 383 1809 λίθφ
398 1712 577 1803 ήσκημένα.
624 1720 755 1783 Τοῦτον
769 1711 829 1782 τόν
848 1713 999 1803 χρησμόν
1019 1712 1083 1783 οὐκ
1108 1713 1171 1783 οἷοί

163 1846 198 1887 τε
211 1810 299 1907 ἦσαν
314 1824 443 1904 γνῶναι
461 1812 539 1882 οὔτε
559 1812 635 1882 τότε
655 1810 735 1892 ίθύς
756 1811 833 1882 οὔτε
850 1820 918 1881 τῶν
935 1811 1112 1900 Σαμίων
1085 1840 1169 1882 απι

163 1922 304 2006 γμένων.
345 1919 463 1988 ἐπείτε
474 1908 539 2001 γάρ
561 1906 697 1999 τάχιστα
718 1909 802 2001 πρός
816 1909 878 2000 τήν
892 1919 1026 1999 Σίφνον
1048 1916 1167 1999 προσέ-

164 2036 246 2102 σχον
259 2021 294 2084 οί
304 2015 447 2100 Σάμιοι,
463 2016 612 2096 ἔπεμπον
623 2035 690 2078 των
705 2017 789 2080 νεῶν
800 2018 880 2098 μίαν
891 2011 1088 2178 πρέσίβεας”
1065 2037 1168 2134 αγου-

164 2133 227 2181 σαν
244 2109 334 2191 ἐς
297 2137 360 2198 την
380 2109 490 2178 πόλιν.
514 2133 551 2176 το
575 2109 611 2176 6
630 2108 822 2180 :tumst
798 2133 925 2176 απαοαι
945 2115 982 2178 αί
995 2114 1069 2189 νέες
1082 2105 1168 2197 ήσαν

85 2287 88 2292 ,
162 2212 389 2301 μιλτηλιφέες·
422 2198 546 2292 καλήν
570 2205 751 2293 τοῦτο,τό
775 2203 796 2294 6
821 2214 934 2294 Πυθίη
961 2208 1169 2297 προηγόρευε

161 2322 247 2378 τοῖσι
266 2312 441 2393 Σιφνίοισι
465 2301 682 2389 φυλάξασθαι
702 2301 762 2372 τόν
779 2307 917 2386 ξύλινον
936 2305 1037 2394 λόχον
1052 2305 1167 2376 κελεύ-

162 2426 248 2476 ουσα
268 2408 324 2473 καί
344 2403 477 2492 κήρυκα
500 2402 661 2490 ἐρυθρόν.
695 2400 891 2491 άπικόμενοι
916 2399 966 2474 όν
986 2411 1020 2475 oc
1035 2404 1167 2492 άγγελοι
1219 2449 1220 2472 ι

162 2506 293 2574 ἐδέοντο
321 2509 389 2570 τῶν
413 2507 570 2588 Σιφνίων
594 2503 675 2570 δέκα
699 2502 846 2571 τάλαντά
874 2525 935 2592 σφι
955 2512 1093 2594 χρῆσαι·
1128 2499 1168 2572 06

163 2601 365 2691 φασκόντων
385 2600 422 2668 δέ
436 2599 575 2689 χρήσειν
594 2608 664 2670 τῶν
677 2609 836 2688 Σιφνίων
851 2601 980 2674 αὐτοῖσι
997 2611 1029 2674 οἱ
1045 2605 1167 2694 Σάμιοι

161 2699 240 2781 τούς
253 2698 383 2787 χάρους
400 2696 514 2767 αὐτῶν
528 2698 706 2787 ἐπόρθεον.
732 2700 922 2788 πυθόμενοι
939 2700 972 2770 δ’
991 2701 1072 2784 ίθδς
1086 2695 1168 2792 ήκον

161 2805 347 2886 οίΣίφνιοι
375 2798 582 2883 βωθέοντες,
605 2798 662 2866 καὶ
677 2798 905 2886 συμβαλόντες
919 2796 1049 2869 αι’ποῐσι
1064 2800 1168 2869 έσσά-
1218 2799 1219 2828 ¹

159 2894 294 3024 θησαν,
315 2894 434 2967 καθ’
391 2905 505 2965 αυτῶν
524 2897 643 2964 πολλοὶ
668 2893 943 2984 ἀπεκληίσθησαν
966 2905 1028 2966 τοῦ
1053 2896 1167 2978 άστεος

153 2998 226 3070 ὑπό
248 3005 317 3067 τῶν
337 3003 494 3082 Σαμίων·
516 2996 571 3063 καὶ
591 2990 717 3074 αὐτοδς
739 2993 821 3082 μετά
842 3002 946 3065 ταῦτα
968 2992 1090 3064 ἑκατόν
1109 2995 1168 3064 τά-

114 3119 149 3174 59
160 3109 263 3168 λαυτα
275 3097 429 3181 ἔπρηξαν.
462 3090 561 3181 Παρα
573 3093 609 3161 δ
617 3091 821 3215 Ἑρμιονέων
832 3102 938 3184 νήσου
952 3093 1026 3164 άντὶ
1038 3096 1167 3184 χρημά-

158 3223 227 3265 των
252 3196 460 3280 παρέλαβον,
487 3190 626 3280 Τδρέηυ
651 3191 714 3280 τήν
738 3197 788 3262 ἐπί
814 3194 1081 3287 Πελοποννήσῳ,
1113 3197 1168 3262 καί
1217 3173 1218 3278 6

154 3291 263 3382 αὐτήν
280 3302 497 3382 Τροιζηνίοισι
509 3296 796 3384 παρακατέθεντο
827 3291 924 3366 αὐτοὶ
938 3295 975 3366 δέ
989 3303 1172 3384 Κυδωνίην

154 3394 216 3482 τήν
240 3395 277 3462 ἐν
294 3394 411 3484 Κρήτη
436 3400 568 3463 έκτισαν
591 3393 655 3464 οὐκ
679 3395 734 3466 έπί
751 3402 852 3468 τοῦτο
876 3397 1064 3486 πλάοντες,
1089 3396 1173 3468 άλλὰ

157 3498 373 3574 Ζακυνθίους
381 3495 561 3576 έξελέοντες
577 3499 612 3565 ἐκ
626 3503 685 3585 τής
693 3496 809 3597 νήσου.
829 3503 964 3586 ἔμειναν
973 3497 1007 3568 δ’
1019 3503 1055 3570 έν
1068 3502 1172 3590 ταότη
