2500 3925
176 288 268 360 158'
546 301 798 360 αεοουοε.

175 467 261 525 νέων
281 457 433 543 ἀνδρῶν,
463 457 565 526 ἐπεάν
585 460 822 546 τελευτήσωσι,
851 461 892 529 οό
912 471 1101 548 παραυτίκα
1124 467 1165 530 δι

174 562 271 624 δοῦσι
286 557 483 643 ταριχεύειν,
503 554 582 625 οῦδὲ
595 555 673 626 όσαι
688 553 731 626 άν
746 565 825 628 έωσι
842 557 984 640 εὐειδέες
996 561 1104 641 κάρτα
1120 561 1172 626 καλ

172 656 278 738 λόγου
302 661 446 732 πλεῦνος
472 669 645 740 γυναῖκες·
674 653 749 725 ἀλλ’
776 655 878 724 ἐπεὰν
903 671 1046 744 τριταῖαι
1072 650 1094 742 ἦ
1121 681 1173 723 τε-

172 765 323 836 ταρταῖαι
333 753 507 838 γένωνται,
520 751 609 820 οὕτω
619 758 842 839 παραδιδοῦσι
854 771 938 825 τοῖσι
949 757 1175 878 ταριχεύουσι.

110 925 124 930 ,
171 857 271 918 τοῦτο
297 850 334 916 δὲ
357 857 489 918 ποιεῦσι
511 848 600 918 οὕτω
624 855 778 919 τοῦδε”
747 878 892 939 ειυεκεν,
923 880 979 920 ιυα
1002 853 1047 940 μή
1065 873 1126 935 σφι
1144 854 1175 918 οί

109 973 119 986 ·
172 952 360 1033 ταριχευταὶ
387 959 569 1066 μίσγωνται
601 955 676 1038 τῇσι
701 955 842 1035 γυναιξί.
885 956 1085 1036 λαμφθῆναι
1109 945 1174 1033 γάρ

172 1045 247 1114 τινά
265 1065 347 1132 φασι
360 1047 565 1163 μισγόμενον
578 1052 688 1134 νεκρῷ
702 1048 887 1138 προσφάτῳ
901 1043 1074 1132 γυναικός,
1094 1069 1173 1111 κατ-

125 1164 159 1218 90
174 1160 262 1212 είπαι
285 1146 322 1210 δε
341 1142 402 1211 τόν
416 1140 607 1229 ὁμότεχνον.
637 1141 695 1223 vs
710 1139 781 1210 δ
759 1171 802 1210 αν
816 1139 838 1229 ἦ
853 1141 965 1211 αὐτῶν
980 1147 1175 1228 Αἰγυπτίων

173 1265 195 1324 η
181 1233 329 1320 ξείνων
344 1238 498 1326 όμοίως“
479 1265 546 1308 υπο
536 1238 779 1328 κροκοδείλου
794 1236 1012 1328 αρπαεθελς
991 1267 1011 1326 η
1028 1234 1089 1307 ὑπ’
1113 1235 1176 1304 αό-

172 1346 233 1406 τοῦ
246 1346 308 1407 τοῦ
322 1347 475 1425 ποταμοῦ
493 1348 651 1426 φαίνηται
665 1337 828 1424 τεθνεώς,
856 1335 929 1406 κατ’
950 1336 995 1426 ἣν
1015 1334 1060 1405 άν
1074 1335 1175 1404 πόλιν

174 1441 361 1529 ἐξενειχθῇ,
389 1440 531 1517 τούτους
555 1447 647 1506 πάσα
671 1436 801 1524 ἀνάγκη
825 1441 893 1505 ἐστὶ
916 1435 1175 1522 ταριχεύσαντας

173 1535 279 1606 αὐτὸν
299 1544 355 1606 καὶ
376 1547 645 1626 περιστείλαντας
667 1537 711 1617 ὡς
730 1538 888 1607 κάλλιστα
903 1537 1014 1618 θάψαι
1029 1537 1067 1604 έν
1085 1540 1173 1622 ίρησι

172 1636 314 1724 θήκῃσι·
337 1633 417 1705 οῦδὲ
437 1643 565 1718 ψαῦσαι
584 1640 687 1716 ἔξεστι
708 1634 814 1704 αὐτοῦ
834 1633 937 1704 άλλου
954 1631 1076 1702 οὐδένα
1098 1631 1174 1700 οὔτε

172 1745 241 1804 τῶν
261 1738 502 1824 προσηκόντων
524 1737 601 1804 οὔτε
622 1743 836 1824 τῶνφίλων,
864 1734 947 1805 άλλά
963 1763 1021 1821 μιν
1043 1740 1078 1804 οί
1090 1739 1173 1821 ίρέες

173 1835 267 1906 αὐτοὶ
282 1843 315 1906 οί
327 1845 389 1906 τοῦ
403 1833 553 1924 Νείλου,
564 1837 621 1906 ἅτε
637 1841 740 1905 πλέον
753 1864 785 1904 τι
799 1833 820 1923 ἢ
836 1835 1024 1922 ἄνθρωπον
1039 1833 1172 1920 νεκρὸν,

170 1937 441 2025 χειραπτάζοντες
453 1937 632 2007 θάπτουσι.

124 2056 156 2108 91
252 2038 473 2127 Ἑλληνικοῖσι
490 2041 527 2107 δὲ
541 2046 709 2126 νομαίοισι
725 2038 891 2124 φεύγουσι
906 2044 1063 2124 χρᾶσθαι,
1087 2032 1124 2104 τὸ
1140 2038 1177 2104 δὲ

174 2138 310 2225 σύμπαν
330 2143 451 2224 εἰπεῖν,
481 2137 560 2224 μηδ’
583 2138 695 2208 ἄλλων
709 2135 843 2225 μηδαμά
858 2142 1020 2223 μηδαμῶν
1035 2134 1181 2222 ἀνθρώ-

172 2261 247 2303 πων
260 2246 436 2325 νομαίοισι,
466 2242 501 2305 οί
511 2240 574 2323 μέν
589 2264 656 2305 νυν
670 2237 765 2306 ἄλλοι
778 2238 957 2323 Αἰγύπτιαι
973 2232 1061 2303 οὕτω
1075 2242 1181 2301 τοῦτο

172 2334 413 2419 φυλάσσουσι,
441 2340 509 2401 ἔστι
530 2337 566 2403 δὲ
587 2338 714 2422 Χέμμις
734 2336 830 2413 πόλις
845 2334 972 2423 μεγάλη
986 2339 1098 2422 νομοῦ
1113 2340 1182 2404 τοῦ

173 2441 344 2520 Θηβαϊκοῦ
366 2432 466 2520 έγγῦς
483 2439 574 2520 Νέης
595 2433 719 2513 πόλιος.
764 2436 802 2503 έν
822 2437 926 2523 ταότη
945 2441 984 2523 τῇ
1005 2433 1085 2502 πόλι
1109 2436 1183 2501 ἔστι

172 2539 319 2618 Περσέος
338 2540 400 2600 τοῦ
415 2533 555 2622 Δανάης
568 2532 645 2622 ίρδν
659 2534 886 2623 τετράγωνον,
908 2536 1002 2616 πέριξ
1017 2534 1055 2600 δὲ
1068 2530 1183 2600 αὐτοῦ

174 2640 325 2719 φοίνικες
348 2634 527 2719 πεφύκασι.
574 2634 614 2703 τά
636 2641 672 2703 δὲ
692 2638 847 2721 πρόπυλα
868 2642 929 2703 τοῦ
954 2642 1031 2720 ίροῦ
1056 2637 1183 2704 λίθινά

173 2735 258 2816 ἐστι,
289 2731 395 2818 κάρτα
423 2734 567 2819 μεγάλα·
594 2737 648 2802 ἐπὶ
673 2738 709 2801 δὲ
734 2730 863 2800 αῦιοῐσι
888 2731 1087 2817 ἀνδριάντες
1112 2736 1184 2802 δύο

170 2831 283 2896 έστάσι
296 2836 424 2899 λίθινοι
438 2833 585 2919 μεγάλοι.
616 2834 705 2901 ένδὲ
720 2858 766 2900 τω
752 2837 1051 2923 περιβεβλημένῳ
1065 2834 1185 2926 τούτῳ

161 2926 253 3053 νηός
265 2953 302 2993 τε
315 2934 366 2996 ένι
386 2933 442 2997 καὶ
457 2929 625 3017 άγαλμα’
608 2959 646 2999 εν
660 2929 750 3021 αὐτῷ
771 2934 923 3015 ἐνέστηκε
940 2940 1001 2997 τοῦ
1014 2935 1183 3018 Περσέος

171 3020 265 3096 οῦτοι
288 3054 320 3096 οι
311 3034 502 3116 Χεμμῖται
526 3038 661 3117 λέγουσι
685 3033 746 3101 τόν
768 3038 900 3115 Περσέα
925 3030 1088 3111 πολλάκις
1113 3038 1185 3118 μὲν

169 3125 234 3197 άνά
249 3155 311 3215 την
324 3136 389 3216 γην
404 3138 589 3217 φαίνεσθαί
598 3156 677 3219 σφι,
698 3132 857 3210 πολλάκις
877 3130 947 3198 δέ
929 3150 994 3199 εσω
1007 3156 1070 3198 του
1056 3136 1185 3248 ίροῦ,

170 3226 354 3295 σανδάλιόν
373 3256 410 3296 τε
429 3228 535 3298 αὐτοῦ
533 3235 786 3351 πεφορημένον
806 3228 1041 3317 εὑρίσκεσθαι,
1065 3229 1181 3297 έόν
1142 3260 1186 3298 τυ

169 3332 319 3416 μέγαθος
334 3334 479 3447 δίπηχυ,
507 3329 544 3399 τό
570 3330 680 3399 έπεαῦ
698 3339 805 3421 φανῇ,
835 3328 1061 3417 εῦδηνέειυ
1038 3353 1183 3398 απασατ·

171 3436 352 3513 Αἴγυπτον.
384 3430 565 3515 ταῦταμὲν
579 3434 732 3515 λέγουσι,
754 3436 886 3497 ποιεῦσι
908 3428 1038 3495 δὲτάδε
1055 3426 1185 3514 Ελλη-

172 3519 248 3591 νικά
269 3529 315 3613 τῷ
335 3525 474 3610 Περσέί·
500 3522 614 3611 ἀγῶνα
638 3524 805 3614 γυμνικόν
831 3535 955 3594 τιθεῖσι
980 3524 1036 3593 διὰ
1063 3524 1187 3614 πάσης
