2500 3925
161 215 224 280 124
537 214 791 272 HERODOTI

160 380 277 468 τη’νδε,
293 374 368 466 όςὴ
379 373 528 465 Εόράπη
538 370 739 461 περικαλλὴς
749 372 851 459 χάρη,
863 375 919 441 καὶ
930 376 1071 459 δένδρεα
1081 395 1174 440 παν-

161 492 233 546 τοῖα
248 477 344 562 φέρει
359 472 400 543 τά
413 472 538 562 ἥμερα,
553 469 678 559 άρετήν
690 497 725 540 τε
740 469 842 560 άκρη,
857 475 988 560 βασιλέι
1000 498 1036 540 τε
1050 471 1175 564 μοόνῳ

128 581 299 662 σθνητάν
318 571 392 661 άξίη
412 576 602 658 κεκτῆσθαι.
629 577 741 638 Ταῦτα
762 572 798 638 δέ
813 575 904 656 ἔλεγε
925 565 979 638 οἷα
994 571 1175 655 νεωτέρων

162 681 271 763 έργων
288 667 494 759 ἐπιθυμητὴς
513 667 580 738 έάν
599 671 656 738 καὶ
672 671 800 738 ἐθέλων
817 664 919 747 αὐτὸς
938 675 996 754 τῆς
1011 665 1175 746 Ἑλλάδος

162 774 309 864 ὕπαρχος
326 771 420 842 εἶναι.
446 772 558 864 χρόνῳ
581 771 618 840 δέ
639 767 865 856 κατεργάσατό
885 794 921 836 τε
942 765 1033 837 ταδ’
1014 770 1175 836 ανέπεισε

161 869 333 964 Ξέρξην”
305 893 389 940 ωστε
405 873 533 940 ποιέειν
546 876 667 938 ταῦτα·
694 873 859 955 συνέλαβε
880 863 944 955 γάρ
967 870 1022 937 καὶ
1037 863 1125 936 ἄλλα
1142 870 1176 934 οἱ

159 975 316 1092 σύμμαχα
333 968 499 1056 γενόμενα
518 964 600 1048 ές
565 995 603 1036 το
624 975 806 1036 πείθεσθαι
822 969 968 1052 Ξέρξην
987 973 1087 1036 τοῦτο
1107 967 1174 1051 μὲν

161 1066 227 1138 άπὸ
241 1074 299 1154 τῆς
312 1075 496 1155 Θεσσαλίης
509 1065 600 1154 παρά
614 1073 684 1135 τάν
694 1062 933 1135 Ἀλεναδέων’
914 1068 1092 1154 απνγμένοι
1107 1063 1174 1152 ἄγ-

161 1176 252 1254 γελοι
267 1169 485 1236 ἐπεκαλέοντο
498 1170 637 1256 βασιλέα
647 1172 759 1234 πᾶσαν
772 1172 969 1252 προθυμίην
983 1162 1176 1251 παρεχόμε-

161 1291 216 1334 νοι
230 1263 331 1335 έπλ
296 1293 357 1355 την
366 1264 508 1336 Ἑλλάδα
529 1272 578 1336 ὀί
589 1268 626 1334 δέ
637 1262 812 1333 Ἀλευάδαι
825 1255 920 1332 οὗτοι
936 1255 1024 1351 ησαν
1038 1271 1175 1332 Θεσσα-

160 1371 233 1452 λέης
253 1368 417 1455 βασιλέες
425 1419 435 1453 ,
456 1372 555 1436 τοῦτο
577 1367 614 1434 δὲ
629 1365 930 1450 Πεισιστρατιδέων
947 1367 982 1431 οί
1000 1358 1172 1484 άναβεβφ

161 1462 256 1544 κότες
272 1468 305 1545 ές
318 1471 453 1551 Σοῦσα,
468 1471 587 1532 τόντε
606 1459 720 1531 αὐτᾶν
738 1461 850 1548 λόγων
865 1460 1017 1547 ἐχόμενοι
1031 1484 1100 1528 των
1115 1460 1175 1526 καὶ

161 1570 195 1635 οί
205 1563 396 1651 Ἀλευάδαι,
411 1567 468 1633 καλ
482 1564 524 1650 δή
540 1591 572 1632 τι
588 1561 673 1652 πρὸς
687 1562 836 1632 τούτοισι
849 1567 896 1633 έτι
912 1562 1016 1630 πλέον
1032 1579 1173 1646 προσω-

162 1663 302 1750 ρέγοντό
315 1669 363 1749 οί,
379 1668 508 1750 ἔχοντες
520 1660 760 1749 Ὀνομάκριτον
773 1659 882 1749 άνδρα
893 1658 1074 1748 Ἀθηναῖον
1087 1686 1175 1749 χρη-

160 1761 329 1848 σμολόγον
339 1787 375 1830 τε
385 1763 441 1830 καὶ
452 1765 613 1849 διαθεθην
623 1767 781 1848 χρησμῶν
791 1765 860 1828 τάν
870 1765 1061 1830 Μουσαίου.
1083 1757 1175 1828 άνα-

160 1862 348 1951 βεβήκεσαν
361 1858 426 1949 γάρ
436 1858 499 1948 τὴν
509 1867 636 1949 ἔχθρην
650 1859 1002 1948 προκαταλυσάμενοι·
1020 1863 1171 1949 ἐξηλάθη

159 1957 225 2047 γάρ
240 1955 307 2029 ὑπό
317 1956 499 2047 Ἱππάρχου
512 1966 573 2029 τοῦ
583 1959 832 2047 Πεισιστράτου
847 1957 865 2029 ὁ
884 1957 1123 2050 Ὀνομάκριτος
1139 1965 1174 2041 έξ

155 2056 343 2146 Ἀθηνέων,
360 2057 412 2127 ἐπ’
430 2056 618 2151 αότοφόρῳ
634 2055 738 2138 όιλούς
752 2056 819 2128 ὑπὸ
834 2059 952 2128 Λάσου
963 2066 1025 2128 τοῦ
1034 2058 1173 2147 Ἑρμιο-

159 2160 267 2237 νέος’
249 2160 414 2243 εμποιέων
428 2160 461 2235 ές
478 2183 520 2225 τα
508 2155 717 2227 Μουσαίου
734 2154 901 2244 χρησμόν,
923 2155 968 2237 ὡς
982 2162 1018 2226 αἱ
1030 2160 1083 2225 έπλ
1098 2156 1173 2243 Λή-

160 2280 235 2347 μνῳ
263 2258 468 2342 ἐπικείμεναι
480 2262 579 2342 νῆσοι
593 2253 809 2343 ἀφανιζοίατο
819 2252 902 2324 κατὰ
915 2282 973 2343 της
983 2254 1171 2341 θαλάσσης.

159 2350 211 2421 διδ
227 2352 365 2441 ἐξήλασέ
373 2380 432 2440 μιν
445 2381 464 2423 ο
471 2351 669 2443 Ἵππαρχος,
683 2354 849 2457 πρότερον
859 2354 1040 2443 χρεόμενος
1050 2352 1092 2422 τά
1104 2353 1173 2440 μά-

158 2463 263 2523 λιστα.
284 2452 359 2522 τότε
374 2454 411 2522 δέ
426 2450 653 2542 συναναβὰς
632 2480 718 2533 οιιως
729 2448 881 2523 άπίκοιτο
893 2452 957 2533 ές”
937 2468 1017 2535 σφιν
1027 2450 1091 2539 τὴν
1106 2460 1173 2540 βα-

158 2556 286 2642 σιλέος,
307 2554 476 2643 λεγόντων
495 2561 565 2623 τάν
577 2557 879 2642 Πεισιστρατιδέων
895 2556 972 2641 περὶ
986 2550 1094 2621 αὐτοῦ
1112 2572 1173 2619 σε-

158 2651 266 2741 μνούς
285 2652 409 2739 λόγους
428 2657 584 2740 κατέλεγε
604 2660 674 2721 τῶν
693 2661 860 2740 χρησμῶν.
897 2655 1007 2739 εἰμέν
1028 2679 1061 2720 τι
1082 2652 1172 2719 ἐνέοι

158 2749 296 2838 σφάλμα
310 2754 417 2838 φέρον
428 2758 474 2843 τῷ
489 2750 668 2842 βαρβάρῳ,
685 2756 754 2818 τάν
768 2753 831 2837 μέν
845 2756 936 2837 ἔλεγε
957 2747 1074 2835 οὐδὲν,
1097 2746 1115 2818 ὁ
1134 2751 1171 2817 δὲ

157 2849 197 2920 τά
211 2848 430 2938 εὐτυχέστατα
450 2851 668 2937 ἐκλεγόμενος
690 2856 782 2937 ἔλεγε
801 2851 861 2919 τόν
876 2877 911 2918 τε
920 2848 1171 2939 Ἑλλήσποντον

157 2949 202 3031 ὥς
217 2957 397 3038 ζευχθῆναι
409 2949 519 3039 χρεόν
533 2960 584 3037 είη
596 2947 656 3019 ὑπ’
669 2948 793 3037 ἀνδρὸς
804 2953 950 3038 Πέρσεω,
965 2950 1028 3037 τήν
1039 2977 1077 3020 τε
1092 2957 1171 3021 έλα-

156 3069 212 3117 σιυ
226 3048 451 3137 ἐξηγεόμενος.
474 3041 574 3128 οὗτός
586 3074 622 3116 τε
637 3046 679 3135 δὴ
693 3052 914 3141 χρησμῳδέων
928 3045 1170 3138 προσεφέρετο,

155 3151 211 3216 καί
226 3151 261 3218 οέ
272 3174 309 3216 τε
322 3151 593 3235 Πεισιστρατίδαι
612 3149 669 3215 καὶ
689 3152 724 3215 οί
739 3144 913 3215 Ἀλευάδαι
929 3147 1066 3233 γνάμας
1082 3145 1172 3215 άπο-

121 3246 378 3331 Ὶδεικνόμενοι.
416 3243 475 3326 Ὡς
496 3249 533 3314 δέ
554 3242 758 3334 άνεγνιόσθη
778 3247 901 3333 Ξέρξης
921 3246 1169 3333 στρατεύεσθαι

155 3346 208 3413 έπλ
221 3340 284 3431 τὴν
292 3342 445 3433 Ἑλλάδα,
460 3347 610 3413 έυθαῦτα
625 3347 769 3434 δευτέρῳ
780 3342 842 3430 μὲν
854 3349 920 3413 έτελ
928 3340 1011 3430 μετά
1023 3342 1085 3412 τόν
1098 3344 1168 3413 θάη

153 3468 256 3510 νατον
278 3441 339 3510 τὸν
354 3450 506 3529 Δαρείου
520 3449 636 3527 πρῶτα
658 3448 836 3529 στρατηίην
850 3444 997 3511 ποιέεται
1017 3444 1071 3511 ἐπὶ
1086 3441 1169 3521 τούς
