2500 3925
374 229 461 284 ιιο.
495 229 528 284 v.
563 228 661 286 cAP.
689 237 831 292 ,ει-ει.
1067 232 1109 298 15

98 386 267 510 σταγόρην
278 384 380 457 καλ
344 413 418 477 την
418 383 506 455 Ἰάδα
516 386 676 475 στρατιήν
686 391 742 458 καλ
752 415 832 469 τους
841 397 989 474 Ναξίους
1000 400 1106 464 ἐπλωε

97 487 271 576 πρόφασιν
286 483 340 556 έπ’
351 484 615 573 Ἑλλησπόντου,
646 489 753 556 ἐπείτε
773 492 810 556 δὲ
795 490 954 576 ὲέγένετο
972 495 1009 562 ἐν
1021 502 1105 587 Χίῳ,

99 581 224 672 ἔσχε
187 612 246 664 τας
259 587 338 663 νέας
355 586 388 662 ἐς
398 583 579 669 Καύκασα,
596 580 641 662 ὡς
655 585 818 653 ἐνθεῦτεν
831 591 934 679 βορέη
947 587 1058 683 άνέμφ
1073 594 1107 671 ἐς

97 681 160 771 τήν
174 683 291 764 Νάξον
308 681 471 769 διαβάλοι.
501 683 557 748 καλ
574 678 615 748 ού
637 679 704 767 ’γάρ
719 686 791 751 ἔδεε
810 684 919 776 τούτῳ
935 695 982 776 τῷ
998 689 1107 778 στόλῳ

98 787 248 864 Ναξίους
264 779 468 867 ἀπολέσθαι,
490 787 627 868 πρῆγμα
641 782 774 850 τοιόνδε
789 753 995 873 συνηνείχθη
1011 755 1107 874 γενέ-

98 892 196 950 σθαι·
224 879 413 967 περιιόντος
428 880 639 967 Μεγαβάτεω
659 878 718 960 τάς
735 882 873 950 ἐπὶτῶν
888 891 978 954 νεῶν
995 895 1107 972 φυλα-

98 977 159 1058 κάς
180 981 233 1047 ἐπὶ
254 975 331 1056 νεός
354 982 512 1064 Μυνδίης
540 983 634 1065 ἔτυχε
657 975 768 1059 ούδελς
791 982 991 1067 φυλάσσων·
1024 982 1042 1053 ὁ
1069 986 1106 1054 δέ

98 1077 213 1148 δεινόν
234 1104 265 1145 τι
282 1076 506 1165 ποιησάμενος
522 1077 769 1160 έκέλενσετοδς
784 1084 998 1173 δορυφόρους
1012 1088 1106 1168 ἐξευ-

98 1178 220 1264 ρόντας
239 1174 301 1245 τόν
324 1175 468 1266 άρχοντα
491 1176 614 1264 ταύτης
634 1184 691 1264 τῆς
712 1176 805 1266 νεός,
833 1188 880 1272 τῷ
906 1180 1036 1270 οὔνομα
1059 1178 1105 1271 ἦν

98 1277 251 1363 Σκύλαξ,
274 1284 394 1346 τοῦτον
410 1282 508 1363 δῆσαι
523 1272 578 1344 διά
592 1283 760 1364 θαλαμίης
771 1278 943 1359 διελόντας
956 1288 1014 1369 τής
1027 1280 1105 1362 νεός

97 1376 181 1447 κατὰ
205 1383 319 1463 τοῦτο,
349 1381 410 1456 ἐξω
437 1378 500 1463 μὲν
526 1372 679 1462 κεφαλήν
703 1384 897 1466 ποιεῦντας,
920 1385 985 1449 ἐσσι
1009 1384 1046 1450 δὲ
1065 1379 1103 1450 τδ

98 1485 202 1565 σῶμα.
237 1478 394 1554 δεθέντος
420 1475 456 1543 δέ
482 1481 544 1543 τοῦ
569 1474 748 1553 Σκύλακος
772 1477 959 1562 ἐξαγγέλλει
984 1505 1035 1558 τις
1057 1486 1105 1568 τῷ

98 1576 330 1667 Αρισταγόρη,
354 1573 405 1644 ότι
424 1573 486 1644 τόν
507 1575 618 1654 ξεῖνόν
639 1578 673 1642 oc
687 1571 748 1642 τόν
763 1574 926 1644 Μύνδιον
940 1578 1106 1666 Μεγαβά-

97 1704 155 1765 της
170 1675 273 1763 δήσας
286 1680 490 1760 λυμαίνοιτο.
512 1670 530 1742 ό
547 1670 579 1740 δ’
598 1670 711 1741 ἐλθόν
729 1679 923 1761 παραιτέετο
939 1674 1001 1746 τδν
1013 1679 1104 1762 Πέρ-

98 1801 178 1867 σην,
205 1773 382 1863 τυγχάνων
408 1777 445 1842 δέ
470 1770 611 1852 οὐδενός
637 1779 706 1842 τῶν
730 1775 839 1841 ἐδέετο
865 1771 966 1854 αὐτός
992 1773 1105 1845 ἐλθών

99 1885 205 1947 ἐλυσε.
235 1874 431 1962 πυθόμενος
447 1876 483 1942 δέ
499 1873 605 1961 κάρτα
620 1868 735 1940 δεινόν
751 1871 927 1960 ἐποιήσατο
950 1871 968 1940 ὁ
984 1880 1105 1961 Μεγα·

98 1978 218 2065 βάτης,
234 1978 289 2045 καλ
305 1978 477 2062 ἐσπέρχετο
493 1982 540 2065 τῷ
551 1970 777 2062 Ἀρισταγόρῃ.
801 1969 819 2039 ὁ
835 1971 872 2040 δὲ
884 1970 969 2041 είπε·
990 1974 1054 2041 Σολ
1068 1973 1105 2041 δὲ

98 2077 154 2143 καλ
174 2073 322 2143 τούτοισι
342 2086 428 2142 τοῖσι
451 2074 620 2159 πρήγμασι
647 2078 681 2140 τί
698 2074 783 2153 ἕσας
812 2069 855 2139 οὔ
874 2090 912 2139 σε
933 2067 1105 2139 ἀπέστειλε

99 2174 319 2260 Αρταφέρνης
340 2174 414 2259 ἐμέο
435 2178 615 2239 πείθεσθαι
637 2171 692 2239 καλ
706 2169 832 2238 πλώειν
849 2176 889 2258 τῇ
909 2164 952 2236 άν
968 2165 1033 2256 ἐγώ
1048 2193 1104 2235 κε-
1229 2250 1237 2259 .

98 2271 214 2353 λούσας
226 2277 260 2339 τί
272 2268 379 2340 πολλά
396 2270 572 2358 πρήσσεις;
598 2276 711 2337 Ταῦτα
726 2266 797 2336 εἷπε
806 2265 1051 2357 Ἀρισταγόρης.
1084 2264 1103 2335 ὁ

99 2372 136 2439 δὲ
142 2371 323 2456 θυμωθεὶς
336 2368 496 2490 τούτοισι,
513 2366 557 2447 ὡς
571 2366 634 2449 νύξ
649 2369 790 2454 ἐγένετο,
805 2372 929 2488 ἔπεμπε
944 2369 977 2447 ἐς
987 2369 1104 2449 Νάξον

78 2473 204 2557 ’πλοίῳ
220 2465 346 2553 άνδρας
359 2468 551 2553 φράσοντας
565 2481 651 2535 τοῖσι
667 2468 822 2546 Ναξίοισι
836 2466 946 2534 πάντα
960 2463 1001 2534 τά
1016 2490 1103 2552 παρ-

100 2565 198 2633 εόντα
215 2584 276 2651 σφι
289 2565 475 2654 πρήγματα.
522 2568 566 2633 Οό
577 2563 643 2652 γάρ
659 2556 708 2631 ὦν
718 2565 840 2643 Νάξιοι
855 2562 935 2633 οὐδὲ
936 2591 957 2631 ν
972 2565 1105 2643 πάντας
1118 2575 1153 2630 δλ

99 2666 342 2753 προσεδέκοντο
357 2667 409 2734 ἐπὶ
423 2667 527 2751 σφέας
541 2664 602 2733 τόν
616 2664 737 2733 στόλον
751 2669 872 2732 τοῦτον
885 2660 1103 2753 ὁρμήσεσθαι.

100 2764 170 2832 ἐπεὶ
191 2764 304 2848 μέντοι
325 2762 511 2850 ἐπύθοντο,
543 2760 662 2831 αὐτίκα
687 2762 750 2847 μὲν
770 2765 983 2849 ἐσηνείκαντο
1005 2760 1045 2829 τά
1068 2764 1104 2829 ἐκ

99 2867 167 2930 τῶν
183 2860 297 2948 ἀγρῶν
312 2863 345 2940 ἐς
358 2858 395 2928 τδ
411 2875 530 2947 τεῖχος,
552 2860 896 2948 παρεσκευάσαντοδέ
911 2857 955 2940 ὦς
966 2868 1105 2944 πολιορ-

99 2960 295 3047 κησόμενοι,
310 2961 366 3028 καλ
381 2973 454 3027 σλτα
468 2963 524 3027 καὶ
537 2957 622 3027 ποτά
638 2957 721 3027 κατά
737 2960 833 3047 τάχος
847 2960 1017 3039 ἐσάξαντο.
1039 2960 1106 3025 Καὶ

101 3052 195 3128 οὗτοι
206 3060 268 3144 μὲν
279 3058 550 3142 παρεσκευάδατο
563 3054 608 3138 ὡς
618 3061 852 3146 παρεσομένου
866 3080 927 3145 σφι
944 3057 1105 3143 πολέμου,

100 3164 136 3228 οί
147 3156 178 3227 δ’
195 3162 311 3228 ἐπείτε
322 3162 477 3246 διέβαλον
489 3161 526 3229 έκ
539 3166 597 3248 τῆς
605 3166 692 3229 Χίου
704 3157 763 3237 τὰς
773 3162 851 3238 νέας
862 3160 895 3237 ές
904 3153 966 3244 τήν
976 3156 1107 3244 Νάξον,

98 3254 184 3345 πρός
198 3259 454 3346 πεφραγμένους
470 3263 719 3347 προσεφέροντο
734 3260 790 3327 καλ
807 3256 1025 3343 ἐπολιόρκεον
1040 3263 1106 3343 μή·

98 3384 161 3437 νας
180 3362 344 3446 τέσσερας.
379 3356 423 3439 ὡς
444 3358 481 3427 δέ
499 3359 541 3429 τά
560 3384 597 3428 τε
618 3365 747 3445 ἔχοντες
769 3351 881 3446 ήλθον
901 3356 1052 3447 χρήματα
1074 3361 1108 3427 οί

99 3454 244 3545 Πέρσαι,
261 3463 365 3526 ταῦτα
379 3456 675 3545 καταδεδαπάνητό
690 3478 767 3546 σφι,
782 3461 838 3527 καλ
852 3454 943 3551 αὐτῷ
956 3462 1003 3548 τῷ
1015 3453 1105 3544 Ἀρι-
