2500 3925
151 209 214 274 102
530 209 784 270 HERODOTI

151 373 254 452 ἀλλας
269 368 388 459 γενεάς
408 367 467 448 τάς
486 367 552 458 πρό
568 379 718 460 Δαρείου
732 375 932 461 γενομένας,
954 372 994 442 τά
1009 376 1075 462 μὲν
1096 369 1174 441 ἀπὸ

150 480 219 541 τῶν
232 474 392 559 Περσέων
406 466 491 557 αὐτῇ
503 468 687 556 γενόμενα,
703 467 743 537 τά
760 473 797 538 δὲ
812 468 870 538 ἀπ’
889 468 1003 540 αὐτόν
1015 477 1088 540 τῶν
1104 495 1176 538 κο·

151 576 308 659 ρνφαίων
327 570 404 655 περὶ
424 575 481 654 τής
501 565 604 654 ἀρχῆς
623 568 865 656 πολεμεόντων.
895 570 984 639 οὕτω
998 569 1105 640 ούόέν
1122 563 1175 659 ήν
1214 559 1218 564 “

151 671 259 750 ἀεικὲς
270 674 454 755 κινηθῆναι
464 674 581 754 Δήλον
591 665 628 736 τό
641 671 721 756 πρίν
732 671 855 737 ἐοῦσαν
867 668 1035 758 ἀκίνητον.
1056 675 1117 740 καὶ
1132 673 1174 739 ἐν

150 775 286 860 χρησμῷ
300 761 345 856 ἦν
361 770 593 853 γεγραμμένον
607 769 683 853 περὶ
699 764 801 854 αὐτῆς
817 760 897 837 τόδε·

114 951 117 956 ¹
237 866 376 955 Κινήσω
390 867 444 933 καί
459 872 593 951 Δήλου,
608 863 769 952 άκίνητόν
783 891 846 955 περ
861 869 993 936 ἐοῦσαν.

152 964 309 1052 [δύναται
319 961 357 1030 όέ
369 959 452 1029 κατὰ
465 961 606 1033 Ἑλλάδα
620 971 777 1050 γλῶσσαν
795 973 899 1035 ταῦτα
918 967 959 1035 τά
976 965 1171 1054 οὐνόματα,
1247 974 1248 1032 λ

150 1076 295 1153 Δαρεῖος
307 1067 424 1150 ἐρξίης,
432 1065 554 1151 Ξέρξης
564 1063 690 1154 ἀρήιος,
698 1063 909 1155 Ἀρταξέρξης
919 1073 1021 1156 μέγας
1031 1067 1168 1157 ἀρήιος.

149 1164 292 1239 τούτους
307 1159 370 1245 μὲν
385 1157 517 1247 όήτούς
530 1165 686 1247 βασιλέας
698 1154 763 1230 άδε
773 1157 818 1231 ἀν
829 1159 944 1251 ὀρθῶς
954 1163 1039 1234 κατά
1049 1173 1171 1253 γλῶσ-

105 1289 140 1345 99
151 1287 215 1335 σαν
228 1264 290 1352 τήν
306 1264 472 1351 σφετέρην
479 1261 636 1351 Ἕλληνες
649 1268 819 1348 καλέοιεν].
835 1272 879 1335 Ol
888 1267 925 1334 δὲ
935 1266 1106 1355 βάρβαροι
1120 1264 1170 1345 ὡς

150 1365 317 1453 ἀπήειραν
327 1366 364 1432 ἐκ
374 1369 433 1449 τής
443 1363 577 1451 Δήλου,
592 1377 775 1451 προσῖσχον
785 1361 871 1449 πρός
880 1360 939 1443 τάς
950 1364 1089 1451 νήσους,
1105 1366 1170 1432 ἐν-

149 1471 274 1534 θεῦτεν
294 1464 330 1532 δὲ
345 1462 505 1550 στρατιήν
520 1487 556 1530 τε
576 1462 838 1550 παρελάμβανον
853 1466 908 1530 καί
922 1461 1073 1549 ὁμήρους
1093 1469 1170 1529 τιῦν

150 1567 342 1652 νησιωτέων
356 1566 477 1641 παῖδας
490 1562 690 1649 ἐλάμβανον.
721 1559 766 1641 ὡς
779 1562 817 1630 δὲ
832 1560 1081 1649 περιπλώοντες
1103 1558 1169 1638 τάς

150 1665 277 1753 νήσους
290 1664 477 1750 προσέσχον
498 1662 553 1726 καί
573 1661 607 1736 ἐς
621 1659 803 1745 Κάρυστον
827 1657 882 1726 ὀύ
898 1656 964 1747 γάρ
986 1657 1028 1746 δή
1049 1677 1115 1744 σφι
1134 1663 1170 1725 οί

151 1760 338 1849 Καρύστιοι
349 1757 426 1826 οὔτε
440 1755 589 1846 ὁμήρους
598 1761 753 1826 ἐδίδοσαν
764 1757 841 1826 οὔτε
854 1764 985 1846 ἔφασαν
996 1761 1050 1827 ἐπὶ
1060 1757 1169 1837 πόλις

150 1860 387 1946 ἀστυγείτονας
410 1858 668 1945 στρατεύεσθαι,
689 1863 841 1944 λέγοντες
857 1855 1027 1946 Ἐρέτριάν
1045 1884 1083 1925 τε
1106 1860 1168 1924 καὶ

146 1960 323 2048 Ἀθήνας’,
339 1964 489 2029 ἐνθαῦτα
505 1956 646 2037 τούτους
660 1955 876 2044 ἐπολιόρκεόν
889 1959 995 2025 τεκαὶ
1010 1954 1074 2045 τήν
1096 1964 1167 2043 γῆν

149 2066 264 2148 σφέων
279 2068 426 2149 ἐκειρον,
440 2061 473 2136 ἐς
485 2054 505 2124 ὃ
518 2059 574 2125 καί
583 2062 618 2125 οί
625 2057 809 2143 Καρύστιοι
821 2060 1033 2143 παρέστησαν
1045 2058 1079 2134 ἐς
1091 2062 1166 2123 τῶν

90 2187 138 2239 ιοο
147 2162 307 2248 Περσέων
321 2157 382 2244 τήν
397 2154 545 2242 γνάμην.
580 2151 756 2240 Ἐρετριέες
773 2154 809 2222 δέ
823 2153 1082 2241 πυνθανόμενοι
1097 2153 1166 2241 τήν

147 2257 306 2346 στρατιήν
324 2257 386 2342 τήν
405 2250 576 2339 Περσικήν
598 2254 651 2320 ἐπὶ
674 2255 778 2336 σφέας
798 2252 1035 2322 ἐπιπλάουσαν
1053 2252 1166 2341 Ἀθη-

147 2366 254 2427 ναίων
268 2355 457 2442 ἐδεήθησαν
473 2358 567 2437 σφίσι
578 2347 729 2437 βοηθούς
741 2354 911 2436 γενέσθαι.
929 2350 1108 2440 Ἀθηναῖοι
1123 2355 1165 2420 δὲ

146 2457 210 2528 οὐκ
228 2455 411 2525 ἀπείπαντο
428 2450 490 2539 τήν
511 2455 723 2537 ἐπικουρίην,
746 2449 830 2519 ἀλλά
849 2451 929 2531 τούς
949 2473 1165 2539 τετρακισχι-

145 2564 239 2635 λίους
250 2556 513 2639 κληρουχέοντας
521 2552 1004 2637 τῶνίπποβοτέωνΚαλκιόέιον
1015 2552 1079 2641 τήν
1089 2554 1164 2641 χεό-

149 2684 230 2744 ρην,
246 2652 386 2732 τούτους
400 2673 461 2739 σφι
479 2656 610 2719 διδοῦσι
624 2650 799 2739 τιμωρούς.
829 2658 897 2719 τῶν
914 2653 951 2721 δὲ
961 2652 1164 2740 Ἐρετριέων

147 2746 192 2841 ἦν
201 2750 266 2837 ἀρα
278 2747 378 2817 οὐδὲν
387 2748 479 2836 ὑγιὲς
489 2750 672 2837 βούλευμα,
681 2755 716 2816 οἳ
723 2750 970 2836 μετεπέμποντο
981 2751 1164 2841 μὲνἈθη-

147 2858 280 2935 ναίους,
301 2849 466 2934 ἐφρόνεον
486 2849 523 2915 δέ
537 2850 695 2932 διφασίας
708 2848 805 2925 ίδέας.
836 2852 870 2915 οί
881 2850 943 2934 μὲν
956 2848 1023 2937 γάρ
1042 2848 1163 2919 αὐτῶν

147 2946 369 3038 ἐβουλεύοντο
384 2950 531 3014 ἐκλιπεῖν
544 2943 607 3031 τήν
620 2944 721 3013 πόλιν
732 2946 766 3021 ἐς
774 2942 814 3011 τά
825 2943 912 3031 άκρα
926 2956 984 3035 τῆς
994 2946 1162 3036 Εὐβοίης,

147 3051 244 3120 άλλοι
264 3050 301 3116 δὲ
321 3044 433 3115 αύτῶν
454 3051 523 3115 ίθια
549 3047 669 3132 κέρδεα
695 3045 957 3131 προσδεκόμενοι
977 3044 1070 3133 παρά
1095 3052 1163 3114 τού

146 3149 284 3235 Πέρσεω
296 3155 448 3214 οίσεσθαι
460 3146 645 3228 προδοσίην
653 3141 878 3222 ἐσκευάζοντο.
891 3142 1015 3229 μαθών
1026 3146 1064 3212 δέ
1073 3144 1162 3213 τού-

146 3273 215 3314 των
230 3245 367 3329 ἑκάτερα
380 3242 424 3322 όις
435 3242 499 3328 εἶχε
510 3248 670 3327 Αίσχίνης
680 3238 698 3309 ὁ
710 3242 888 3327 Νόθωνος,
904 3241 970 3310 ἐάν
980 3248 1051 3310 τῶν
1064 3240 1162 3331 Ἐρε-

146 3348 266 3430 τριέων
280 3343 321 3411 τά
343 3350 473 3429 πρῶτα,
498 3341 615 3428 φράζει
635 3354 720 3406 τοῖσι
737 3337 857 3426 ήκουσι
873 3346 944 3407 τῶν
959 3337 1159 3426 Ἀθηναίων

148 3439 257 3509 πάντα
270 3439 311 3507 τά
324 3437 492 3523 παρεόντα
502 3459 563 3525 σφι
574 3437 766 3525 πρήγματα,
785 3438 983 3525 προσεδέετό
994 3465 1029 3507 τε
1043 3438 1158 3509 ἀπαλη
