2500 3925
178 276 242 343 254
559 283 810 341 HERODOTI

178 444 212 523 ἐς
228 440 292 531 τήν
306 441 432 532 αὐλήν,
455 446 641 527 ἐνέκυρσαν
660 453 745 509 τοῖσι
762 438 821 519 τὰς
836 436 992 525 ἀγγελίας
1010 442 1182 527 ἐσφέρουσι
1229 482 1230 487 1

177 538 387 630 εὐνούχοισι,
409 545 445 611 οἵ
468 562 573 629 σφεας
595 540 749 625 ἱστόρεον
774 536 796 606 ό
807 565 838 607 τι
863 541 1039 621 ἐθέλοντες
1062 538 1184 628 ἥκοιεν·

176 642 232 708 καί
247 639 316 726 ἅμα
330 644 535 725 ἱστορέοντες
548 638 689 717 τούτους
703 652 788 707 τοῖσι
804 648 1005 727 πυλουροῖσι
1028 637 1183 727 η’πείλεον

178 737 229 807 ότι
250 743 355 827 σφέας
375 748 546 830 παρῆκαν,
573 732 667 824 ίσχον
692 763 727 805 τε
749 742 978 824 βουλομένους
1002 738 1084 818 τούς
1108 736 1182 806 ε’πτδ

179 844 212 921 ἐς
226 840 262 910 τό
284 843 401 929 πρόσω
416 844 579 927 παριέναι.
600 843 648 907 ὀί
664 840 699 905 δὲ
714 839 1009 924 διακελευσάμενοι
1030 842 1089 908 καὶ
1103 859 1183 906 σκα-

178 940 318 1027 σύμενοι
333 938 373 1009 τό
389 942 568 1027 ἐγχειρίδια
581 938 723 1015 τούτους
739 934 894 1023 μὲντοὺς
911 948 1066 1025 ἴσχοντας
1082 936 1181 1005 αὐτοῦ

177 1042 281 1130 ταύτη
302 1042 555 1128 συγκεντέουσι,
578 1034 673 1105 αὐτοὶ
694 1038 729 1103 δὲ
750 1033 849 1121 ἤισαν
864 1035 977 1129 δρόμφ
999 1040 1033 1117 ἐς
1047 1034 1112 1104 τόν
1126 1033 1182 1103 ἄν·
1228 1076 1230 1121 η

132 1146 166 1203 18
178 1143 317 1225 δρεῶνα.
353 1144 397 1209 οί
413 1140 448 1207 δέ
462 1139 564 1226 μα’γοι
578 1142 696 1222 ἔτυχον
711 1134 894 1222 ἀμφότεροι
909 1145 1098 1222 τηνικαῦτα
1115 1137 1182 1204 ἐόν·
1228 1122 1230 1215 ί

176 1264 230 1317 τες
249 1264 284 1306 τε
304 1244 368 1307 ἐσω
390 1239 445 1306 καὶ
464 1236 505 1304 τὰ
518 1233 585 1304 ἀπὸ
597 1232 819 1321 Πρηξάσπεος
829 1235 996 1322 γενόμενα
1018 1238 1057 1303 ἐν
1080 1239 1183 1323 βουλῇ
1228 1248 1230 1329 η

177 1342 315 1423 ἔχοντες.
342 1339 412 1406 ἐπεὶ
427 1329 477 1405 όν
493 1334 584 1403 είδον
598 1332 678 1414 τούς
693 1333 876 1421 εὐνούχους
890 1338 1181 1423 τεθορυβημένους
1228 1334 1230 1413 λ

180 1459 213 1507 τε
227 1437 282 1503 καὶ
292 1438 468 1520 βοεῦντας,
484 1430 550 1502 όνό
569 1459 605 1500 τε
622 1437 768 1520 ἔδραμον
783 1434 885 1501 πόλιν
904 1431 1113 1524 ἀμφότεροι,
1135 1437 1181 1503 καί

179 1533 222 1615 εἰς
244 1542 374 1622 ἔμαθον
394 1532 431 1603 τὸ
453 1534 671 1621 ποιεύμενον,
694 1530 778 1620 πρὸς
805 1530 912 1619 ἀλκήν
934 1535 1135 1621 ἐτράποντο.
1166 1532 1180 1601 ὁ
1229 1550 1230 1553 ’

175 1631 292 1721 μὲνδὴ
308 1630 420 1701 αὐτῶν
434 1632 561 1719 φθάνει
584 1629 624 1701 τό
641 1632 720 1713 τόξα
740 1632 977 1719 κατελόμενος,
1003 1631 1020 1701 ὁ
1041 1634 1081 1701 δὲ
1104 1632 1182 1722 πρός

174 1731 238 1822 τήν
247 1731 368 1822 αίχμήν
381 1732 548 1818 ἐτράπετο.
572 1736 722 1801 ἐνθαῦτα
734 1732 769 1801 δὲ
781 1736 986 1821 συνέμισγον
998 1733 1181 1825 ἀλλήλοισι.

175 1844 221 1928 τῷ
235 1840 298 1923 μέν
312 1822 416 1923 δήπδι
431 1835 510 1914 τόξα
530 1830 735 1922 ἀναλαβόντι
757 1831 869 1902 αὐτῶν
884 1836 1012 1903 ἐόντων
1027 1863 1063 1905 τε
1080 1836 1183 1925 ἀγχοῦ
1229 1846 1230 1879 ³

178 1945 242 2007 τῶν
256 1942 425 2023 πολεμίων
439 1936 493 2004 καί
508 1935 759 2023 προσκειμένων
772 1925 817 2021 ήν
829 1931 955 2022 χρηστὰ
971 1932 1095 2026 οὐδέν,
1120 1935 1137 2005 ’ὁ
1154 1932 1181 2003 δ’

174 2040 286 2124 ἕτερος
310 2042 350 2124 τῇ
376 2040 474 2123 αἰχμῇ
500 2031 660 2121 ήμύνετο,
686 2036 864 2102 καὶτοῦτο
890 2035 953 2121 μέν
974 2033 1185 2121 Ἀσπαθίνην
1228 2045 1229 2092 λ

174 2141 263 2204 παίει
277 2136 310 2212 ἐς
325 2130 385 2203 τόν
398 2128 524 2219 μηρόν,
538 2139 636 2199 τοῦτο
651 2131 687 2200 δέ
698 2129 909 2219 Ἰνταφέρνεα
927 2135 960 2212 ές
974 2131 1035 2202 τόν
1048 2129 1185 2221 όφθαλ-
1227 2201 1228 2204 ,

172 2229 256 2319 μόν·
280 2231 334 2298 καί
349 2230 513 2318 ἐστερήθη
527 2232 589 2317 μὲν
602 2237 664 2298 τοῦ
681 2227 864 2317 ὀφθαλμοῦ
882 2233 918 2300 έκ
932 2239 995 2301 τοῦ
1009 2233 1184 2321 τρώματος
1227 2245 1228 2298 λ

171 2326 189 2395 ὁ
203 2325 428 2412 Ἰνταφέρνης,
446 2323 487 2393 ού
498 2327 610 2412 μέντοι
622 2323 776 2395 ἀπέθανέ
785 2354 832 2414 γε.
855 2335 924 2397 τῶν
935 2329 998 2416 μέν
1010 2327 1051 2418 δὴ
1064 2331 1184 2420 μόγων
1227 2301 1228 2341 ¹

176 2424 310 2514 ούτερος
325 2430 516 2513 τρωματίζει
531 2423 687 2511 τούτους,
709 2421 728 2492 ὁ
750 2425 785 2494 δὲ
801 2428 929 2514 ἕτερος,
959 2429 1071 2496 ἐπείτε
1094 2435 1131 2499 οί
1147 2429 1183 2497 τό

174 2523 252 2602 τόξα
267 2519 368 2590 οὐδὲν
382 2520 505 2609 χρηστοὶ
521 2525 663 2609 ἐγίνετο,
681 2517 726 2608 ήν
741 2523 806 2611 γὰρ
824 2523 866 2613 δή
885 2526 1043 2613 θάλαμος
1061 2530 1185 2616 ἐσέχων

170 2625 203 2701 ἐς
217 2618 278 2689 τόν
291 2619 482 2713 ἀνδρεῶνα,
502 2629 535 2705 ές
549 2634 671 2696 τοῦτον
685 2629 904 2717 καταφεύγει,
929 2633 1064 2700 ἐθέλων
1080 2633 1186 2703 αὐτοῦ

172 2729 372 2806 προσθεῖναι
386 2721 445 2802 τὰς
459 2724 578 2811 θύρας.
608 2729 668 2791 καί
685 2729 719 2792 οί
731 2733 995 2796 συνεσπίπτουσι
1017 2737 1091 2797 τῶν
1107 2729 1185 2799 ἑπτὰ

172 2819 251 2904 δύο,
273 2819 418 2905 Δαρεῖός
438 2848 472 2890 τε
493 2825 548 2890 καὶ
565 2824 744 2909 Γωβρύης·
770 2826 1025 2909 συμπλακέντος
1049 2828 1088 2895 δὲ
1112 2837 1186 2896 Γω-

169 2917 282 3005 βρόεω
296 2925 342 3010 τῷ
356 2919 452 3010 μόγῳ
467 2918 485 2987 ὁ
499 2931 644 3008 Δαρεῖος
660 2918 820 3000 ἐπεστεοδς
833 2918 958 3009 ἠπόρεε
972 2919 1028 2991 οἶα
1043 2926 1084 2992 ἐν
1105 2925 1188 2994 σκό-

169 3034 233 3103 τελ,
255 3018 532 3103 προμηθεόμενος
552 3015 597 3105 μή
617 3018 725 3107 πλήξῃ
738 3015 798 3086 τόν
811 3020 992 3106 Γωβρύην.
1023 3017 1140 3108 ὁρέων
1155 3027 1190 3089 δέ
1223 3047 1224 3133 η

169 3141 228 3198 μιν
242 3113 349 3201 ἀργόν
370 3118 552 3184 ἐπεστεῶτα
575 3112 592 3182 ὁ
613 3117 776 3204 Γωβρύης
792 3125 898 3204 ελρετο
921 3116 988 3186 ότι
1003 3115 1047 3187 οὐ
1066 3128 1184 3208 χρᾶται

166 3220 206 3300 τῇ
231 3219 331 3297 χειρί·
360 3210 430 3282 ὁδὲ
452 3212 537 3282 είπε·
562 3216 847 3300 Προμηθεόμενος
872 3219 946 3298 σέο,
976 3216 1023 3305 μή
1050 3219 1186 3308 πλήξω·
1222 3261 1223 3331 η

167 3308 329 3394 Γωβρύης
345 3313 381 3377 δὲ
396 3307 566 3398 ἀμείβετο·
591 3309 696 3381 Ὦθεε
713 3311 750 3382 τό
771 3316 867 3402 ξίφος
885 3318 943 3385 καὶ
964 3315 1010 3386 δι’
1033 3316 1189 3408 ἀμφοτέ-

172 3429 250 3485 ρων.
285 3414 429 3493 Δαρεῖος
444 3410 480 3475 δέ
495 3409 697 3495 πειθόμενος
718 3403 786 3478 ὦσέ
798 3437 832 3478 τε
854 3407 892 3480 τό
909 3413 1119 3500 ἐγχειρίδιον
1134 3420 1186 3484 καὶ
1221 3455 1222 3462 1

125 3518 159 3576 79
170 3506 264 3605 ἔτυχέ
283 3529 349 3584 κως
368 3515 429 3574 τοῦ
445 3508 566 3595 μα’γου.
607 3507 876 3591 Ἀποκτείνα-ντες
894 3513 931 3580 δὲ
947 3512 1030 3595 τούς
1050 3517 1187 3605 μα’γονς
1221 3479 1222 3529 ¹
