2500 3925
359 294 443 350 ΗΒ.
469 294 501 348 11.
532 292 629 349 cAP.
661 297 802 352 83—89.
1026 285 1085 352 1ὅῖ

103 458 171 542 κηίρ
184 444 277 530 αύτις
290 453 466 538 διηθέουσι
479 447 669 537 θυμιήμασι
680 455 930 536 τετριμμένοισι.
957 456 1086 518 ἔπειτεν

102 547 151 635 τήν
168 546 275 635 νηδύν
295 549 445 636 σμύρνης
468 545 639 635 ἀκηράτου
661 551 878 636 τετριμμένης
898 553 953 617 καί
969 553 1084 634 κασίης

97 650 219 715 καὶτῶν
234 647 347 716 ἀλλων
362 648 573 736 θυωμάτων,
598 645 688 734 πλήν
705 654 910 734 λιβανωτοῦ,
932 650 1083 736 πλήσαν-

96 771 140 824 τες
154 747 381 832 συρράπτουσι
396 744 510 815 ὀπίσω.
542 754 647 814 ταῦτα
661 747 699 815 δέ
712 748 913 835 ποιήσαντες
929 748 1084 837 ταριχεύ-

94 865 160 912 ουσι
177 851 294 937 λίτρῳ,
323 847 511 933 κρύψαντες
526 843 651 935 ἡμέρας
665 849 909 936 ἑβδομήκοντα·
936 855 1082 928 πλεῦνας

94 945 125 1010 δὲ
137 944 262 1010 τούτων
279 941 343 1013 ούκ
359 949 463 1025 έξεστι
476 946 673 1031 ταριχεύειν.
720 946 823 1016 έκεάν
837 951 873 1018 δὲ
887 952 1082 1037 παρέλθωσι

90 1047 123 1108 αι’
138 1044 380 1132 ἑβδομήκοντα,
411 1044 592 1122 λούσαντες
611 1043 672 1114 τόν
692 1043 815 1130 νεκρὸν
839 1053 1082 1115 κατειλίσσουσι

90 1148 149 1207 πᾶν
162 1139 270 1211 αύτοῦ
284 1142 321 1212 τό
337 1150 432 1229 σῶμα
447 1143 605 1222 σινδόνος
620 1149 781 1230 βυσσίνης
800 1151 964 1231 τελαμῶσι
980 1170 1082 1213 κατα-

90 1245 326 1329 τετμημένοισι,
354 1241 570 1330 ὑποχρίοντες
586 1249 632 1332 τῷ
647 1242 767 1328 κόμμι,
793 1249 838 1332 τῷ
854 1241 895 1330 δή
912 1241 986 1312 ἀντί
1001 1244 1081 1312 κόλ·

88 1349 137 1426 λης
155 1341 195 1407 τά
215 1340 326 1411 πολλά
343 1345 494 1429 χρέονται
515 1343 705 1428 Αἰγύπτιοι.
743 1341 904 1410 ἐνθεῦτεν
920 1343 957 1412 δὲ
971 1367 1081 1429 παρα-

87 1438 257 1524 δεξάμενοί
266 1465 326 1525 μιν
341 1446 376 1509 οί
387 1441 614 1528 προσήκοντες
630 1445 806 1508 ποιεῦνται
821 1441 958 1520 ξύλινον
971 1443 1080 1510 τύπον

86 1534 349 1626 ἀνθρωποειδέα,
375 1541 595 1626 ποιησάμενοι
613 1539 650 1606 δὲ
668 1541 844 1624 ἐσεργνῦσι
863 1541 924 1610 τόν
944 1539 1079 1625 νεκρόν,

84 1637 132 1700 καί
147 1644 426 1722 κατακληίσαντες
440 1639 531 1708 οὕτω
541 1645 784 1726 θησαυρίζουσι
798 1644 836 1709 έν
850 1642 1003 1730 οίκήματι
1012 1653 1081 1728 θη-

84 1739 173 1822 καίῳ,
201 1735 357 1816 ίστάντες
372 1735 483 1821 ὀρθόν
498 1736 582 1824 πρός
596 1753 718 1824 τοῖχον.
763 1737 852 1807 οὕτω
869 1742 931 1825 μὲν
946 1738 1025 1818 τούς
1038 1736 1079 1807 τά

86 1838 339 1902 πολυτελέστατα
359 1837 556 1919 σκευάζουσι
576 1836 736 1923 νεκρούς,
782 1835 862 1914 τούς
882 1837 919 1904 δὲ
940 1835 981 1904 τοὶ
996 1838 1078 1922 μέσα
1093 1855 1127 1909 87

84 1935 319 2020 βουλομένους,
350 1933 413 2023 τήν
434 1937 470 2005 δέ
491 1944 710 2021 πολυτελείην
740 1935 929 2022 φεύγοντας
955 1934 1080 2004 σκευά-

83 2039 164 2110 ζουσι
181 2026 267 2103 οἷδε·
296 2034 399 2104 ἐπεάν
418 2035 498 2116 τούς
519 2043 707 2124 κλυστῆρας
730 2036 923 2122 πλήσωνται
936 2041 997 2103 τοῦ
1013 2030 1077 2101 ἀπὸ

83 2138 194 2220 κέδρου
214 2133 396 2221 ἀλείφατος
412 2141 611 2224 γινομένου,
643 2137 681 2203 έν
702 2128 751 2203 ἀν
772 2140 920 2222 ἔπλησαν
938 2140 1000 2202 τοῦ
1021 2159 1079 2201 νε-

82 2240 156 2318 κροῦ
170 2231 236 2321 τήν
258 2242 406 2324 κοιλίην,
435 2237 514 2305 οῦτε
534 2234 761 2321 ἀναταμόντες
784 2233 889 2303 αύτόν
910 2232 988 2303 οὔτε
1009 2238 1079 2317 ἐξε-

80 2331 186 2412 λόντες
202 2331 268 2420 τήν
282 2334 408 2422 νηδύν,
435 2334 518 2404 κατά
535 2338 572 2404 δὲ
584 2332 648 2421 τήν
662 2336 765 2419 ἕδρην
782 2332 1006 2421 ἐσηθήσαντες
1023 2338 1078 2400 καὶ

80 2434 288 2522 ἐπιλαβόντες
301 2433 339 2503 τό
352 2438 484 2524 κλύσμα
498 2444 557 2523 τῆς
571 2433 677 2504 ὀπίσω
694 2431 777 2502 ὁδοῦ
791 2434 1003 2519 ταριχεύουσι
1020 2429 1077 2510 τάς

79 2534 293 2618 προκειμένας
307 2530 443 2621 ἡμέρας,
465 2542 505 2624 τῇ
521 2536 557 2602 δὲ
571 2539 744 2622 τελευταίη
759 2536 869 2612 ἐξιεῖσι
884 2535 921 2600 έκ
933 2539 991 2618 τῆς
1006 2556 1079 2599 κοι-

79 2634 141 2714 λίης
153 2627 218 2716 τήν
237 2637 391 2719 κεδρίην,
413 2632 476 2721 τήν
490 2637 615 2721 ἐσῆκαν
631 2633 805 2717 πρότερον.
846 2629 868 2719 ἡ
889 2634 926 2701 δὲ
941 2636 1005 2717 ἔχει
1019 2656 1077 2699 το-

79 2726 197 2812 σαύτην
226 2729 375 2817 δύναμιν
401 2729 485 2800 ὥστε
512 2732 581 2818 ἅμα
605 2736 712 2820 ἑωυτῇ
740 2728 802 2817 τήν
829 2729 945 2817 νηδύν
960 2732 1015 2798 καί
1034 2726 1074 2795 τά

79 2825 245 2911 σπλάγχνα
255 2832 500 2917 κατατετηκότα
511 2830 638 2917 ἐξάγει·
656 2828 715 2909 τάς
728 2833 765 2898 δὲ
776 2830 902 2917 σάρκας
912 2828 948 2898 τό
961 2837 1075 2914 λίτρον

79 2923 263 3011 κατατήκει,
291 2930 348 2995 καί
364 2927 406 3015 δή
422 2937 568 2998 λείπεται
588 2936 650 2999 τοῦ
666 2937 790 3015 νεκροῦ
810 2928 847 2998 τό
865 2935 969 3016 δέρμα
989 2934 1075 3015 μοῦ-

80 3045 132 3087 νον
153 3026 211 3091 καί
231 3023 272 3092 τά
292 3024 399 3095 ὀστέα.
439 3026 543 3097 ἐπεάν
562 3030 599 3097 δὲ
619 3035 724 3096 ταῦτα
737 3028 919 3115 ποιήσωσι,
945 3024 1004 3095 ἀπ’
1025 3018 1073 3093 τόν

76 3123 198 3188 ἔδωκαν
213 3119 303 3189 οὕτω
323 3121 384 3191 τόν
402 3124 542 3212 νεκρόν,
572 3122 673 3193 ούδὲν
690 3131 738 3193 ἔτι
751 3126 1070 3211 πρηγματευθέντες.

76 3214 110 3283 Ἠ
119 3218 153 3286 δὲ
168 3227 263 3307 τρίτη
283 3230 470 3309 ταρίχευσίς
486 3226 555 3292 ἐστι
573 3221 652 3310 ήδε,
681 3221 704 3309 ἢ
718 3220 796 3301 τούς
810 3221 954 3308 χρήμασι
968 3217 1073 3287 ἀσθε-
1087 3236 1121 3291 88

77 3323 245 3402 νεστέρους
259 3321 422 3401 σκευάζει.
464 3329 612 3411 συρμαίῃ
628 3322 851 3408 διηθήσαντες
865 3316 927 3405 τήν
942 3324 1073 3405 κοιλίην

77 3417 281 3530 ταριχεύουσι
300 3417 359 3497 τάς
380 3416 648 3508 εβδομήκοντα’
631 3423 771 3507 ημέρας,
799 3420 854 3487 καί
869 3413 1029 3485 ἔπειτεν’
1010 3414 1070 3484 ἀπ’

76 3502 119 3576 ἀν
133 3514 296 3583 ίδωκαν’
277 3520 519 3600 αποφέρεσθιιι.
556 3517 623 3597 Τάς
638 3520 674 3587 δὲ
690 3530 851 3603 γυναῖκας
865 3523 933 3583 τῶν
949 3518 1068 3600 έπιφα-
1085 3528 1120 3582 89
