2500 3925
291 266 376 322 LIB.
408 265 455 322 IV.
488 264 586 323 cm.
622 264 797 326 155—159.
985 263 1049 328 36³

67 426 184 508 Λίβυες,
214 419 257 501 ὡς
288 422 321 500 ἐς
349 420 511 510 ἀμείνονα
540 428 651 513 χῶρον
682 420 815 512 ἄξουσι,
849 418 1047 511 όνέγνωσαν

66 518 198 585 ἐκλιπεῖν,
217 512 303 606 ήγου
314 520 354 587 δέ
361 537 468 604 σφεας
481 522 644 587 ένδεότεν
657 522 693 586 οί
700 523 823 607 Λίβυες
834 518 1047 610 άναστήσαν-

65 641 108 693 τες
128 613 201 703 πρός
224 621 368 707 ἕσπέρην
392 622 447 688 καλ
471 616 532 687 τόν
557 618 738 687 κάλλιστον
760 627 829 689 ιιῑν
849 623 970 709 χόριον
988 629 1046 693 ἵνα

64 716 217 796 διεξιόντες
230 716 428 805 οίἪλληνες
448 714 493 804 μή
508 721 633 803 δδοιεν,
653 721 968 808 συμμετρησάμενοι
983 720 1046 809 τήν

63 811 138 899 όρην
158 822 213 902 τῆς
235 814 361 904 ἡμέρης
383 813 506 895 νυκτός
530 822 692 902 παρῆγον.
727 822 796 885 ἔστι
817 817 855 885 δδ
877 825 923 909 τῷ
946 818 1045 912 χάρη)

62 916 148 1007 τοότρ
161 915 290 1005 οὕνομα
302 917 427 1006 Ἴρασα.
458 912 640 1004 ἀγαγόντες
660 918 699 984 δέ
712 936 819 1003 σφεας
835 919 894 988 sul
913 920 1045 1008 κρήνην

61 1014 219 1103 λεγομένην
240 1014 327 1085 εἶναι
344 1014 554 1094 ’Λπόλλωνος
577 1014 692 1085 ιίπαν·
719 1013 860 1104 Ἄνδρες
873 1015 1042 1105 Ἕλληνες,

61 1110 184 1180 ἐυδαότα
198 1111 282 1201 ὑμῖν
296 1114 472 1203 ἐπιτήδεον
489 1116 626 1183 οίκέειν·
649 1116 801 1183 ένδαῦια
819 1112 918 1204 γόρὸ
936 1112 1043 1204 οὖρα-

60 1205 104 1286 ιός
114 1212 269 1298 τέτρηται.
309 1210 381 1283 Ἐπὶ
395 1216 459 1300 μέν
472 1238 539 1280 νυν
549 1212 683 1280 Βάττου
696 1237 732 1280 τε
746 1219 808 1281 τοῦ
819 1217 971 1284 οἰκιστέω
984 1220 1044 1299 τῆς
1059 1235 1109 1291 159

59 1302 116 1390 ζόης
128 1304 287 1393 ἄρξαντος
302 1312 355 1379 έπδ
365 1310 610 1396 τεσσεράκοντα
620 1316 695 1378 έτεα
708 1313 837 1379 καὶτοῦ
846 1309 967 1392 παιδός
976 1307 1043 1379 αό-

57 1410 103 1470 τοῦ
112 1402 301 1495 Ἀρκεσίλεω
322 1407 485 1497 ἄρξαντος
505 1412 680 1478 ἑκκαίδεκα
694 1414 769 1477 έτεα
789 1418 902 1478 ολκεον
918 1415 953 1479 ολ
965 1418 1041 1479 Κυ-

57 1521 164 1591 ρηναῖοι
185 1509 299 1591 ἐόντες
319 1519 491 1600 τοσοῦτοι,
514 1510 587 1580 ὅσοι
613 1508 720 1598 άρχήν
743 1514 777 1590 ές
799 1507 862 1597 τήν
881 1508 1041 1598 όποικίην

56 1606 234 1696 ἐστάλησαν·
258 1614 310 1681 έπδ
326 1616 363 1681 δὲ
385 1618 447 1681 τοῦ
463 1618 595 1699 τρίτου,
615 1612 750 1681 Βάττου
763 1617 825 1679 τοῦ
841 1608 1039 1699 ιόδαίμονος

55 1708 426 1799 καλεομένου,Ἕλληυας
437 1711 564 1789 πάντας
580 1707 715 1798 ὥρμησε
724 1709 874 1799 χρήσασα
886 1708 908 1798 ή
919 1717 1037 1797 Πυθίη

53 1805 155 1873 πλόειν
175 1808 443 1896 συνοικήσοντας
463 1815 687 1896 Κυρηναίοισι
707 1808 857 1897 Λιβύην·
879 1810 1037 1876 ἐπεκαλέ-

52 1927 113 1971 οντο
129 1903 193 1994 γὰρ
211 1912 248 1976 ολ
260 1914 449 1996 Κυρηναδοι
474 1910 528 1977 έπδ
552 1914 614 1996 γῆς
634 1905 826 2000 ἀναδασμῷ.
861 1912 977 1996 ἔχρησε
999 1906 1036 1975 δε

53 1995 102 2072 όδε
114 2011 246 2092 ἔχοντα·

92 2107 140 2189 “ος
153 2110 194 2181 δέ
206 2135 270 2180 κεν
284 2109 318 2190 ἐς
331 2107 465 2201 Λιβόηυ
479 2106 695 2194 πολυήρατον
707 2103 852 2193 ὕστερον
865 2110 951 2194 ἔλθη

96 2212 157 2288 Γᾶς
169 2205 434 2297 ἀναδαιομένας,
456 2209 538 2296 μετά
552 2209 587 2276 οῗ
596 2204 685 2276 ποκά
696 2229 782 2293 φαμι
793 2204 959 2294 μελήσειν.

50 2309 272 2392 συλλεχθέντος
287 2307 323 2376 δὲ
340 2305 461 2394 ὁμίλου
480 2313 609 2376 πολλοῦ
624 2309 659 2385 ἐς
677 2304 740 2393 τήν
755 2307 919 2394 Κυρήνην
937 2330 1033 2394 περι-

48 2406 232 2491 ταμνόμενοι
246 2413 311 2492 γῆν
324 2405 454 2494 πολλήν
468 2410 503 2475 οδ
514 2412 679 2491 περίοικοι
693 2411 817 2493 Λίβυες
830 2410 885 2474 καί
901 2403 920 2473 ὁ
935 2413 1034 2493 βασι-

47 2500 109 2584 λεός
121 2501 253 2592 αὐτῶν,
275 2512 321 2597 τῷ
336 2503 467 2592 οὕνομα
481 2499 526 2593 ήν
537 2501 711 2592 Ἀδικράν,
731 2498 785 2571 οἷα
803 2511 861 2591 τῆς
875 2529 911 2572 τε
924 2505 1033 2592 γοόρης

47 2605 281 2693 στερισκόμενοι
293 2608 348 2674 κοιδ
357 2605 647 2694 περιυβριζόμενοι
657 2602 725 2672 ὑπὸ
736 2611 805 2673 τῶν
815 2612 1032 2694 Κυρηναίων,

45 2702 217 2789 πέμψαντες
231 2707 265 2784 ές
274 2713 451 2792 Αἴγυπτον
465 2709 587 2774 ἔδοσαν
601 2707 705 2791 σφέας
718 2701 844 2784 αότοός
856 2703 972 2795 Ἀπρίη
986 2711 1032 2796 τῷ

45 2803 203 2885 Αίγόπτου
223 2806 361 2892 βασιλέι.
394 2801 413 2872 ό
435 2805 472 2872 δδ
494 2804 653 2884 συλλέξας
676 2799 820 2890 στρατόν
836 2808 1054 2889 Αἰγυπτίων.

45 2900 152 2970 πολλόν
167 2908 294 2989 ἔπεμπε
314 2905 368 2972 έπλ
381 2901 444 2991 τήν
458 2904 632 2990 Κυρήνην.
661 2906 697 2970 οἱ
713 2902 751 2970 δὲ
765 2907 952 2989 Κυρηυαδοι
976 2903 1032 2969 έκ-

45 3001 310 3090 σιρατευσόμευοι
328 3006 362 3082 ές
371 3001 489 3091 Ἴρασα
505 3009 615 3090 χῶρον
630 3005 685 3070 καὶ
699 3002 753 3070 ἐπὶ
766 3002 896 3090 κρήνην
911 3004 1031 3072 Θέστιν

43 3100 217 3189 συνέβαλόν
237 3127 273 3171 τε
296 3117 382 3172 τοῖσι
398 3109 612 3189 Αἰγυπτίοισι
635 3103 692 3170 καλ
710 3105 869 3188 ένέκησαν
889 3106 929 3190 τῇ
944 3118 1031 3185 συμ-

42 3203 116 3288 βολῇ.
158 3201 218 3270 ἅτε
241 3200 307 3289 γάρ
331 3197 372 3270 ου’
397 3205 629 3288 πεπειρημένοι
652 3198 817 3289 πρότερον
833 3201 876 3266 ὀί
896 3195 1035 3285 Αίγύπ-

42 3325 86 3367 ιιοι
103 3298 271 3390 Ἑλλήνων
293 3301 352 3371 καλ
377 3299 642 3390 παραχρεόμενοι
671 3295 905 3389 διεφθάρησαν
935 3297 1037 3390 οὕτω,

42 3395 112 3470 όστε
141 3401 250 3490 όλίγοι
280 3401 367 3483 τινός
397 3397 511 3483 αὐτῶν
533 3398 767 3488 ἀπενόστησαν
790 3401 824 3480 ές
849 3409 1036 3486 Αἴγυπτον.

42 3495 101 3570 όυτί
134 3501 264 3574 τοότων
295 3501 470 3591 Αίγόπτιοι
504 3498 765 3590 ἐπιμεμφόμενοι
793 3497 914 3590 Ἀπρίη
950 3498 1037 3570 dai-
