2500 3925
154 218 196 283 22
527 217 776 274 HERODOTI
826 208 832 219 ’

158 382 260 451 πάλαι
279 373 502 466 προεσήμαινε
517 375 555 444 τά
571 377 734 463 μέλλοντα
755 379 900 442 έσεσθαι.
931 381 1074 459 Κροῖσος
1088 378 1149 461 μέν

155 504 222 547 νυν
237 485 354 563 ἔθαψε,
371 477 415 555 ὡς
430 473 520 553 οἰκός
532 468 593 561 ἡν,
614 470 675 540 τόν
692 475 819 539 ἑωυτοῦ
832 474 949 539 παῖδα·
970 470 1150 559 Ἄδρηστος
1247 502 1249 536 J

155 580 191 647 δὲ
209 564 388 660 δΓορδίεω
408 580 469 642 τοῦ
482 576 618 657 Μίδεω,
642 563 740 648 οὗτος
760 566 800 656 δὴ
822 566 841 636 ό
862 564 989 655 φονεός
1008 570 1070 654 μὲν
1090 577 1149 637 τοῦ
1247 607 1249 635 1

159 676 283 741 ἑωυτοῦ
294 670 460 757 ἀδελφεοῦ
470 669 662 757 γενόμενος,
673 665 799 753 φονεάς
809 667 845 734 δὲ
855 672 917 734 τοῦ
928 665 1149 753 καθήραντος,
1247 702 1249 736 1

157 775 263 841 ἐπείτε
298 768 417 858 ἡσυχίη
437 765 719 854 τῶνάνθρώπων
747 766 876 850 ἐγένετο
897 760 1030 850 περὶτὰ
1052 769 1150 848 σῆμα,

156 868 467 956 συγγινωσκόμενος
480 864 676 950 ἀνθρώπων
691 861 776 931 εἶναι
793 867 861 928 τῶν
878 856 980 938 αὐτός
994 858 1071 947 ἡδεε
1087 867 1149 945 βα-

157 966 470 1055 ρυσυμφορώτατος,
491 959 619 1032 ἑωυτόν
633 959 889 1046 ἐπικατασφάζει
905 964 951 1048 τῷ
964 958 1088 1049 τόμβφ.

109 1076 142 1131 46
236 1073 380 1152 Κροῖσος
396 1066 432 1132 δέ
447 1066 500 1132 έπὶ
517 1063 579 1130 δύο
599 1067 673 1130 έτεα
687 1063 724 1129 έν
735 1056 996 1148 πένθελμεγάλφ
1010 1063 1150 1143 κατῆστο

140 1170 216 1231 ’τοῦ
231 1162 350 1241 παιδός
364 1164 594 1249 ἐστερημένος·
611 1156 693 1246 μετὰ
708 1155 775 1244 δδὴ
786 1155 983 1243 Ἀστυάγεος
989 1164 1051 1224 τοῦ
1056 1163 1151 1223 Κυα-

156 1265 262 1353 ξάρεω
274 1261 434 1352 ἡγεμονίη
446 1288 580 1349 καταιρε
609 1258 1150 1346 εἴσαόπδΚάρουτοῦλίαμβάσεω

156 1368 211 1433 καὶ
230 1362 270 1433 τά
292 1370 361 1432 των
381 1365 538 1450 Περσέων
565 1361 746 1448 πράγματα
774 1356 986 1443 αὐξανόμενα
1008 1358 1150 1434 πένθεος

156 1464 217 1550 μὲν
231 1469 379 1550 Κροίσου
392 1459 573 1546 ἀπέπαυσε,
590 1461 727 1546 ἐνέβησε
740 1459 776 1525 δέ
794 1461 827 1536 ές
847 1459 1021 1543 φροντίδα,
1039 1464 1072 1522 εί
1084 1480 1151 1533 κως
1247 1503 1248 1546 ,

155 1562 305 1646 δυ’ναιτο,
321 1563 401 1647 πρὶν
415 1560 582 1646 μεγάλους
591 1561 751 1645 γενέσθαι
764 1553 992 1642 τοδςΠέρσας,
1006 1562 1151 1622 καταλα-
1247 1551 1248 1598 3

155 1667 228 1747 βείυ
253 1655 366 1726 αότοὸυ
388 1655 620 1743 αὐξανομένην
639 1654 700 1743 τὴν
715 1655 868 1742 δύναμιν.
912 1651 993 1741 μετά
1018 1647 1067 1722 όν
1086 1649 1146 1738 τὴν

155 1758 309 1826 διάνοιαν
323 1755 448 1842 ταύτην
463 1755 582 1824 αὐτίκα
597 1753 796 1843 ἀπεπειρᾶτο
809 1762 877 1823 τῶν
892 1761 1065 1843 μαντηίων
1079 1760 1147 1822 τῶν

157 1880 190 1923 τε
205 1852 377 1940 ένἝλλησι
395 1857 450 1922 καί
463 1861 524 1922 τοῦ
535 1855 701 1942 ένΛιβάη,
716 1857 902 1940 διαπέμψας
915 1853 1037 1932 ἀλλους
1054 1851 1148 1941 άλλη,

135 1952 234 2034 1τοδς
254 1955 315 2041 μὲν
338 1958 371 2034 ές
385 1952 543 2041 Δελφοδς
564 1956 667 2040 ίέναι,
689 1951 768 2034 τοδς
788 1954 826 2022 δὲ
845 1952 987 2042 ές”Αβας
999 1950 1058 2032 τὰς
1072 1960 1148 2021 Φω-

155 2057 252 2139 κέων,
268 2048 347 2130 τούς
362 2055 397 2120 δέ
415 2054 645 2139 έςΔωδεόνην·
660 2057 694 2120 σί
706 2054 746 2120 δέ
757 2078 845 2132 τινες
859 2057 1042 2140 ἐπέμποντο
1057 2076 1148 2137 παρα
1247 2111 1249 2139 ,

154 2177 190 2218 τε
205 2147 416 2236 Ἀμφιάρεων
422 2153 478 2218 καὶ
491 2150 581 2239 παρά
593 2152 805 2238 Τροφοένιον,
821 2157 856 2220 οί
866 2154 905 2221 δέ
917 2161 975 2240 της
982 2158 1150 2238 Μιλησίης
1247 2166 1248 2217 ί

156 2253 188 2328 ές
204 2251 398 2334 Βραγχίδας.
425 2255 532 2318 ’ταῦτα
545 2253 608 2336 μέν
623 2277 690 2337 νυν
705 2247 746 2318 τά
754 2249 930 2338 Ἑλληνικά
946 2258 1101 2339 μαντήια,
1115 2254 1150 2329 ές

154 2343 193 2414 τά
210 2343 382 2430 ἀπέπεμψε
395 2350 665 2435 μαντευσόμενος
679 2356 839 2437 Κροῖσος·
861 2351 989 2439 Λιβύης
1006 2353 1042 2418 δέ
1072 2346 1151 2430 παρ’

147 2445 306 2532 Ἄμμωνα
329 2440 500 2516 ἀπέστειλε
522 2446 644 2528 ἀλλους
667 2455 901 2536 χρησομένους.
934 2456 1092 2538 διέπεμπε
1112 2453 1150 2520 δὲ

153 2541 367 2629 πειρεόμενος
382 2550 450 2610 τῶν
463 2553 649 2634 μαντηίων,
667 2547 688 2615 ὅ
701 2574 732 2615 τι
748 2553 935 2638 φρονέοιεν,
952 2548 1006 2637 ἀς,
1022 2557 1053 2620 εί
1062 2576 1150 2637 φρο-

153 2644 272 2710 νέοντα
288 2638 350 2728 τὴν
364 2639 526 2732 ἀληθείην
542 2645 710 2732 εὑρεθείη,
724 2650 895 2735 έπείρηταί
908 2668 995 2735 σφεα
1009 2649 1147 2735 δεότερο

104 2755 136 2810 λλ
153 2745 302 2829 πέμπων,
318 2747 348 2810 εί
362 2745 536 2828 ἐπιχειρέοι
551 2747 604 2812 ἐπὶ
610 2749 745 2831 Πέρσας
759 2747 1008 2833 στρατεύεσθαι.
1026 2744 1150 2815 Ἐυτει-

152 2842 295 2928 λάμενος
309 2841 345 2908 δὲ
359 2855 445 2909 τοῖσι
460 2847 600 2910 Λυδοῖσι
615 2844 694 2912 τάδε
714 2843 884 2930 ἀπέπεμπε
894 2846 928 2923 ές
941 2842 1004 2930 τὴν
1018 2844 1152 2912 διάπει-

154 2965 218 3022 ραν
233 2944 301 3005 τῶν
314 2946 540 3027 χρηστηρίων,
561 2938 616 3009 ἀπ’
637 2934 679 3028 ἡς
702 2939 747 3009 ἀν
766 2940 891 3029 ἡμέρης
905 2940 1096 3030 ὁρμηθέωσι
1112 2945 1150 3010 ἐκ

151 3041 326 3124 Σαρδίων,
345 3033 409 3104 ἀπό
424 3039 545 3126 ταύτης
557 3039 840 3129 ἡμερολογέοντας
856 3037 917 3108 τόν
929 3037 1049 3109 λοιπόν
1068 3040 1151 3126 χρό-

152 3160 215 3201 νον
231 3136 388 3224 ἑκατοστῇ
406 3132 513 3226 ἡμέρη
543 3145 688 3225 χρᾶσθαι
709 3154 794 3207 τοῖσι
810 3150 1044 3228 χρηστηρίοισι,
1059 3143 1144 3207 έπει»

152 3234 351 3320 ρωτέοντας,
382 3231 403 3300 δ’
428 3259 460 3302 τι
481 3240 603 3304 ποιέων
624 3239 785 3324 τυγχάνοι
806 3235 824 3307 ὁ
847 3243 971 3306 Λυδῶν
991 3236 1152 3328 βασιλεός

151 3338 293 3417 Κροῖσος
308 3328 326 3399 ὁ
341 3330 542 3402 Ἀλυάττεω·
564 3333 651 3402 ἀσσα
674 3332 704 3402 δ’
728 3332 772 3402 ἀν
789 3338 910 3403 ἕκαστα
923 3343 993 3404 τῶν
1005 3357 1150 3423 χρηστη·
1247 3400 1248 3405 ,

151 3433 234 3510 ρίων
247 3435 401 3516 θεσπίσῃ,
417 3436 715 3518 συγγραψαμένους
728 3431 910 3520 ἀναφέρειν
924 3433 998 3518 παρ’
1011 3437 1149 3503 ἑωυτόν.
