2500 3925
153 243 214 306 114
517 245 771 305 HERODOTI

78 421 134 476 115
235 409 453 494 Μασσαγέται
469 406 505 476 δέ
526 403 654 492 ἐσθῆτά
671 431 706 473 τε
724 401 844 492 ὁμοίην
860 413 899 495 τῆ
916 413 1074 496 Σκυθικῆ
1092 432 1152 492 φο-

150 508 264 586 ρέουσι
278 509 333 573 κοιλ
351 510 480 574 όίαιταν
501 511 632 590 έχουσι,
652 503 789 573 ίππόται
805 507 843 572 δέ
862 510 925 574 είσι
945 509 1000 573 καλ
1017 503 1153 573 ἄνιπποι

151 602 367 689 (ἀμφοτέρων
387 602 452 690 γὰρ
472 606 661 690 μετέχουσι)
683 606 738 672 καλ
759 604 889 684 τοξόται
913 630 948 672 τε
970 606 1025 673 καί
1040 610 1149 690 αίχμο-

150 704 269 789 φόροι,
292 704 431 790 σαγύρις
452 709 642 790 νομίζοντες
660 709 756 788 ἔχειν.
789 711 901 794 χρυσῷ
924 703 959 770 δέ
975 706 1030 772 καλ
1045 708 1154 794 χαλκῷ

61 810 64 817 ’
149 800 188 867 τὰ
214 801 323 868 πάντα
345 808 514 887 χρέονται·
541 799 605 868 ὅσα
621 802 685 887 μὲν
705 799 771 887 γὰρ
795 799 966 889 έςιαίχμᾶς
983 803 1039 868 καί
1061 798 1155 886 ἄρδις

149 904 204 971 καί
218 902 373 987 σαγάρις,
389 907 499 992 χαλκῷ
512 899 552 969 τὰ
568 901 677 969 πάντα
691 904 861 988 χρέονται,
879 899 941 968 ὅσα
956 905 991 969 δὲ
1009 903 1084 984 περὶ
1098 923 1155 966 κε-

90 1071 106 1096 .
150 999 261 1087 φαλῆυ
276 1006 332 1069 καλ
353 1008 518 1088 ζωστῆρας
535 1004 590 1068 καί
605 1009 885 1087 μασχαλιστῆρας,
906 1006 1018 1088 χρνσςό
1034 997 1154 1082 κοσμέ-

149 1125 252 1166 ονται.
284 1097 328 1178 ὡς
350 1099 380 1168 δ’
400 1098 509 1178 αύτοις
528 1107 596 1166 τῶν
613 1102 726 1167 ἵππων
740 1097 781 1166 τόν
803 1101 864 1186 μέν
883 1096 1012 1186 περὶτὰ
1034 1099 1154 1179 στέρνα

148 1202 306 1284 χαλκέους
321 1198 479 1286 θιόρηκας
494 1200 750 1287 περιβάλλουσι,
769 1197 808 1266 τὰ
825 1199 861 1266 δέ
878 1195 1043 1286 περλτούς
1060 1204 1153 1282 χαλι-

148 1297 229 1376 νούς
254 1301 309 1366 καί
334 1298 452 1384 στόμια
478 1301 532 1366 καί
553 1300 688 1384 φάλαρα
711 1305 832 1388 χρυσῷ.
867 1297 992 1387 σιόῆρφ
1013 1296 1049 1363 δὲ
1075 1290 1151 1361 οὐδ’

22 1443 27 1452 ·
148 1395 286 1489 ἀργύρῳ
314 1398 464 1484 χρέονται
493 1396 610 1466 οὐδέν·
659 1396 740 1468 mm
769 1397 833 1486 γύρ
864 1417 923 1483 σφι
953 1401 1021 1464 ἔστι
1052 1397 1087 1463 έν
1110 1399 1153 1481 τῆ

77 1514 133 1568 216
147 1495 253 1583 χύρη,
275 1492 293 1562 ὁ
313 1500 348 1564 δὲ
370 1495 492 1582 χρυσός
513 1501 567 1567 καὶ
581 1498 599 1565 ὁ
614 1498 736 1584 χαλκός
752 1497 899 1577 ἄπλετος.
944 1497 1090 1583 Νόμοισι
1115 1495 1152 1561 δέ

148 1598 299 1680 χρέονται
316 1602 437 1663 τοιοισί
422 1598 487 1663 cos·
516 1610 661 1681 γυναῖκα
681 1597 743 1682 μέν
759 1600 872 1682 γαμέει
894 1598 1045 1679 ἕκαστος,
1068 1592 1151 1660 ταύ-

147 1712 220 1780 τησι
233 1693 268 1758 δέ
283 1693 434 1760 ἐπίκοινα
444 1696 604 1779 χρέονται.
626 1692 663 1762 τό
676 1692 740 1781 γὰρ
754 1695 894 1773 Σκύθας
906 1692 1002 1779 φασί
1001 1690 1153 1778 Έλληνες

147 1793 284 1875 ποιέειν,
299 1817 341 1857 ου
331 1789 489 1860 ’Σκύθαι
504 1797 616 1862 είσλ
581 1818 611 1862 οι
622 1799 805 1879 ποιεῦντες,
819 1790 902 1863 ἀλλὰ
915 1793 1150 1877 Μασσαγέται·

147 1897 203 1977 τῆς
225 1915 291 1975 γαρ
316 1877 516 1979 ἐπιθυμήσει
539 1889 700 2013 γυναικός
715 1887 975 1979 Μασσαγέτης’
958 1885 1060 1977 ανῆρ,
1089 1883 1153 1955 τὸν

147 1997 363 2071 φαρετρεοινα
379 1987 613 2077 αποκρεμύσας
628 1989 761 2079 πρὸτῆς
773 1990 898 2078 ἁμάξης
910 1996 1058 2076 μίσγεται
1070 1983 1152 2055 ἅδε·

145 2093 198 2163 οἷς.
232 2080 334 2170 ούρος
354 2091 391 2158 δὲ
405 2087 534 2176 ἡλικίης
548 2111 609 2175 σφι
626 2096 801 2174 προκέεται
822 2089 920 2167 ἄλλος
936 2088 998 2174 μέν
1020 2084 1140 2163 ούόείς·

145 2181 247 2252 έπεύν
258 2189 294 2253 δὲ
305 2196 414 2270 γέρον
424 2190 559 2274 γένηται
569 2190 687 2275 κάρτα,
704 2195 737 2259 οέ
747 2189 968 2277 προσήκοντές
983 2191 1016 2256 οί
1026 2186 1152 2263 πάντες
1248 2206 1249 2232 ι

145 2282 369 2361 συνελθόντες
381 2285 512 2353 θύουσί
522 2312 597 2371 μιν,
620 2289 674 2356 καλ
689 2287 772 2357 ἄλλα
784 2288 939 2375 πρόβατα
954 2286 1022 2373 ἅμα
1044 2283 1151 2377 αύτῷ,

112 2446 116 2453 ,
144 2381 326 2469 ἑψήσαντες
350 2380 445 2449 δέ
409 2409 449 2449 τα
474 2386 555 2470 κρέα
582 2391 855 2472 κατευωχέονται.-
885 2391 987 2455 ταῦτα
1013 2389 1075 2472 μέν
1107 2382 1151 2453 τὰ

144 2477 329 2598 ὀλβιύτατα
343 2499 404 2564 σφι
422 2481 631 2568 νενόμισται,
646 2482 707 2553 τόν
726 2486 761 2553 δέ
773 2486 885 2577 ιούσηι
904 2484 1152 2573 τελευτήσαντα

142 2574 184 2644 ού
201 2576 470 2703 κατασιτέονται,
490 2577 573 2650 ἄλλα
587 2589 631 2670 γῆ
646 2584 848 2670 κρύπτουσι,
870 2582 1050 2673 συμφορὴν
1068 2610 1154 2653 ποι-

141 2674 294 2759 εύμενοι,
310 2673 361 2742 ότι
377 2673 440 2743 οὐκ
454 2704 542 2746 ικετο
559 2677 641 2757 ές
606 2705 644 2747 το
662 2689 816 2768 τυθῆναι
840 2689 1014 2769 σπείρουσι
1030 2684 1066 2751 δὲ
1084 2682 1154 2753 ού-

139 2773 215 2854 θὲν,
237 2767 311 2839 ἀλλ’
329 2768 393 2839 ἄπο
407 2779 778 2862 κτηνέωνζοίουσικαλί
765 2782 911 2865 ίχθύων
934 2788 967 2851 οί
980 2782 1017 2850 δέ
1029 2781 1145 2869 αφθο-

136 2875 197 2937 νοί
213 2890 273 2988 σφι
295 2874 331 2939 έιι
348 2898 408 2940 του
395 2871 561 2959 Ἀροὶξεω
582 2884 734 2963 ποταμοῦ
754 2886 1004 2967 παραγίνονται.
1038 2891 1157 2967 γαλα-
1243 2928 1244 2936 1

137 2968 297 3035 ιιτοπόται
312 2973 352 3035 δέ
363 2976 435 3041 είσι.
468 2980 561 3041 θεῶν
582 2973 618 3041 δὲ
639 2981 768 3095 μούνου
783 2974 879 3064 ῆλιον
897 2984 1070 3067 σέβονται,
1100 2991 1154 3074 τῷ

135 3065 296 3133 θύουσι”
281 3091 411 3146 ιππους.
435 3069 537 3155 νόμος
554 3073 590 3139 δὲ
612 3064 710 3152 ούτος
727 3082 783 3197 τῆς
798 3084 936 3164 θυσίης
964 3084 1033 3146 τῶν
1049 3087 1154 3149 θεῶν

134 3187 183 3249 αφ
168 3168 334 3254 ταχίστῳ
349 3165 486 3235 ποίντοιι
500 3174 567 3236 τῶν
584 3173 769 3258 θνητῶν
736 3202 771 3243 το
789 3176 942 3263 ια’χιστον
957 3180 1146 3251 δατέονται
1241 3184 1242 3218 ³

551 3374 709 3387 ..ουσαν-ο...
