2500 3925
316 256 402 313 ΗΒ.
435 258 455 313 Ι.
488 256 589 313 cAP.
622 260 799 315 law-1³4.
1040 249 1081 313 73

68 422 166 541 μέμος
179 416 245 487 τὸν
256 416 380 507 τιήρην
395 422 543 506 μυρσίνῃ
557 416 711 505 μάλιστα.
754 418 867 509 ἑωυτῷ
888 416 951 503 μὲν
971 414 1017 539 δή
1033 422 1080 509 τῷ

69 517 191 587 θύοντι
214 520 284 606 ίδίη
306 515 423 609 μούνω
448 514 490 584 οὔ
511 521 544 585 οί
562 518 729 637 ἐγγίνεται
742 512 891 638 ήράσθαι
906 513 1039 605 ἀγαθά,
1060 512 1079 585 ὁ

69 617 102 684 δὲ
122 622 209 683 πᾶσι
230 628 317 684 τοῖσι
338 617 487 735 Πέρσησι
512 616 706 703 κατεύχεται
726 608 767 684 εὖ
788 621 945 702 γίνεσθαι
965 618 1020 684 καί
1034 622 1080 707 τῷ

69 714 215 801 βασιλέι·
257 715 294 781 ἐν
314 711 380 801 γὰρ
403 709 444 803 δή
458 728 544 783 τοῖσι
560 710 664 782 άπασι
676 718 827 804 Πέρσησι
842 717 897 783 καί
912 710 1014 793 αύτός
1026 720 1081 800 γί-

70 838 170 879 νεται.
221 808 325 881 έπεάν
353 816 390 881 δὲ
418 813 636 899 διαμιστύλας
666 810 751 882 κατά
774 817 877 900 μέρεα
903 810 941 881 τὸ
969 811 1081 901 ίρήιον

70 909 176 998 ἑψήσῃ
197 908 239 979 τά
257 915 355 999 κρέα,
382 908 560 991 ὑποπάσας
574 918 676 998 ποίην
691 909 736 991 ὡς
750 909 988 1000 ἁπαλωτάτην,
1013 910 1081 999 μά-

69 1018 165 1077 λιστα
182 1011 225 1077 ,δὲ
245 1005 282 1077 τύ
304 1015 507 1097 τρίφυλλον,
529 1012 582 1079 ἐπὶ
596 1008 719 1096 ταύτης
733 1015 836 1097 ἔθηκε
851 1002 900 1080 ύν
914 1008 1024 1079 πάντα
1038 1007 1079 1079 τά

69 1107 159 1191 κρέα.
199 1110 378 1187 διαθέντος
399 1110 436 1177 δὲ
450 1105 556 1177 αὐτοῦ
571 1106 679 1196 μάγος
693 1106 780 1195 άνήρ
795 1107 984 1198 παρεστεὼς
998 1111 1080 1178 έπα-

70 1209 150 1273 είδει
166 1212 368 1295 θεογονίην,
385 1204 516 1295 οἴηνδή
531 1208 654 1275 ἐκείνοι
668 1209 804 1295 λέγουσι
820 1207 904 1278 εἶναι
921 1206 983 1299 τήν
997 1210 1080 1277 έπα·

70 1301 185 1393 οιδήν·
226 1301 311 1374 άνευ
331 1303 397 1393 γάρ
419 1303 459 1392 δή
480 1304 592 1393 μάγου
608 1303 651 1372 ού
672 1324 734 1392 σφι
752 1306 856 1394 νόμος
873 1311 940 1377 ἐστὶ
956 1312 1080 1384 θυσίας

70 1407 257 1475 ποιέεσθαι.
305 1402 451 1493 ἐπισχάν
476 1406 513 1475 δὲ
538 1404 655 1492 ὀλίγον
679 1406 804 1494 χρόνον
829 1406 1033 1499 ἀποφέρεται
1059 1403 1078 1475 ὁ

69 1501 181 1582 θύσας
204 1500 247 1571 τά
272 1506 370 1593 κρέα,
400 1508 455 1573 καὶ
479 1511 596 1593 χρᾶται
623 1502 696 1573 ὅτι
721 1531 781 1592 μιν
804 1503 823 1577 ὁ
845 1506 945 1595 λόγος
965 1511 1076 1593 αίρέει.

65 1603 214 1689 Ἥμέρην
238 1599 273 1669 δὲ
297 1600 455 1671 ἁπασέων
475 1602 618 1689 μάλιστα
635 1605 768 1691 έκείνην
781 1614 882 1694 τιμᾶν
895 1612 1078 1694 νομίξουσι,
1096 1612 1147 1669 1⁸⁸

70 1704 106 1788 τῇ
120 1700 261 1779 ἕκαστος
275 1701 417 1786 ἐγένετο.
447 1703 484 1769 ἐν
499 1700 603 1791 ταύτη
618 1703 655 1770 δὲ
668 1705 759 1770 πλέω
773 1708 869 1772 δαῖτα
884 1712 952 1772 τοῖν
965 1702 1078 1774 ἄλλων

73 1801 240 1865 δικαιεῦσι
272 1805 515 1886 προτίθεσθαι
562 1802 600 1868 έν
624 1806 723 1890 τῇσί
747 1800 942 1891 εὐδαίμονες
965 1802 1078 1873 αύτων

73 1899 156 1982 βοῦν
189 1894 289 2016 κμὶ
273 1919 379 1965 ιππον
409 1898 465 1967 καὶ
489 1896 642 1986 κάμηλον
667 1901 722 1968 και
751 1896 834 1970 ὄνον
860 1903 1078 1989 προτιθέαται

72 1988 216 2072 ὅλους’
199 1991 324 2074 οπτούς
348 1999 386 2066 έν
411 2005 662 2086 καμίνοισι,οί
685 1999 721 2069 δὲ
743 2006 883 2089 πένητες
904 2001 1018 2072 αὐτῶν
1037 1999 1077 2070 τά

73 2091 173 2163 λεπτά
196 2121 266 2164 των
281 2099 462 2186 προβάτων
476 2105 704 2188 προτιθέαται.
748 2111 867 2174 σίτοισι
883 2109 919 2176 δὲ
937 2102 1078 2194 ὀλίγοισι

72 2197 282 2284 χρέονται,’
265 2197 491 2286 επιφορήμασι
513 2201 548 2268 δὲ
569 2208 721 2269 πολλοῖσι
736 2206 791 2270 καὶ
806 2201 868 2272 ούκ
884 2202 994 2274 ἁλέσι·
1025 2205 1080 2272 καί

75 2292 125 2363 διὰ
141 2292 246 2363 τοῦτο’
262 2316 346 2382 φασι
358 2297 487 2386 Πέρσαι
508 2296 587 2378 τούς
604 2297 766 2386 Ἕλληνας
780 2307 992 2389 σιτεομένους
1006 2325 1081 2368 πει-

73 2395 208 2478 υέουτας
223 2394 412 2484 παύεσθαι,
437 2395 488 2466 ὅτι
511 2417 572 2483 σφι
591 2394 658 2465 άπὸ
680 2402 820 2468 δείπνου
833 2402 1080 2488 παραφορέεται

76 2492 176 2564 οὐδὲν
189 2494 296 2583 λόγον
311 2495 424 2584 ἄξιον,
440 2502 471 2566 εί
484 2500 564 2565 δέτι
579 2497 824 2586 παραφέροιτο,
846 2501 1021 2575 ἐσθίοντας
1036 2491 1080 2563 άν

77 2591 117 2663 ού
132 2595 311 2665 παύεσθαι.
349 2604 430 2688 οίυηι
446 2598 482 2664 δὲ
497 2594 603 2681 κάρτα
620 2597 838 2683 προσκέαται,
860 2600 920 2664 καί
935 2612 996 2682 σφι
1016 2589 1079 2662 ούκ

78 2695 188 2780 ἐμέσαι
210 2697 332 2782 ἔξεστι,
358 2692 433 2762 οὐκὶ
455 2691 596 2781 οὐρῆσαι
617 2690 733 2762 άντίον
748 2692 862 2762 άλλου.
900 2701 1004 2762 ταῦτα
1018 2695 1081 2780 μέν

78 2819 143 2862 νυν
164 2789 253 2860 ούτω
274 2790 498 2879 φυλάσσεται,
524 2789 775 2878 μεθυσκόμενοι
797 2795 834 2860 δέ
854 2790 981 2861 έάθασι
996 2798 1080 2879 βου-

80 2892 237 2961 λεύεσθαι
258 2888 299 2959 τά
315 2893 581 2959 σπουδαιέστατα
595 2897 664 2958 τῶν
677 2888 900 3009 πρηγμάτων·
936 2885 972 2956 τό
989 2885 1021 2954 δ’
1037 2881 1081 2954 άν

80 2989 145 3081 ἅδη
169 3013 229 3079 σφι
254 2992 547 3077 βουλευομένοισι,
573 2995 672 3056 τοῦτο
698 3015 748 3116 τη
723 2984 916 3074 ὑστεραίῃ
934 2983 1082 3072 νήφουσι

81 3091 269 3182 προτιθείὸ
291 3097 486 3182 στέγαρχος,
514 3095 552 3162 ἐν
573 3098 633 3159 τοῦ
653 3086 697 3157 ἄν
712 3089 822 3170 ἐόντες
842 3085 1081 3193 βουλεύωνται.

82 3187 195 3280 καλήν
209 3194 272 3275 μέν
286 3191 352 3282 άδη
367 3196 422 3261 καὶ
439 3191 603 3280 νήφουσι,
623 3181 784 3277 χρέονται
793 3185 883 3278 αὐτῷ
891 3180 966 3274 ,ἢν
958 3171 1080 3251 Ἡδὲ
1038 3208 1083 3270 μη

84 3291 161 3382 ἅδη,
182 3307 328 3381 μετιεῖσι.
375 3287 518 3361 τάδ’”
496 3318 541 3358 αν
564 3289 731 3377 νήφοντες
755 3239 1084 3374 προβουλεύσωνται,

85 3392 327 3481 μεθυσκόμενοι
342 3390 669 3514 ἐπιδιαγινώσκουσι

160 3488 489 3582 Ἐντυγχάνονταςδ
512 3488 685 3577 ἀλλήλοισι
706 3488 743 3555 έν
758 3491 833 3573 τήσι
851 3479 976 3571 ὁδοῖσι,
1002 3487 1087 3573 τῷδε
1101 3493 1153 3548 1³⁴
