2500 3925
147 232 190 296 ³2
524 234 778 293 HERODOTI

100 413 134 468 68
149 403 194 489 τῷ
211 400 430 486 Μελανίππην.
459 398 564 461 ταῦτα
585 393 649 478 μέν
668 394 702 471 ές
714 391 901 480 ’Ἄδρηστόν
915 397 951 462 ot
967 395 1157 480 ἐπεποίητο,

148 494 259 583 φυλὰς
274 497 312 564 δὲ
325 493 384 574 τὰς
399 493 577 582 Δωριέων,
599 493 658 558 ἵνα
677 489 717 579 δή
739 489 783 579 μή
800 496 838 560 αλ
856 490 955 561 αὐταί
970 496 1050 560 έωσι
1069 505 1158 561 τοῖσι

147 599 367 662 Σικυωνίοισι
388 595 443 660 καὶ
459 603 545 660 τοῖσι
555 587 749 677 Ἀργείοισι,
777 594 936 679 μετέβαλε
946 594 980 670 ές
993 588 1079 660 ἄλλα
1093 586 1157 657 οὐ·

147 691 287 776 νόματα·
308 695 393 760 ἔνθα
407 690 463 758 καλ
473 696 630 759 πλείσταν
639 691 839 773 κατεγέλασε
852 694 921 756 τῶν
936 696 1155 758 Σικυωνίων·

147 793 200 857 έπλ
213 786 279 876 γὰρ
293 785 355 868 ὑός
370 789 474 858 τεκαὶ
488 785 573 856 ὄνου
585 784 647 866 τὰς
660 790 851 875 ἐπωνυμίας
863 790 1053 875 μετατιθεὶς
1070 783 1157 855 αὐτὰ

68 943 70 950 .
146 886 187 957 τὰ
207 896 380 958 τελευταία
400 891 561 977 ἐπέθηκε,
580 887 671 976 πλήν
690 896 747 977 τῆς
762 893 891 958 έωυτοῦ
906 896 1032 977 φυλῆς·
1050 888 1157 976 ταύτῃ

147 992 184 1058 δὲ
200 986 237 1058 τδ
255 986 385 1076 οὕνομα
402 987 467 1060 ἀπὸ
485 996 544 1077 τῆς
564 991 693 1060 έωντοῦ
713 987 816 1077 ἀρχῆς
836 995 944 1058 ἔθετο.
978 981 1073 1057 οὗτοι
1093 989 1156 1075 μὲν

147 1085 188 1173 δή
212 1084 379 1175 Ἀρχέλαοι
406 1089 599 1176 ἐκαλέοντο,
631 1089 740 1177 ἕτεροι
767 1090 805 1156 δέ
829 1085 962 1174 Ὑᾶται,
992 1083 1088 1155 ἄλλοι
1118 1086 1156 1153 δέ

143 1185 310 1274 Ὀνεᾶται,
332 1190 439 1275 ἕτεροι
455 1189 491 1257 δὲ
507 1195 694 1276 Χοιρεᾶται.
721 1187 871 1257 τούτοισι
885 1201 971 1256 τοῖσι
989 1181 1155 1272 οὐνόμασι

146 1291 215 1354 τῶν
229 1285 366 1372 φυλέων
380 1287 533 1374 ἐχρέοντο
548 1291 583 1356 οί
594 1286 781 1355 Σικυώνιοι
795 1287 852 1354 καὶ
865 1288 918 1355 έπλ
930 1285 1156 1364 Κλεισθένεος

146 1382 306 1471 ἄρχοντος
325 1386 381 1453 καὶ
402 1386 534 1454 έκείνον
554 1392 740 1465 τεθνεῶτος
755 1389 803 1453 δτι
822 1381 876 1453 ἐπ’
893 1389 968 1453 έτεα
983 1384 1153 1472 ἑξήκοντα,

146 1485 336 1571 μετέπειτεν
349 1486 464 1571 μέντοι
473 1485 579 1571 λόγον
589 1493 686 1572 σφίσι
701 1485 817 1565 δόντες
830 1487 1013 1573 μετέβαλον
1027 1488 1062 1565 ές
1074 1482 1155 1565 τούς

139 1585 272 1666 Ὑλλέας
292 1587 348 1656 καὶ
367 1588 581 1676 Παμφύλους
600 1589 657 1658 καὶ
676 1589 898 1676 Δυμανάτας,
917 1588 1096 1676 τετάρτους
1117 1590 1155 1656 δέ

146 1681 276 1753 αὐτοῖσι
291 1687 499 1772 προσέθεντο
514 1687 568 1756 ἐπὶ
578 1712 642 1755 του
625 1684 835 1774 ’Ἀδρήστου
847 1684 967 1767 παιδὸς
977 1689 1155 1774 Αίγιαλέος

144 1769 208 1870 τήν
223 1788 417 1875 ἐπωνυμίην
432 1786 628 1875 ποιεύμενοι
643 1794 829 1875 κεκλῆσθαι
842 1791 1029 1875 Αἰγιαλέας.
1116 1846 1119 1851 .

97 1898 132 1954 ⁶⁹
235 1891 348 1953 Ταῦτα
365 1890 428 1974 μέν
447 1913 515 1956 νυν
528 1883 547 1955 6
562 1886 755 1966 Σικυώνιος
770 1888 978 1975 Κλεισθένης
995 1887 1152 1974 έπιποιή-

145 2008 216 2068 κεε,
238 2009 257 2051 ο
244 1979 313 2051 ’δέ
328 1980 389 2070 δή’
383 1992 558 2072 Αθηναίος
571 1988 785 2072 Κλεισθένης
799 1982 866 2054 έων
879 2010 941 2055 του
926 1992 1152 2054 Σικυωνίου

144 2082 268 2151 τούτου
288 2086 512 2169 θυγατριδέος
537 2086 594 2153 καὶ
617 2082 656 2153 τδ
677 2080 809 2170 οὕνομα
833 2084 886 2151 έκὶ
909 2083 1033 2152 τούτου
1055 2089 1150 2170 έχων,

146 2185 276 2250 δοκέειν
295 2184 367 2267 ἐμοὶ
387 2184 442 2250 καὶ
463 2174 561 2261 οὗτος
576 2178 749 2274 ὑπεριδὼν
759 2180 895 2269 Ἴωνας,
916 2182 974 2248 ἵνα
993 2178 1039 2269 μή
1056 2188 1152 2267 σφίσι

145 2276 288 2347 αίαῦταδ
297 2284 376 2347 ἔωσι
389 2284 493 2366 φυλαὶ
503 2278 581 2349 nal*
574 2289 668 2368 Ιωσι,
679 2278 741 2351 τὸν
751 2278 935 2368 ὁμώνυμον
943 2282 1151 2351 Κλεισθένεα

144 2374 335 2464 ἐμιμήσατο.
365 2403 409 2457 ως
424 2374 490 2465 γὰρ
513 2376 605 2465 δή
569 2404 632 2479 τον
648 2377 838 2468 Ἀθηναίων
857 2382 966 2467 δῆμον
986 2379 1150 2466 πρότερον

95 2510 98 2527 ·
142 2472 395 2561 ἆπωσμένον’
356 2500 432 2544 τοτε
451 2476 561 2545 παντα
572 2474 663 2564 πρὸς
682 2476 745 2566 τήν
759 2481 888 2547 έωυτοῦ
902 2493 1025 2567 μοῖραν
1044 2496 1149 2567 προσ-

143 2574 305 2662 εθήκατο,
327 2572 387 2654 τδς
404 2574 515 2663 φυλας
530 2576 762 2664 μετουνόμασε
780 2580 836 2645 καὶ
856 2580 990 2664 ἐποίησε
1004 2583 1151 2656 πλεῦνας

141 2676 180 2754 ἐξ
203 2675 404 2743 ἐλασσόνων.
438 2676 518 2742 δέκα
540 2700 577 2745 τε
602 2673 643 2763 δή
671 2676 866 2763 φυλάρχους
887 2672 963 2743 ἀντὶ
983 2676 1151 2761 τεσσέρων

89 2848 91 2853 ,
142 2773 293 2860 ἐποίησε,
316 2774 396 2840 δέκα
412 2772 448 2877 δέ
465 2775 521 2841 καὶ
539 2771 619 2853 τούς
635 2774 763 2862 δήμους
776 2774 941 2859 κατένεμε
952 2770 1043 2852 ές
1005 2799 1065 2851 τας
1082 2798 1151 2859 φν-

67 2919 70 2925 ,
141 2870 211 2950 λας.
243 2862 289 2958 ήν
307 2896 343 2937 τε
364 2868 426 2938 τδν
422 2864 554 2957 δῆμον
573 2875 806 2959 προσθέμενος
827 2878 940 2964 κολλρῐ
957 2873 1150 2956 κατύπερθε

91 2978 127 3035 ’ίο
140 2976 209 3037 τῶν
236 2965 531 3037 ἀντιστασιωτέων.
579 2969 634 3039 Ἐν
654 2978 702 3064 τῷ
727 2975 823 3058 μέρει
845 2972 882 3039 δέ
906 2964 1148 3057 έσσούμενοςὸ

137 3063 336 3154 Ισαγορης
317 3091 544 3154 αντιτεχυαται
558 3069 654 3137 τάδε·
671 3069 878 3139 έπικαλέεται
887 3064 1124 3155 Κλεομένεα
1089 3092 1149 3135 τον

141 3164 426 3254 Λακεδαιμόνιον,
446 3167 633 3254 γενόμενον
653 3172 767 3261 ἑωυτῷ
788 3162 933 3248 ξελνον’
913 3162 1054 3253 απδιτῆς
1066 3172 1149 3234 Πει-

143 3267 379 3351 σιστρατιδέων
398 3273 599 3354 πολιορκίης.
629 3265 691 3335 τόν
708 3266 746 3335 δέ
763 3268 955 3353 Κλεομένεα
976 3264 1039 3353 εἶχε
1061 3271 1148 3353 αίτίη

143 3368 265 3447 φοιτᾶν
287 3360 378 3450 παρὰ
403 3370 465 3432 τοῦ
487 3361 663 3454 Ἰσαγόρεω
683 3364 747 3453 τήν
769 3378 925 3454 γυναῖκα.
958 3362 1000 3432 τὰ
1020 3364 1084 3451 μέν
1106 3359 1146 3449 δή

138 3466 253 3543 πρῶτα
278 3462 417 3547 πέμπων
441 3459 460 3529 6
485 3467 676 3554 Κλεομένης
704 3466 738 3543 ές
763 3461 823 3543 τὰς
844 3459 991 3551 Ἀθήνας
1013 3462 1141 3550 κήρυκα
