2500 3925
404 262 491 321 LIB.
523 265 571 322 lv.
604 260 704 321 cAP
738 270 914 331 188-188.
1098 266 1161 336 375

157 415 276 504 μάδες,
299 425 329 489 εί
347 420 410 507 μὲν
431 422 570 511 πάντες,
594 419 658 491 ούκ
679 428 742 509 ἔχω
763 421 925 513 ἀτρεκέως
938 438 1038 499 τοῦτο
1061 430 1159 519 εἶπαι,

156 524 289 585 ποιεῦσι
305 517 396 587 δὲ’
355 528 467 588 αυτολν
478 524 595 607 συχνοὶ
608 522 738 591 τοιάδε·
759 532 829 592 τῶν
842 532 987 596 παιδίων
996 537 1065 598 τῶν
1076 549 1160 617 σφε·

156 618 280 700 τέρων,
303 614 405 685 ἐπεάν
418 620 592 706 τετραέτεα
606 622 760 706 γένηται,
775 630 876 712 οίσπη
889 627 1069 713 προβάτων
1084 634 1160 697 καί·

25 768 26 787 ,
157 730 234 781 ουσι
253 709 313 792 τάς
327 716 364 783 έν
377 722 453 802 τῇσι
472 723 642 803 κορυφῇσι
657 720 799 807 φλέβας,
820 727 1022 812 μετεξέτεροι
1044 725 1138 795 δὲ’
1095 754 1160 795 αυ-

156 820 224 881 των
238 809 297 891 τὰς
308 814 345 881 έν
355 828 440 882 τοῖσι
455 815 654 902 κροτάφοισι
664 820 808 884 τοῦδε”
775 843 904 887 εινεκεν
911 818 981 908 ,ὡς
994 823 1040 912 μή
1054 844 1159 911 σφεας

158 915 189 991 ές
206 908 267 979 τὸν
281 908 390 981 πάντα
403 912 528 997 χρόνον
541 916 727 1034 καταρρέον
741 918 873 1002 φλέγμα
888 920 925 985 ἐκ
939 926 997 1005 τῆς
1012 928 1159 1007 κεφαλῆς

159 1009 319 1095 δηλέηται.
337 1008 394 1076 καὶ
407 1008 463 1078 διά
479 1016 577 1079 τοῦτο
598 1012 703 1097 σφέας
723 1012 906 1098 λέγουσι
875 1039 960 1083 ειναι
976 1012 1160 1105 ὑγιηροτά-

157 1133 243 1186 τους.
275 1109 336 1176 είσλ
357 1105 422 1195 γάρ
446 1107 490 1187 ὡς
505 1106 708 1194 άληθέωςοί
717 1118 842 1198 Λίβυες
863 1109 1058 1200 άνθράπων
1072 1115 1161 1183 πάν-

156 1234 224 1277 των
249 1203 462 1293 ὑγιηρότατοι
487 1214 556 1275 των
580 1204 675 1294 ἡμεῖς
698 1213 810 1295 ίδμεν·
843 1215 873 1277 εί
885 1210 948 1297 μέν
967 1209 1023 1279 διά
1049 1218 1159 1297 τοῦτο,

157 1305 220 1375 οὐκ
234 1312 297 1393 ἔγω
312 1303 474 1394 ἀτρεκέως
489 1304 593 1392 εἶπαι,
614 1303 831 1394 ὑγιηρότατοι
844 1305 876 1374 δ’
895 1302 945 1375 dv
961 1314 1032 1377 είσί.
1064 1305 1109 1396 η”ν
1123 1310 1160 1377 δὲ

155 1416 289 1479 καίουσι
310 1406 350 1477 τά
368 1413 483 1477 παιδία
504 1405 655 1496 σπασμὸς
675 1412 881 1496 ἐπιγένηται,
907 1411 1083 1498 ἐξεύρηταί
1099 1432 1160 1497 σφι

156 1502 253 1586 άκος·
278 1507 405 1594 τράγου
429 1498 535 1598 ούρον
560 1514 755 1587 σπείσαντες
779 1507 924 1597 ρύονταί
944 1531 1039 1597 σφεα.
1081 1512 1168 1597 λέγω

158 1609 197 1677 δὲ
226 1607 267 1675 τά
297 1610 432 1694 λέγουσι
461 1603 559 1677 αύτοὶ
589 1613 726 1695 Λίβυες.
774 1617 895 1678 Θυσίαι
925 1610 964 1679 δὲ
993 1625 1080 1681 τοῖσι
1109 1638 1168 1679 νο-

25 1766 26 1793 ,
160 1709 242 1796 μάσι
255 1710 416 1777 είσλαίδε·
440 1706 542 1777 ἐπεάν
552 1714 614 1776 τοῦ
625 1704 709 1787 άτδς
719 1705 934 1795 ἀπάρξωνται
944 1716 1005 1777 τοῦ
1016 1710 1165 1796 κτήνεος,

160 1808 333 1893 ῥιπτέουσι
347 1803 434 1892 ὑπὲρ
456 1804 516 1875 τὸν
539 1805 783 1892 δύμον,τοῦτο
804 1805 841 1874 δὲ
862 1808 1061 1895 ποιήσαντες
1080 1807 1166 1875 άπο·

161 1908 344 1994 στρέφουσι
363 1903 424 1974 τδν
440 1903 563 1993 αὐχένα
585 1902 700 1973 αὐτοῦ.
729 1904 857 1972 θύουσι
875 1907 911 1974 δὲ
931 1901 1013 1997 ἡλίῳ
1029 1908 1084 1974 καλ
1110 1927 1166 1977 σε·

160 2006 246 2094 λήυη
259 2004 426 2096 μούνοισι.
449 2005 598 2072 τούτοισι
610 2006 672 2090 μέν
681 2029 749 2071 νυν
759 2002 882 2084 πάντες
891 2011 1015 2092 Λίβυες
1024 2004 1164 2090 θύουσι,

160 2104 245 2194 άτόιρ
256 2109 290 2174 οἱ
299 2107 374 2191 περὶ
384 2101 448 2190 τὴν
457 2108 643 2188 Τριτωνίδα
652 2110 779 2190 λίμνην,
786 2106 943 2189 νέμοντες
952 2109 993 2193 τῇ
1003 2101 1165 2192 Ἀθηναίη
1190 2107 1196 2115 ’

160 2207 319 2293 μάλιστα,
340 2202 421 2290 μετά
437 2202 474 2271 δὲ
487 2208 533 2292 τῷ
551 2208 694 2289 Τρίτωνι
711 2203 766 2269 καί
780 2207 826 2293 τῷ
839 2203 1055 2268 Ποσειδέωνι.
1094 2199 1164 2288 Τὴν
1175 2225 1227 2282 ςςο

160 2308 197 2374 δέ
211 2303 276 2388 άρα
288 2306 413 2390 ἐσθῆτα
424 2299 547 2380 καὶτὰς
557 2305 766 2387 αίγίδαςτων
776 2297 978 2387 ἀγαλμάτων
993 2305 1051 2385 τῆς
1061 2295 1165 2386 Ἀθη-

160 2410 256 2490 ναίης
270 2407 307 2470 έκ
326 2409 395 2470 τῶν
410 2403 608 2488 Λιβυσσέων
622 2400 822 2487 έποιήσαπο
836 2404 870 2468 οί
881 2397 1054 2485 Ἕλληνες·
1075 2396 1165 2485 πλὴν

32 2506 33 2510 ’
159 2500 225 2589 γάρ
241 2497 263 2587 ἦ
278 2498 330 2569 ὅτι
344 2494 517 2586 σκυτίνηὴ
540 2497 644 2586 ἐσθὴς
665 2505 734 2568 τῶν
749 2501 947 2586 Λιβυσσέων
966 2501 1035 2568 ἐστὶ
1054 2498 1111 2565 καὶ
1132 2501 1166 2564 οί

32 2621 33 2626 ’
158 2600 308 2669 θύσανοι
321 2603 356 2666 oc
367 2600 404 2666 ἐκ
418 2605 486 2666 τῶν
501 2601 641 2683 αίγίδων
651 2595 771 2686 αὐτῇσι
785 2595 849 2666 ούιι
863 2597 959 2686 ὅφιές
976 2605 1057 2685 είσι,
1078 2594 1163 2668 ἄλλά

160 2698 344 2786 ἱμάντινοι,
367 2695 407 2764 τοὶ
423 2698 459 2764 δὲ
476 2694 562 2765 ἄλλα
575 2697 685 2766 πάντα
700 2695 784 2766 κατὰ
800 2694 908 2766 τάντδ
923 2703 1084 2767 ἔσταλται.
1108 2699 1164 2764 καί

160 2799 200 2887 δη
228 2801 284 2866 καὶ
306 2794 344 2866 τὸ
365 2793 495 2882 οὕνομα
517 2799 729 2884 κατηγορέει,
756 2793 808 2864 ὅτι
832 2799 868 2866 έιι
888 2796 1018 2885 Λιβύης
1044 2794 1119 2883 ἥκει
1141 2791 1162 2882 ἡ

159 2893 259 2982 στολὴ
273 2901 342 2963 τῶν
352 2898 568 2964 Παλλαδίων·
591 2898 704 2981 αἰγέας
714 2892 779 2984 γάρ
790 2897 1048 2985 περιβάλλονται
1063 2891 1163 2977 ψιλὰς

29 3041 33 3064 ι
158 2998 236 3083 περὶ
255 2993 318 3082 τὴν
338 2997 462 3082 ἐσθῆτα
482 2991 685 3074 θυσανωτὰς
710 3000 748 3065 αί
764 3002 948 3084 Λίβυσσαι,
971 2995 1164 3080 κεχριμένας

29 3097 32 3130 ’
159 3093 392 3186 ἐρευθεδάνῳ,
413 3096 450 3162 έκ
469 3095 507 3162 δὲ
526 3101 595 3161 τῶν
615 3095 739 3180 αάγέων
758 3094 888 3162 τούτων
900 3096 1032 3177 αίγίδας
1046 3088 1165 3158 οίἝλ-

159 3203 258 3282 ληνες
274 3193 540 3282 μετοννόμασαν.
573 3198 682 3264 δοκέει
703 3193 735 3262 δ’
758 3201 872 3281 έμοιγε
895 3189 993 3280 καὶὴ
1016 3188 1162 3278 ὀλολυγὴ
1204 3226 1207 3230 ,

158 3298 195 3362 έν
228 3301 330 3384 ἱροῖσι
347 3298 497 3364 ένθαύτα
510 3301 646 3382 πρῶτον
661 3297 837 3380 γενέσθαι·
859 3291 965 3378 κάρτα
978 3287 1044 3377 γάρ
1058 3288 1163 3378 ταύτη

159 3399 313 3483 χρέονται
324 3399 361 3462 αί
367 3401 550 3481 Λίβυσσαι,
565 3397 621 3462 καὶ
633 3397 786 3479 χρέονται
799 3397 917 3469 καλῶς.
941 3391 997 3458 καί
1006 3391 1164 3477 τέσσερας

159 3497 284 3572 ἵππους
300 3491 524 3577 συζευγνύναι
536 3489 628 3575 παρὰ
645 3489 785 3578 Λιβύων
800 3485 994 3575 οίἝλληνες
1008 3486 1162 3576 μεμαθή-
