2500 3925
384 205 470 264 ιιο.
502 201 550 260 v1.
583 203 684 261 σου.
715 207 858 264 ει-ει.
904 179 908 191 “
1063 197 1103 263 07

97 369 194 438 όνδε·
213 365 450 456 ἁρμοσαμένου
467 365 675 448 Λευτυχίδεω
686 363 864 450 Πέρκαλον
879 361 941 451 τήν
955 368 1107 442 Χίλωνος

94 473 158 536 τοῦ
173 468 402 556 Δημαρμένου
416 460 589 549 θυγατέρα
604 455 622 527 6
640 459 845 547 Δημάρητος
865 459 1107 548 ἐπιβουλεύσας

94 561 290 652 ἀποστερέει
309 565 518 649 Λευτυχίδην
533 563 595 627 τοῦ
613 557 744 646 γάμου,
770 558 907 658 φθάσας
927 555 1028 639 αύτός
1043 556 1107 647 τήν

93 665 273 750 Πέρκαλον
289 659 442 747 ἀρπάσας
462 660 517 727 καὶ
532 654 623 744 σχών
637 671 798 743 γυναῖκα·
825 656 909 727 κατά
930 665 1029 727 τούτο
1043 661 1106 746 μέν
1178 698 1185 708 ·

94 767 142 850 τῷ
149 757 368 850 Λεοτνχίδηή
382 764 486 846 έχδρη
496 753 517 845 ἡ
529 759 562 835 ἐς
572 752 634 823 τόν
640 754 846 844 Δημάρητον
857 756 1020 844 ἐγεγόνεε,
1032 754 1105 825 τότε

96 859 135 926 δέ
150 860 186 926 ἐκ
200 865 258 946 τῆς
270 859 475 944 Κλεομένεος
484 860 677 942 προθυμίης
687 851 706 921 ό
717 859 922 941 Λευτυχίδης
936 854 1107 943 κατόμνυ-

96 981 151 1024 ται
165 955 390 1045 Δημαρήτου,
410 953 477 1042 φάς
492 948 597 1021 αὐτόν
612 948 676 1020 ούκ
697 957 901 1040 ἱκνεομένως
913 953 1105 1042 βασιλεύειν

96 1061 354 1144 Σπαρτιητέων,
370 1051 433 1124 ούκ
448 1053 547 1124 έόντα
557 1057 660 1121 παῖδα
671 1049 876 1141 Ἀρίστωνος.
900 1051 982 1141 μετὰ
996 1055 1033 1122 δέ
1044 1051 1107 1141 τήν

95 1159 307 1241 κατωμοσίην
328 1155 444 1222 ἐδίωκε
465 1149 647 1234 ἀνασώζων
668 1154 776 1221 ἐκείνο
795 1149 834 1222 τό
858 1159 951 1243 ἔπος,
978 1151 1016 1222 τό
1035 1152 1106 1221 εἷπε

91 1257 251 1340 Ἀρίστων
265 1253 356 1341 τότε,
371 1252 427 1323 ότε
441 1258 476 1323 ολ
490 1252 658 1340 ἐξήγγειλε
673 1249 691 1320 6
708 1254 836 1338 οἰκέτης
852 1257 954 1323 παίδα
967 1255 1106 1341 γέγονέ·

94 1377 171 1440 ναι,
188 1350 207 1420 6
226 1354 262 1421 δέ
278 1353 552 1441 συμβαλλόμενος
563 1347 643 1430 τούς
656 1357 763 1438 μῆνας
776 1348 950 1438 ἀπώμοσε,
964 1350 1032 1438 φάς
1043 1347 1105 1419 ούκ

96 1453 225 1519 ἑωυτοῦ
244 1475 303 1536 μιν
324 1449 421 1521 εἶναι.
431 1450 555 1518 τούτου
572 1444 613 1536 δή
629 1446 837 1536 ἐπιβατεύων
850 1455 912 1516 τοῦ
927 1447 1071 1538 ῥήματος
1085 1447 1104 1515 6

95 1553 301 1636 Λευτυχίδης
312 1546 477 1635 ἀπέφαινε
487 1544 548 1615 τόν
559 1547 766 1636 Δημάρητον
776 1545 854 1614 ούτε
865 1548 898 1627 ἐξ
910 1544 1105 1634 Ἀρίστωνος

96 1646 260 1734 γεγονότα
275 1645 352 1716 ούτε
368 1649 572 1734 ἱκνευμένως
591 1645 813 1734 βασιλεύοντα
828 1643 1005 1733 Σπάρτης,
1025 1641 1105 1722 τούς

96 1745 242 1833 ἐφόρους
252 1745 424 1834 μάρτυρας
437 1743 664 1832 παρεχόμενος
674 1746 842 1832 ἐκείνους,
857 1751 893 1814 οἳ
899 1744 974 1814 τότε
986 1751 1104 1831 ἔτυχον

95 1847 259 1933 πάρεδροί
277 1871 313 1913 τε
333 1844 444 1924 ἐόντες
468 1847 523 1913 καλ
544 1840 749 1924 ἀκούσαντες
770 1849 874 1912 ταῦτα
897 1840 1102 1931 Ἀρίστωνος.

98 1949 200 2025 Τέλος
214 1945 251 2014 δὲ
267 1945 393 2015 ἐόντων
403 1947 479 2033 περὶ
492 1941 605 2013 αύτών
618 1945 759 2019 νεικέων
773 1947 865 2025 ἔδοξε
876 1941 1103 2031 Σπαρτιήτῃσι
1117 1943 1153 2002 66

97 2049 289 2132 ἐπείρεσθαι
301 2042 340 2112 τό
353 2043 555 2133 χρηστήριον
566 2040 606 2111 τό
619 2046 656 2112 έν
667 2052 850 2132 Δελφοῖσι,
865 2049 896 2112 εί
908 2040 1104 2130 Ἀρίστωνος

96 2152 147 2230 εἴη
167 2155 244 2222 παῖς
258 2138 276 2209 6
291 2140 500 2230 Δημάρητος.
533 2140 692 2211 ἀνοίστου
706 2141 743 2211 δὲ
763 2144 947 2230 γενομένου
962 2144 999 2211 ἐκ
1019 2166 1104 2229 προ-

97 2248 189 2327 νοίης
203 2247 261 2327 τῆς
277 2244 484 2330 Κλεομένεος
497 2244 532 2322 ές
546 2240 608 2331 τήν
621 2248 760 2329 Πυθίην
774 2244 924 2310 ἐνθαῦτα
938 2260 1105 2328 προσποι-

3 2382 5 2387 -
97 2343 183 2409 έεται
198 2342 389 2427 Κλεομένης
405 2341 553 2429 Κόβωνα
565 2339 627 2411 τόν
639 2338 917 2431 Ἀριστοφάντου,
939 2338 1047 2428 ἀνδρα
1066 2340 1104 2407 έν

101 2446 262 2524 Δελφοῖσι
278 2440 527 2508 δυναστεύοντα
543 2442 717 2525 μέγιστον,
732 2436 752 2505 6
767 2437 804 2506 δέ
817 2438 943 2525 Κόβων
957 2443 1104 2524 Περίαλ-

99 2542 160 2604 λαν
171 2531 232 2620 τήν
245 2534 433 2620 πρόμαντιν
444 2533 621 2604 ἀναπεόδει
633 2533 675 2603 τά
682 2536 873 2621 Κλεομένης
883 2533 1039 2622 ἐβούλετο
1050 2543 1101 2602 λε

98 2641 218 2721 γεσθαι
229 2633 348 2718 λέγειν.
367 2631 456 2702 ούτω
468 2632 508 2723 δή
519 2633 663 2721 ήΠοθίη
677 2632 933 2722 ἐπειρωτώντων
944 2641 1012 2702 τών
1021 2644 1104 2702 θεο-

98 2732 238 2820 πρόπων
259 2736 370 2819 ἔκρινε
390 2730 435 2820 μὴ
453 2730 650 2823 Ἀρίστωνος
671 2730 756 2801 εἶναι
771 2731 978 2821 Δημάρητον
990 2735 1102 2801 παῖδα,

98 2829 224 2923 ὑστέρῳ
239 2831 352 2917 μέντοι
367 2832 478 2926 χρόνῳ
489 2828 666 2901 ἀνάπυστα
681 2834 811 2919 ἐγένετο
828 2839 950 2919 ταῦτα,
967 2829 1106 2901 καίΚό·

98 2936 168 3017 βων
190 2954 226 2995 τε
251 2932 356 3015 ἔφυγε
383 2932 419 2999 ἐκ
439 2937 587 3019 Δελφῶν
611 2934 666 3000 καὶ
686 2939 855 3019 Περίαλλα
877 2929 900 3020 ἡ
920 2931 1104 3019 πρόμαντις

98 3025 230 3114 ἐπαύθη
243 3034 301 3116 τῆς
314 3037 418 3119 τιμῆς.
454 3030 549 3099 Κατὰ
565 3032 629 3117 μὲν
648 3030 689 3119 δή
703 3029 765 3119 τήν
779 3028 986 3119 Δημαρήτου
1001 3028 1106 3097 κατά·
1120 3034 1151 3091 όλ

99 3144 223 3195 παυσιν
235 3135 293 3214 τῆς
308 3136 481 3219 βασιληίης
492 3129 581 3199 οὕτω
593 3133 740 3217 ἐγένετο,
755 3135 878 3217 ἐφενχε
891 3131 928 3197 δὲ
938 3127 1105 3215 Δημάρη-

98 3253 152 3307 τος
163 3229 200 3296 έκ
210 3228 369 3316 Σπάρτης
381 3234 414 3311 ές
425 3232 568 3318 Μήδους
579 3233 615 3298 έκ
628 3234 760 3299 τοιοῦδε
771 3226 933 3309 ὀνείδεος·
954 3224 1036 3315 μετὰ
1047 3233 1105 3313 τῆς

98 3334 270 3418 βασιληίης
289 3326 352 3417 τήν
371 3331 582 3401 κατάπαυσιν
603 3328 839 3419 ὁΔημάρητος
860 3324 941 3419 ήρχε
957 3330 1104 3418 αἱρεθεὶς

99 3428 211 3519 ἀρχήν.
228 3422 317 3519 ἦσαν
329 3430 392 3518 μέν
403 3430 444 3519 δή
457 3431 907 3522 γυμνοπαιδίαι,θηευμένου
915 3432 951 3501 δέ
961 3440 1023 3502 τοῦ
1028 3442 1103 3521 Δη-
