2500 3925
291 227 295 242 ·
330 227 413 282 ΗΒ.
442 225 486 281 lx.
520 224 617 281 σΑΡ.
652 229 828 283 111-117.
1017 220 1079 284 343

53 387 127 476 τήν
144 384 283 473 Σηστόν
298 384 441 470 ταύτην,
457 381 500 462 ὡς
515 383 628 460 ἐόντος
642 381 862 467 ἰσχυροτάτου
877 388 997 468 τείχεος
1011 391 1080 449 τῶν

54 486 192 576 ταύτη,
215 491 405 570 συνῆλθον,
429 480 473 560 ὡς
491 479 641 568 ήιιουσαν
657 496 812 567 παρεῖναι
827 481 905 560 τούς
918 481 1078 568 Ἕλληνας

54 591 95 666 ἐς
112 584 177 653 τόν
187 582 448 669 Ἑλλήσποντον,
461 588 501 652 ,ἐκ
516 608 550 649 τε
565 589 633 659 τῶν
644 580 757 651 ἀλλων
771 589 839 654 τῶν
851 587 1078 670 περιοικίδων,

56 690 120 754 καὶ
139 682 182 770 δὴ
199 687 253 752 καὶ
268 687 304 752 ἐκ
321 689 469 770 Καρδίης
483 682 598 764 πόλιος
615 680 775 768 Οἰόβαζος
790 679 876 768 ἀνήρ
887 685 1027 771 Πέρσης,
1042 680 1080 761 ὃς

56 783 104 854 τά
124 788 162 850 ἐκ
179 790 247 854 τῶν
263 785 439 870 γεφυρέων
454 780 540 861 ὅπλα
550 784 703 848 ἐνθαῦτα
716 775 760 866 ἦν
774 783 966 868 κεκομικώς.
991 783 1079 870 εἶχον
1121 786 1129 793 “

61 885 103 953 δὲ
119 881 250 967 ταύτην
267 879 438 967 ἐπιχώριοι
449 881 595 964 Αἰολέες,
613 885 765 964 συνῇσαν
782 879 817 947 δὲ
834 880 961 967 Πέρσαι
975 883 1079 948 τεκαὶ

61 989 138 1050 τῶν
160 979 273 1058 ἀλλων
294 980 478 1066 συμμάχων
497 976 619 1064 συχνός
635 977 764 1064 ὅμιλος.
804 976 1021 1064 Ἐτυράννευε
1043 981 1079 1048 δέ
1099 989 1147 1043 116

64 1081 195 1148 τούτου
210 1087 270 1150 τοῦ
281 1087 388 1166 νομοῦ
399 1084 526 1166 Ξέρξεω
535 1077 686 1164 (ὕπαρχος
696 1075 906 1166 Ἀρταΰκτης,
919 1077 1005 1167 ἀνὴρ
1016 1081 1079 1167 μὲν

64 1181 220 1264 Πέρσης,
235 1176 346 1256 δεινός
361 1181 397 1248 δέ
413 1180 467 1246 καλ
482 1175 689 1261 ἀτάσθαλος,
705 1171 741 1254 ὃς
756 1179 811 1245 καὶ
823 1178 961 1265 βασιλέα
979 1178 1079 1246 έλαύ-

66 1307 176 1348 νουτα
188 1277 242 1348 ἐπ’
261 1276 406 1365 Ἀθήνας
420 1278 618 1364 ἐξηπάτησε,
634 1275 676 1346 τά
687 1284 905 1362 Πρωτεσίλεω
920 1286 980 1345 τοῦ
997 1275 1079 1363 Ἰφί-

69 1388 157 1448 κλου
171 1375 321 1464 χρήματα
337 1375 589 1456 ε’ξΈλαιοῠατος
604 1371 819 1459 ὑπελόμενος.
844 1378 881 1445 έν
894 1372 959 1462 γὰρ
971 1373 1088 1454 Ἰόλαν,

69 1483 170 1544 οῠυτι
193 1481 249 1560 τῆς
269 1475 487 1561 Χερσονήσου
512 1477 582 1552 ἐστὶ
601 1480 819 1559 Πρωτεσίλεω
840 1474 945 1562 τάφος
965 1501 1001 1543 τε
1024 1476 1079 1547 καὶ

72 1576 209 1659 τέμενος
220 1576 299 1655 περὶ
314 1560 427 1658 αὐτόν,
442 1577 528 1640 ἔνθα
543 1563 586 1657 ήν
597 1570 752 1656 χρήματα
768 1569 874 1640 πολλὰ
892 1576 945 1640 καὶ
960 1573 1079 1658 φιάλαι

74 1672 212 1760 χρύσεαι
220 1673 278 1748 Ικαὶ
290 1667 451 1758 ἀρχύρεαι
461 1665 646 1754 καλχαλκδς
656 1670 711 1748 καὶ
721 1665 824 1754 ἐσθής
833 1671 889 1738 καὶ
897 1668 981 1740 ἄλλα
993 1661 1079 1740 ἀνα-

73 1771 221 1862 θήματα,
235 1769 275 1842 τά
288 1766 488 1855 Ἀρταΰκτης
503 1768 644 1853 ἐσύλησε
655 1770 808 1852 βασιλέος
821 1766 947 1846 δόντος.
971 1771 1079 1854 λέγων

75 1871 112 1937 δὲ
125 1866 236 1942 τοιάδε
248 1869 373 1954 Ξέρξην
386 1867 574 1952 διεβάλετο·
607 1868 761 1948 δέσποτα,
779 1870 846 1934 ἔστι
857 1863 947 1944 οἶκος
958 1863 1082 1952 ἀνδρὸς

77 1967 238 2052 Ἕλληνος
252 1968 417 2051 ἐνθαῦτα,
440 1961 476 2043 ὂς
490 1966 543 2033 έπδ
560 1970 627 2049 μήν
643 1958 704 2048 τήν
718 1959 782 2049 σήν
796 1965 1082 2052 στρατευσάμενος

77 2072 170 2151 δίκης
184 2064 332 2151 κυρήσας
346 2061 504 2132 ἀπέθανε.
539 2062 662 2130 τούτου
679 2086 735 2145 μοι
751 2058 809 2139 δός
824 2058 883 2129 τόν
900 2062 1009 2152 οἶκον,
1024 2068 1081 2131 ἵνα

77 2173 136 2235 καί
147 2154 195 2243 τις
209 2163 304 2253 μάθη
318 2166 371 2233 έπλ
386 2170 450 2251 χήν
464 2162 526 2249 τήν
541 2160 605 2248 σήν
621 2158 666 2246 μή
675 2160 931 2243 στρατεύεσθαι.
970 2170 1081 2231 Ταῦτα

79 2272 183 2352 λέγων
195 2261 356 2343 εὐπετέως
368 2270 482 2349 ἔμελλε
494 2260 687 2329 ἀναπείσειν
693 2260 820 2344 Ξέρξην
827 2263 945 2327 δοῦναι
957 2258 1082 2346 ἀνδρός

80 2366 188 2449 οἶκον,
211 2360 311 2431 οὐδὲν
330 2360 591 2447 ,ὑποτοπηθέντα
611 2364 679 2427 τῶν
699 2360 826 2434 ἐκεῖνος
847 2357 995 2444 ἐφρόνεε.
1028 2361 1082 2425 ἐπὶ

82 2473 143 2555 γῆν
163 2459 279 2549 δὲτὴν
301 2463 454 2550 βασιλέος
475 2456 717 2545 στρατεύεσθαι
729 2461 970 2541 Πρωτεσίλεων
991 2464 1082 2542 ἐλεχε
1102 2466 1106 2474 ’

81 2566 185 2635 νοέων
199 2561 326 2631 τοιάδε·
349 2559 410 2649 τήν
422 2558 533 2647 Ἀσίηυ
543 2565 656 2627 πᾶσαν
667 2560 838 2641 νομιζουσι
848 2558 984 2671 έφυτοῑυ
997 2556 1082 2625 εἶναι

84 2667 205 2749 Πέρσαι
219 2664 274 2731 καὶ
288 2662 422 2735 τοῦαίελ
434 2656 681 2747 βασιλεύοντος.
704 2656 774 2723 ἐπεὶ
785 2654 820 2721 δὲ
829 2655 935 2739 έδοθη
951 2652 991 2722 τά
1002 2655 1075 2741 χρή·

83 2788 181 2851 ματα,
199 2762 230 2851 ἐξ
243 2756 451 2835 Ἐλαιοῦντος
464 2759 498 2839 ἐς
513 2751 648 2841 Σηστόν
663 2751 854 2838 ἐξεφόρησε,
870 2757 924 2822 καλ
938 2752 975 2821 τό
989 2758 1076 2839 τέμε-

84 2889 139 2941 νος
150 2866 277 2945 ἔσπειρε
290 2861 343 2927 καὶ
355 2859 498 2946 ἐνέμετο,
511 2852 611 2933 αὐτός
623 2879 658 2921 τε
668 2851 756 2931 ὅκως
767 2849 919 2920 ἀπίκοιτο
932 2855 965 2931 ἐς
977 2850 1083 2920 Ἐλαι-

85 2966 198 3043 οῦντα,
213 2959 310 3048 Ι,ἐντῷ
321 2955 438 3047 ἀδύτῳ
454 2956 587 3042 γυναιξὶ
602 2954 762 3037 ἐμίσχετο.
789 2950 864 3019 τότε
879 2953 915 3020 δέ
931 2954 1084 3036 ἐπολιορ-

87 3052 250 3125 κέετοιὺπό
270 3054 460 3143 Ἀθηναίων
475 3052 553 3121 οὔτε
566 3049 878 3137 παρεσκευασμένος
899 3048 931 3125 ἐς
946 3054 1085 3129 πολιορ-

87 3161 158 3241 κίηυ
172 3152 248 3222 οὔτε
268 3152 534 3241 προσδεκόμενος
549 3147 628 3227 τούς
640 3145 816 3233 Ἕλληνας·
849 3143 1031 3237 ἀφυλάκτῳ
1048 3149 1089 3213 δέ

89 3283 149 3337 κως
161 3253 249 3345 αύτῷ
263 3259 434 3331 ἐπέπεσον.
458 3253 545 3329 Ἐπεὶ
561 3255 597 3321 δέ
608 3249 919 3334 πολιορκεομένοισί
926 3266 988 3333 σφι
999 3257 1085 3330 φθι-
1103 3243 1152 3301 1¹⁷

89 3357 237 3445 κόπωρον
258 3356 443 3444 ἐπεγίνετο,
466 3354 632 3443 ἤσχαλλον
648 3354 683 3417 οί
700 3347 873 3434 Ἀθηναῖοι
893 3343 961 3415 ἀπό
977 3375 1011 3415 τε
1028 3356 1085 3434 τής
