2500 3925
165 227 207 292 οε
536 229 803 308 monost

159 391 221 478 μὲν
242 394 276 458 οί
287 394 405 460 πολλοὶ
424 393 560 478 λέγουσι
576 388 762 478 Ἑλλήνων,
786 387 838 458 ότι
853 387 916 476 τήν
928 395 1068 476 Πυθίην
1088 385 1177 459 άνέ-

158 508 268 575 γνωσε
282 484 322 554 τά
337 490 413 576 περὶ
423 487 630 576 Δημάρητον
641 488 807 575 γενόμενα
817 491 945 575 λέγειν,
961 484 1007 567 ὡς
1017 490 1054 555 δὲ
1063 484 1177 574 Ἀθη·

159 603 249 658 ναίοι
262 590 416 675 λέγουσι,
431 587 518 657 διότι
532 590 566 668 ἐς
577 585 749 658 Ἐλευσῖνα
763 587 915 675 ἐσβαλών
931 595 1038 676 ἔκειρε
1057 586 1097 658 τὸ
1114 592 1170 656 τέ-

159 713 259 773 μενος
273 693 342 755 τῶν
355 692 466 774 θεῶν,
483 683 529 766 ὡς
542 688 579 755 δέ
592 685 752 774 Ἀργεῖοι,
765 686 818 756 ὅτι
833 690 868 768 ἐξ
882 692 960 775 ίροῦ
977 685 1091 756 αὐτῶν
1106 692 1178 755 τοῦ
1247 738 1248 741 ¹

159 783 287 874 Ἀργου
297 783 456 874 ’Ἀργείων
466 783 547 864 τούς
557 785 816 873 καταφυγόντας
829 791 866 854 ἐκ
876 793 935 873 τῆς
948 784 1054 873 μάχης
1063 812 1178 854 κατοι-

158 887 282 971 γινέιον
296 886 476 954 κατέκοπτε
489 886 545 952 καί
559 881 642 952 αὐτὸ
656 882 694 952 τό
706 882 807 964 άλσος
823 889 861 953 ἐν
875 883 994 974 άλογίη
1008 891 1097 973 ἔχων
1111 887 1179 952 ἐν·

111 997 146 1053 76
162 985 293 1070 έπρησε.
317 986 501 1068 Κλεομένει
513 979 579 1071 γάρ
593 984 830 1076 μαντευομένῳ
841 987 879 1051 ἐν
888 993 1055 1071 Δελφοῖσι
1070 982 1177 1072 ἐχρή-

159 1091 227 1167 σθη
236 1079 357 1166 ’Ἀργος
371 1080 532 1168 αἱρήσειν.
576 1082 685 1150 ἐπείτε
703 1079 741 1150 δέ
753 1081 967 1170 Σπαρτιήτας
980 1081 1075 1168 άγων
1090 1078 1177 1148 άπί-

160 1206 235 1249 κετο
263 1182 316 1248 ἐπὶ
336 1179 488 1267 ποταμόν
509 1179 700 1269 Ἐρασίνου,
725 1179 763 1261 δς
786 1186 917 1269 λέγεται
941 1184 1032 1271 ῥέειν
1053 1182 1092 1250 ἐκ
1111 1187 1175 1266 τῆς
1248 1176 1249 1199 ³

159 1283 396 1365 Στυμφηλίδος
406 1285 524 1366 λίμνης
531 1277 607 1369 (τήν
617 1277 683 1366 γάρ
695 1277 736 1366 δή
744 1286 866 1367 λίμνην
877 1277 1003 1366 ταύτην
1013 1281 1048 1358 ἐς
1056 1277 1173 1365 χάσμα

160 1372 286 1460 άφανές
301 1378 500 1446 ἐκδιδοῦσαν
512 1376 761 1464 ἀναφαίνεσθαι
776 1375 944 1465 ἐν’Ἀργετ,
956 1375 994 1444 τό
1005 1377 1169 1444 ἐνθεῦτεν

161 1473 239 1544 δέτὸ
248 1474 341 1565 ὕδωρ
350 1474 414 1564 ήδη
424 1484 523 1546 τοῦτο
534 1476 594 1546 ὑπ’
607 1475 766 1564 Ἀργείων
777 1474 950 1564 Ἐρασῖνον
959 1473 1173 1558 καλέεσθαι),
1248 1508 1249 1567 3

160 1572 363 1662 άπικόμενος
378 1575 408 1642 δ’
427 1569 476 1645 ὦν
489 1574 509 1646 ὁ
522 1578 715 1663 Κλεομένης
735 1577 789 1643 ἐπὶ
804 1573 865 1643 τὸν
881 1570 1033 1660 ποταμὸν
1047 1578 1170 1639 τοῦτον

161 1675 375 1761 ἐσφαγιάζετο
393 1672 493 1767 αὐτῷ.
520 1678 575 1744 καὶ
591 1673 634 1742 οὐ
647 1673 713 1762 γάρ
731 1673 886 1762 οὐδαμῶς
905 1677 1074 1758 ἐκαλλίρεε
1093 1675 1170 1738 δια-

159 1779 291 1861 βαίνειν
304 1799 380 1860 μιν,
401 1771 549 1859 ἄγασθαι
563 1776 626 1862 μὲν
641 1780 707 1860 ἔφη
727 1780 788 1841 τοῦ
802 1772 978 1858 Ἐρασίνου
991 1768 1033 1838 οό
1048 1772 1172 1857 προδι-

160 1869 279 1950 δόντος
294 1868 373 1950 τούς
393 1872 568 1960 πολιήτας,
585 1870 754 1959 Ἀργείους
771 1873 886 1958 μέντοι
900 1867 975 1937 οὐδ’
992 1867 1037 1949 ὣς
1048 1863 1172 1954 χαιρή-

160 1989 241 2039 σειν.
271 1967 352 2056 μετά
368 1973 522 2041 δὲταῦτα
537 1971 787 2061 ἐξαναχωρήσας
804 1967 867 2059 τήν
889 1966 1048 2056 στρατιήν
1064 1966 1171 2053 κατή-

159 2095 240 2154 γαγε
259 2070 291 2147 ἐς
308 2070 458 2157 Θυρέην,
474 2070 747 2157 σφαγιασάμενος
761 2070 798 2137 δέ
811 2076 852 2158 τῇ
865 2066 1023 2156 θαλάσση
1039 2071 1170 2149 ταῦρον

159 2171 307 2235 πλοίοισί
324 2185 429 2252 σφεας
448 2166 552 2254 ἤγαγε
572 2173 606 2245 ἐς
625 2194 661 2235 τε
680 2166 744 2253 τήν
769 2174 958 2256 Τιρυνθίην
977 2164 1092 2252 χάρην
1112 2166 1169 2231 καὶ

113 2282 146 2338 77
160 2271 350 2351 Ναυπλίην.
392 2264 533 2353 Ἀργεῑοι
560 2264 594 2336 δ’
615 2264 765 2352 ἐβάθεον
788 2265 1046 2351 πυνθανόμενοι
1061 2270 1169 2331 ταῦτα

159 2365 212 2431 ἐπί
225 2360 412 2430 θάλασσαν.
441 2359 485 2442 ὡς
499 2364 535 2432 δὲ
550 2360 655 2451 άγχοῦ
668 2367 732 2450 μὲν
745 2366 896 2451 ἐγίνοντο
910 2368 968 2448 τῆς
985 2367 1168 2446 Τίρυνθος,

157 2461 255 2553 χοίρῳ
267 2462 303 2529 δὲ
314 2464 352 2529 ἐν
361 2461 469 2554 τοάτςο
480 2470 525 2553 τῷ
537 2466 646 2531 κέεται
655 2460 815 2550 ήΣήπεια
825 2458 965 2545 οὔνομα,
973 2464 1168 2544 μεταίχμιον

159 2558 201 2628 οὐ
208 2561 291 2647 μέγα
300 2557 520 2643 ἀπολιπόντες
531 2567 639 2644 ἵζοντο
649 2558 756 2631 άντίοι
768 2574 854 2627 τοῖσι
860 2562 1164 2643 Λακεδαιμονίοισι,

159 2662 308 2728 ἐνθαῦτα
324 2657 364 2745 δή
381 2666 415 2730 οί
427 2658 569 2747 Ἀργείοι
585 2659 649 2748 τήν
664 2664 727 2748 μὲν
744 2664 780 2728 ἐκ
800 2665 862 2727 τοῦ
883 2662 1036 2744 φανεροῦ
1055 2654 1166 2741 μάχην

159 2752 222 2825 οὐκ
237 2757 428 2844 ἐφοβέοντο,
444 2756 527 2826 ἀλλά
539 2757 583 2846 μή
597 2759 686 2851 δόλφ
696 2757 885 2845 αίρεθέωσι.
908 2757 963 2823 καὶ
973 2752 1039 2841 γάρ
1052 2753 1094 2841 δή
1104 2773 1165 2839 σφι

159 2856 193 2931 ἐς
212 2859 311 2921 τοῦτο
332 2851 370 2920 τὸ
397 2862 531 2942 πρῆγμα
554 2855 618 2943 εἶχε
640 2856 678 2926 τὰ
703 2853 922 2943 χρηστήριον,
953 2849 992 2921 τό
1012 2856 1164 2921 ἐπίκοινα

158 2958 275 3040 ἔχρησε
289 2950 310 3039 ἡ
325 2960 441 3041 Πυθίη
456 2956 607 3025 τούτοισί
619 2982 656 3024 τε
670 2958 726 3024 καί
740 2959 953 3041 Μιλησίοισι,
969 2957 1070 3038 λέγον
1082 2942 1162 3019 ὦδε·

195 3051 284 3122 Ἀλλ’
302 3052 384 3123 ὅταν
397 3052 418 3143 ἡ
433 3056 555 3144 θήλεια
571 3055 632 3125 τόν
647 3056 773 3144 άρσενα
787 3052 951 3140 νικήσασα

195 3152 349 3241 Ἐξελάση
365 3157 420 3222 καί
433 3161 535 3234 κῦδος
549 3159 586 3223 ἐν
597 3154 795 3242 Ἀργείοισιν
809 3149 937 3238 άρηται,

200 3250 332 3331 Πολλάς
344 3250 501 3339 Ἀργείων
517 3254 752 3343 ἀμφιδρυφέας
766 3251 839 3320 τότε
853 3250 962 3336 θήσει,

192 3350 254 3428 Ὧς
267 3354 350 3417 ποτέ
360 3377 410 3429 τις
424 3355 509 3438 ἐρέει
523 3357 578 3421 καί
592 3352 824 3437 ἐπεσσομένων
840 3345 1051 3433 ἀνθρώπων·

200 3443 324 3526 Δεινὸς
339 3448 417 3529 ὄφις
433 3449 613 3532 τριέλικτος
630 3446 779 3517 άπάλετο
795 3449 893 3531 δουρὶ
907 3450 1099 3530 δαμασθείς.
