2500 3925
196 229 258 293 282
581 231 833 289 monor!

193 392 362 464 θαλάσσια
378 387 613 477 τήςἙλλάδος,
637 388 725 469 ὅκως
741 415 778 460 τε
794 387 838 479 μή
854 389 1071 478 διαδρήσεταί
1087 406 1184 473 σφεας

192 489 211 561 ὁ
225 488 445 577 Δημοκήδης,
469 486 555 556 ἀλλά
568 512 628 573 μιν
643 488 777 569 πάντως
791 486 897 557 ὀπίσω
913 483 1090 567 ἀπάξουσι.
1135 488 1183 554 ἐν·

192 589 383 675 τειλάμενος
398 588 435 656 δὲ
457 587 605 656 τοότοισι
624 594 744 674 ταῦτα,
764 589 904 675 δεότερα
928 586 1071 665 καλέσας
1089 581 1183 654 αὐτόν

190 687 392 776 Δημοκήδεα
420 687 527 753 ἐδέετο
554 680 678 770 αὐτοῦ,
702 683 789 764 ὅκως
808 683 1053 772 ἐξηγησάμενος
1082 688 1183 751 πᾶσαν

190 790 245 858 καλ
267 789 415 866 ἐπιδέξας
436 780 498 871 τήν
512 779 654 851 Ἑλλάδα
679 798 764 853 τοῖσι
786 784 934 872 Πέρσησι
964 779 1075 851 ὀπίσω
1107 782 1180 869 ήξει·

189 891 282 973 δῶρα
304 885 344 951 δέ
371 909 430 969 μιν
458 889 504 973 τῷ
529 883 629 967 πατρὶ
655 885 709 950 καὶ
733 896 819 950 τοῖσι
841 879 1036 967 ἀδελφεοῖσι
1061 882 1184 950 ἐκέλευε

188 982 297 1049 πάντα
314 978 354 1048 τά
371 982 502 1050 ἐκείνου
510 979 654 1047 ἐπίπλοα
662 978 809 1069 λαβόντα
828 978 941 1067 ἄγειν,
967 976 1036 1065 φάς
1060 977 1145 1049 ἀλλα
1159 982 1185 1045 οί

187 1075 418 1166 πολλαπλήσια
433 1075 648 1146 ἀντιδώσειν·
664 1075 749 1164 πρδς
760 1078 799 1149 δλ
812 1079 846 1157 ἐς
860 1074 901 1145 τά
913 1081 1005 1164 δοῖρα
1017 1072 1148 1145 ὁλκάδα
1159 1080 1185 1143 οἱ

188 1184 252 1262 ἐφη
268 1177 518 1264 συμβαλέεσθαι
532 1175 661 1263 πλήσας
676 1174 818 1263 ἀγαθοῖν
832 1177 1021 1261 παντοίων,
1039 1171 1107 1261 τήν
1127 1172 1184 1259 ἅμα

189 1279 223 1342 οί
237 1273 439 1341 πλοίσεσθαι.
485 1270 629 1360 Δαρεῖος
642 1275 705 1360 μὲν
719 1272 777 1361 δή,
792 1277 922 1343 δοκέειν
937 1274 1026 1359 ἐμοὶ,
1054 1270 1117 1341 ἀπ’
1134 1269 1184 1338 οὐ·

189 1369 286 1450 δενδς
300 1375 441 1460 δολεροῦ
459 1370 542 1440 νόου
561 1370 781 1458 ἐπηγγέλλετό
796 1376 832 1440 οἱ
843 1377 964 1455 ταῦτα,
985 1370 1184 1458 Δημοκήδης

187 1470 225 1537 δλ
239 1473 366 1556 δείσας,
396 1469 443 1556 μή
464 1467 503 1538 εδ
523 1471 704 1561 ἐκπειρῷτο
718 1480 880 1556 Δαρεῖος,
903 1467 978 1537 οότι
996 1463 1184 1555 ἐπιδραμὸν

187 1565 297 1634 πάντα
314 1563 354 1633 τά
372 1565 530 1652 διδόμενα
547 1567 694 1652 ἐδέκετο,
720 1563 805 1635 ἀλλά
822 1563 861 1633 τά
876 1566 940 1651 μὲν
954 1568 1090 1634 ἑωυτοῦ
1112 1561 1183 1633 κατὰ

186 1663 299 1752 γωρην
313 1671 378 1751 ἔφη
394 1672 620 1751 καταλείψειν,
637 1668 692 1733 ἵνα
709 1662 815 1733 ὀπίσω
830 1666 917 1751 σφέα
932 1662 1101 1731 ἀπελθών
1116 1669 1183 1749 ἔχοι,

186 1761 247 1850 τήν
263 1768 377 1850 μέντοι
392 1760 536 1852 ὁλκάδα,
559 1763 622 1851 τήν
637 1770 671 1833 ol
682 1774 827 1850 Δαρεῖος
841 1766 1066 1851 ἐπηγγέλλετο
1084 1766 1117 1843 ἐς
1134 1760 1184 1847 τήν

185 1858 317 1949 δωρεήν
333 1876 418 1931 τοίσι
435 1860 643 1983 ἀδελρεοίσι,
667 1866 825 1931 δέκεσθαι
841 1868 914 1950 ἔφη.
955 1864 1184 1984 ἐντειλάμενος
1211 1854 1212 1939 λ

89 1968 93 1979 ’
185 1960 222 2028 δὲ
237 1964 291 2029 καὶ
306 1959 414 2052 τοότφ
435 1956 537 2028 ταάτά
563 1955 743 2048 ὁΔαρεῑος
767 1956 961 2030 ἀποστέλλει
991 1957 1124 2039 αὐτους
1144 1960 1184 2026 ι’πι
1210 1977 1211 2062 ρ

122 2070 169 2124 136
183 2056 369 2125 θάλασσαν.
414 2053 627 2144 Καταβαντες
642 2056 674 2125 δ
692 2050 787 2128 οὗτοι
805 2061 838 2137 ἐς
857 2066 1024 2146 Φοινίκην
1039 2061 1100 2130 καλ
1115 2066 1210 2126 Φοι-

186 2164 281 2244 νίκης
297 2159 331 2234 ἐς
344 2159 481 2224 Σιδῶνα
498 2158 601 2226 πόλιν
621 2156 742 2228 αὐτίκα
758 2159 820 2245 μὲν
835 2160 990 2247 τριήρεας
1008 2161 1077 2230 δύο
1095 2160 1184 2245 ἐπλή

185 2275 308 2342 ρωσαν,
320 2252 389 2340 ἅμα
401 2256 438 2323 δὲ
453 2252 572 2344 αὐτῇσι
586 2259 642 2326 καὶ
656 2255 785 2343 γαυλὸν
794 2260 901 2343 μέγαν
914 2258 1132 2330 παντοίων’
1113 2285 1186 2346 αγα·

183 2359 274 2420 θῶν·
289 2358 593 2440 παρεσκευασμένοι
607 2356 645 2422 δὲ
659 2355 768 2474 πρὲντα
779 2359 910 2423 ἔπλωον
924 2355 1005 2436 ἐς
968 2383 1033 2444 την
1040 2356 1186 2440 Ἐλλάδα,
1207 2337 1208 2430 λ

183 2456 415 2538 προσίσχοντες
453 2452 489 2518 δὲ
519 2448 621 2538 αάτής
655 2449 695 2520 τά
731 2454 1026 2539 παραθαλάσσια.
1016 2459 1207 2578 ἐθηεῦντογ

183 2544 286 2616 καδ’
267 2548 521 2634 απεγράφοντο,
554 2546 634 2627 ἐς“
613 2575 633 2616 ο
667 2547 707 2618 τά
736 2549 843 2619 πολλοὶ
871 2549 975 2638 αὐτῆς
1003 2557 1064 2622 καλ
1095 2552 1188 2622 οδνο·

182 2645 370 2732 μαστότατα
393 2647 603 2732 θηησάμενοι
632 2646 792 2718 ἀπίκοντο
815 2658 871 2737 τῆς
891 2649 1033 2739 Ἰταλίης
1065 2657 1101 2732 ἐς
1131 2652 1173 2718 Τό

183 2769 297 2831 ραντα.
319 2745 470 2813 ἐνθαῦτα
484 2745 521 2812 δὲ
542 2746 580 2813 ἐκ
595 2748 769 2836 ήηστοίνης
791 2755 848 2836 της
862 2750 1094 2838 Δημοκήδεος
1109 2749 1173 2837 Ἀρι

183 2844 375 2926 οτοφιλίδης
400 2847 468 2908 τοῖν
486 2849 701 2927 Ταραντίνων
724 2844 742 2913 ὁ
760 2844 918 2934 βασιλεὺς
947 2855 1052 2916 τοῦτο
1070 2851 1137 2936 μὲν
1156 2873 1171 2914 τ

182 2938 328 3026 πηδάλια
342 2940 508 3025 παρέλυσε
528 2947 596 3007 των
611 2947 794 3029 Μηδικέων
809 2969 916 3066 γεων,
946 2953 1052 3015 τοῦτο
1077 2944 1170 3016 δὲ’
1133 2975 1172 3013 αο

181 3035 261 3114 τούς
275 3061 354 3114 τους
363 3038 494 3120 Πέρσας
508 3038 627 3125 ερξε’
605 3067 650 3118 ως
672 3042 903 3121 κατασκόπους
921 3046 1037 3130 δῆθεν
1056 3048 1173 3123 ἐόντας

180 3137 219 3198 ἐν
233 3157 259 3220 ω
247 3124 363 3200 Ηδε
319 3157 415 3200 ουτοι
425 3141 528 3201 ταῦτα
543 3139 729 3226 ἐπασχου,“
714 3169 732 3210 ο
753 3140 956 3260 Δημοκήδης
972 3143 1060 3222 ἐς
1024 3173 1092 3232 την
1104 3145 1173 3233 Κρό

181 3253 270 3296 τωνα
281 3226 480 3298 ἀπικνέεται.
503 3229 688 3320 ἀπιγμένου
704 3238 739 3306 δε
753 3236 815 3326 ήδη
829 3238 952 3306 τούτου
970 3240 1060 3319 ἐς
1024 3269 1092 3329 την
1111 3245 1152 3311 ἕω

179 3321 297 3391 τοῦδ’
295 3334 549 3414 Αριστοφιλίδης
563 3336 661 3400 ἔλυσε
678 3333 757 3416 τοδς
772 3341 920 3424 Πέρσας,
952 3339 1065 3408 καὶ
1026 3367 1070 3410 τα
1090 3345 1175 3431 παρέ

115 3434 163 3490 137
178 3431 261 3506 λαβε
284 3429 352 3488 τῶν
367 3450 456 3492 νεων
475 3425 628 3498 ἀπέδωκί
641 3452 710 3517 σφι.
755 3436 932 3516 Πλοίοντες
963 3440 1002 3506 δέ
1025 3442 1170 3512 ἐνθεῦτε
