2500 3925
170 206 233 271 218
549 207 799 267 HERODOTI

174 368 248 459 μετ’
265 367 370 439 αύτοῦ
385 366 652 455 ἀπαλλάξεσθαι,
668 364 752 436 ἀλλά
767 373 1022 453 καταμείναντες
1032 369 1195 438 συναπέ-

174 480 295 539 θανον.
319 467 514 555 ἐστρατήγεε
528 469 564 535 δὲ
581 463 694 535 αὐτῶν
705 465 904 553 Δημόφιλος
917 468 1132 555 Διαδρόμεω.

107 584 159 639 223
257 572 379 656 Ξέρξης
394 570 430 637 δε
451 570 521 637 ἐπεὶ
540 564 639 654 ἡλίου
656 563 889 645 ἀνατείλαντος
904 565 1052 647 σπονδάς
1066 568 1193 666 ἐποιή-

176 689 255 736 σατο
263 663 435 754 ,έπισχύν
447 666 573 753 χρόνον
588 661 652 744 ές’
632 670 756 752 αγορῆς
768 690 832 733 κον
841 665 983 752 μάλιστα
994 666 1143 755 πληθωρ
1146 692 1193 753 ην

176 766 346 852 πρόσοδον
361 768 524 836 ἐποιέετο
544 766 599 832 καί
615 760 680 850 γάρ
695 764 871 832 ἐπέσταλτο
883 763 935 846 έξ’
932 766 1108 836 Επιάλτεω
1123 765 1192 834 οὕ·

176 891 231 932 τω.
245 861 310 933 ἀπό
322 862 386 950 γάρ
398 871 460 934 τοῦ
471 862 620 951 ούρεοςη
607 860 813 950 ’κατάβασις
823 868 1065 953 συντομωτέρη
1067 890 1105 933 τε
1099 868 1191 934 ’έστι
1240 932 1245 945 ,

177 968 232 1034 καὶ
247 965 449 1053 βραχύτερος
466 961 484 1032 ὁ
499 968 606 1051 χῶρος
625 960 753 1032 πολλὸν
771 961 857 1051 ἥπερ
870 961 891 1051 ἡ
906 966 1061 1048 περίοδός
1074 990 1114 1033 τε
1129 966 1189 1032 καί

178 1061 349 1152 ἀνάβασις.
373 1066 408 1130 ολ
416 1088 451 1130 τε
465 1060 516 1150 δη
521 1063 688 1151 βάρβαροι
703 1066 738 1131 οί
750 1059 836 1149 ἀμφὶ
846 1064 1188 1152 Ξέρξηυπροσήισαν,

177 1164 232 1230 καλ
247 1165 281 1229 οί
293 1158 378 1247 ἀμφὶ
392 1166 566 1249 Λεωνίδην
575 1157 786 1247 Ἕλληνες,“
765 1188 809 1240 ως
821 1189 883 1250 την
895 1164 947 1232 ἐπὶ
957 1163 1097 1257 θανάτφ
1109 1168 1188 1244 ἑξο-

178 1264 240 1327 δον
255 1258 466 1345 ποιεύμενοι,
480 1256 545 1346 ἤδη
555 1266 668 1350 πολλῶ
679 1254 840 1346 pamma*
818 1287 839 1346 η
851 1257 924 1329 κατ’
937 1258 1040 1350 ἀρχάς
1051 1262 1189 1349 ἐπεξήι-

178 1378 243 1426 σαν
256 1355 336 1436 ές
301 1383 339 1426 το
356 1354 539 1445 εὐρύτερον
552 1384 611 1425 του
598 1327 774 1443 άύχένος.
795 1382 832 1425 το
821 1355 959 1445 ὶὶμὲν
919 1385 984 1446 γαρ
999 1364 1107 1447 ἔρυμα
1121 1365 1187 1427 τοῦ

175 1462 297 1542 τείχεος
311 1454 535 1541 ἐφυλάσσετο,
550 1460 585 1523 οί
597 1452 667 1523 δὲ’
648 1452 713 1522 ανά
727 1452 787 1534 τάς
800 1458 962 1543 προτέρας
975 1453 1133 1545 ἡμέρας*
1116 1480 1187 1523 υπ-

177 1556 319 1637 εξιόντες
333 1552 417 1635 ές
379 1582 420 1623 τα
432 1555 633 1643 στεινόπορα
648 1554 819 1643 ἐμάχοντο,
837 1555 911 1624 τότε
926 1555 963 1624 δὲ
973 1561 1185 1643 συμμίσγον-

175 1683 228 1735 τες
243 1661 305 1736 έξω
318 1662 387 1723 τάν
397 1662 538 1724 στεινῶν
553 1660 692 1723 ἔπιπτον
702 1653 828 1742 πλήθεϊ
836 1656 953 1723 πολλοὶ
966 1662 1035 1722 τῶν
1050 1654 1245 1776 βαρβά-

175 1781 262 1844 ρων
283 1754 405 1823 οπισθε
415 1779 480 1841 γαρ
495 1750 554 1822 οί
536 1780 699 1841 ηγεμονες
709 1778 777 1822 των
787 1756 909 1823 τελεων
920 1758 1051 1842 ἔχοντες
1061 1754 1184 1843 μαστι

175 1881 236 1942 γας
251 1854 429 1943 ἐρράπιζον
443 1852 553 1921 πάντα
573 1850 698 1941 ἀνδρα,
722 1858 759 1921 αί
745 1855 786 1921 ίελ
802 1850 888 1932 ές
853 1879 891 1921 το
906 1851 1022 1940 πρόσω
1036 1851 1183 1938 έποτρύ-

174 1981 299 2034 νοντες.
317 1954 434 2023 πολλοὶ
448 1954 511 2040 μέν
521 1949 562 2040 δη
573 1950 804 2022 έσέπιπτον’
762 1960 875 2022 αυτόν
886 1950 964 2034 ές
928 1980 991 2042 την
1001 1953 1177 2024 θάλασσαι
1243 1999 1244 2004 1

175 2060 230 2125 καλ
249 2059 503 2141 διεφθείροντο,
520 2058 634 2142 πολλῷ
654 2049 685 2120 δ’
708 2058 757 2120 έτι
777 2058 917 2132 πλεῦνες
938 2057 1180 2121 κατεπατέοντο

175 2159 250 2238 ζωοί
261 2152 320 2222 ἀπ’
333 2151 504 2240 ἀλλήλων·
525 2144 570 2238 ἦν
580 2150 616 2220 δὲ
628 2153 727 2239 λόγος
738 2151 848 2232 ούδελς
861 2160 922 2221 τοῦ
933 2150 1179 2240 ἀπολλυμένου.
1242 2229 1243 2242 2

174 2252 233 2321 άτε
248 2250 314 2340 γάρ
329 2252 542 2339 ἐπιστάμενοι
557 2249 616 2320 τόν
626 2253 791 2339 μέλλοντά
805 2274 866 2340 σφι
878 2259 1015 2322 ἔσεσθαι
1025 2253 1181 2323 θάνατον

175 2360 211 2423 έκ
225 2361 293 2422 τῶν
307 2351 509 2440 περιιόντων
521 2348 559 2420 τό
574 2344 694 2440 οὖρος,
712 2350 951 2421 ἀπεδείκνυντο
969 2351 1081 2441 ῥύμης
1096 2351 1180 2420 ὅσον

175 2453 264 2542 εἶχον
277 2457 433 2541 μέγιστον
443 2456 477 2533 ές
487 2450 567 2534 τούς
576 2453 781 2542 βαρβάρους,
796 2453 1065 2541 παραχρεόμευοί
1074 2479 1110 2522 τε
1123 2458 1178 2522 καὶ

105 2574 157 2626 ²24
172 2550 331 2630 ἀτέοντες.
365 2551 527 2639 Δούρατα
546 2553 609 2639 μέν
625 2579 692 2621 νυν
714 2567 800 2622 τοῖσι
820 2558 936 2623 πλέοσι
952 2553 1065 2622 αὐτῶν
1084 2581 1176 2642 τηνι·

173 2655 278 2718 ναῦτα
293 2648 452 2736 ἐτύγχανε
467 2653 649 2739 κατεηγότα
666 2649 834 2740 ηδη,οίδ
834 2655 948 2721 ἑτοῖσι
963 2657 1072 2739 ξίφεσι
1086 2657 1178 2739 διερ-

172 2747 311 2834 γάζοντο
322 2773 401 2826 τους
410 2752 551 2834 Πέρσας
566 2753 622 2819 καὶ
633 2757 803 2839 Λεωνίδης
813 2778 849 2819 τε
860 2755 897 2820 έν
908 2751 1015 2843 τούτῳ
1026 2758 1072 2840 τῷ
1084 2751 1176 2842 πόνφ

171 2842 320 2914 πίπτει’
300 2873 386 2934 ανηρ
406 2847 588 2933 γενόμενος
608 2847 759 2936 ἀριστος,
780 2852 875 2918 καὶ”
856 2875 961 2936 ετεροι
982 2846 1053 2935 μετ’
1072 2846 1176 2916 αὐτοῦ
1240 2863 1241 2943 η

172 2941 373 3032 ούνομαστολ
383 2948 634 3034 Σπαρτιητέων,
649 2955 717 3017 τῶν
728 2945 827 3034 ἐμά’
805 2973 850 3027 ως
860 2945 995 3036 ἀνδρῶν
1006 2946 1109 3028 ἀξίων
1119 2974 1175 3034 γε·

170 3045 325 3130 νομένων
335 3041 560 3131 ἐπυθόμην
524 3071 563 3112 τα
575 3044 758 3133 οὐνόματα,
774 3045 953 3133 ἐπυθόμην
961 3046 1057 3115 δὲ
1004 3073 1059 3114 και
1066 3069 1175 3113 απαν-

170 3170 238 3211 των
252 3151 321 3210 τάν
334 3149 543 3230 τριηκοσίων.
574 3171 631 3213 και
619 3143 686 3231 δη
707 3173 762 3213 και
751 3148 935 3232 Περσέων
948 3151 1105 3214 πίπτουσι
1120 3148 1174 3212 έν·
1239 3179 1240 3195 ¹

169 3248 282 3309 θαῦτα
297 3240 392 3309 ἄλλοι
405 3269 440 3310 τε
455 3243 573 3311 πολλοὶ
588 3247 643 3311 καλ
657 3242 871 3330 ούνομαστοὶ,
886 3247 923 3310 έν
935 3243 971 3312 δὲ
984 3238 1024 3331 δὴ
1037 3244 1092 3312 καὶ
1102 3252 1174 3311 Δα-

170 3343 263 3421 ρείου
278 3339 341 3405 δύο
355 3345 481 3427 παῖδες,
492 3338 697 3429 Ἀβροκόμης
710 3367 746 3409 τε
760 3343 816 3410 καί
824 3338 1051 3428 Ὑπεράνθης,
1060 3344 1105 3410 ’έκ
1117 3367 1173 3428 της
1238 3411 1239 3449 1

166 3432 330 3513 Ἀρτάνεω
343 3436 515 3524 θυγατρός
529 3439 772 3526 Φραταγούνης
792 3439 968 3526 γεγονότες
984 3449 1126 3534 Δαρείῳ.
1152 3437 1172 3510 6
