2500 3925
377 238 461 294 ΗΒ.
494 237 528 294 v.
563 238 663 295 GAP.
697 247 829 304 ει-εε
1071 243 1115 308 29

104 402 204 485 δρῶν.
228 397 395 484 πέμπουσι
413 396 450 463 δέ
462 393 604 475 τούτους
617 395 701 465 κατά
717 400 897 471 θάλασσαν
911 408 1105 479 πλοίοισι.
1088 437 1108 482 ο

103 500 164 586 μὲν
188 494 229 584 δὴ
250 487 428 584 προσσχάν
453 499 486 574 ἐς
506 496 667 582 Φάληρου
687 495 751 585 τῆν
770 500 929 590 στρατιὴν
951 503 1108 597 ἀπέβησε,

102 602 137 666 οί
157 597 193 666 δέ
218 599 487 683 Πεισιστρατίδαι
515 595 837 682 προπυνθανόμενοι
859 607 965 670 ταῦτα
988 606 1109 674 ἐπεκα-

101 700 217 765 λέοντο
242 699 279 763 ἐκ
302 700 485 779 Θεσσαλίης
512 696 724 781 ἐπικουρίην·
754 697 929 785 ἐπεποίητο
954 703 1019 790 γάρ
1046 724 1108 792 σφι

99 799 269 879 συμμαχίη
292 788 377 874 πρός
403 787 535 869 αὐτούς.
587 796 750 862 Θεσσαλοί
771 795 811 862 δέ
831 813 894 882 σφι
918 803 1107 886 δεομένοισι

99 888 301 976 ἀπέπεμψαν
320 895 418 979 κοινῆ
433 886 552 977 γυοόμη
566 888 743 975 χρεόμενοι
758 898 869 981 χιλίην
881 921 918 964 τε
931 899 1037 968 ίππον
1049 904 1106 970 καί

99 988 161 1059 τόν
174 990 312 1076 βασιλέα
325 987 386 1057 τόν
400 991 564 1075 σφέτερον
574 991 703 1076 Κινέην
712 987 1007 1076 ἀνδραΓονυαίον
1024 996 1104 1078 τοάς

98 1093 207 1159 ἐπείτε
228 1095 326 1175 ἐσχου
336 1087 531 1175 συμμάχους
542 1091 577 1154 oc
582 1093 867 1177 Πεισιστρατίδαι,
882 1093 1103 1181 ἐμηχανέοντο

96 1189 225 1258 τοιάδε·
246 1194 417 1275 κείραντες
438 1193 507 1254 τῶν
523 1189 708 1274 Φαληρέων
727 1186 765 1257 τό
787 1194 905 1260 πεδίον
924 1197 980 1263 καὶ
997 1195 1103 1264 ίππά-

97 1307 198 1374 σιμον
211 1284 409 1372 ποιήσαντες
422 1290 544 1352 τοῦτον
557 1281 619 1351 τόν
634 1292 746 1370 χοῖρον
759 1290 888 1375 ἐπῆκαν
900 1297 947 1379 τῷ
963 1310 1104 1378 στρατο-

97 1391 187 1477 τιέδῳ
197 1382 260 1474 τῆν
269 1387 389 1452 ἵππον·
406 1385 596 1469 ἐμπεσοῦσα
607 1382 644 1450 δέ
655 1387 829 1471 διέφθειρε
839 1382 962 1467 ἀλλους
972 1415 1008 1457 τε
1018 1399 1103 1460 πολ-

97 1481 178 1563 λοάς
200 1490 268 1551 τῶν
287 1485 564 1568 Λακεδαιμονίαν
586 1481 643 1548 καί
663 1478 705 1568 δὴ
725 1479 864 1552 καὶτὸν
881 1482 1100 1576 Ἀγχιμόλιον,

96 1579 176 1660 τούς
193 1584 229 1649 δέ
246 1582 526 1698 περιγενομένους
540 1576 653 1648 αὐτόν
668 1576 752 1658 ἐς
715 1604 774 1658 τας
786 1583 865 1661 νίας
880 1587 1050 1671 κατέρξαυ.
1080 1584 1099 1654 ό

97 1681 160 1766 μὲν
174 1675 214 1766 δὴ
232 1683 362 1775 πρῶτος
375 1677 493 1756 στόλος
504 1679 542 1745 ἐκ
551 1677 860 1763 Λακεδαίμονος”
816 1704 906 1748 <mm
921 1678 1099 1770 ἀπήλλαξε,

95 1778 151 1846 καὶ
163 1765 371 1862 Ἀγχιμολίου
387 1778 612 1862 είσὶταφαλ
572 1800 632 1862 της
635 1771 787 1863 Ἀττικῆς
795 1773 1057 1898 Ἀλωπεκῆσι,’
1037 1806 1101 1865 αγ-

95 1883 157 1966 χοῦ
173 1883 235 1944 τοῦ
250 1873 447 1960 Ἡρακλείου
465 1899 527 1942 τον
511 1875 579 1942 ’ἐν
595 1872 817 1961 Κυνοσάργει.
859 1874 957 1944 Μετά
973 1879 1011 1944 δέ
1025 1884 1097 1945 Λα-
1113 1878 1148 1935 64

94 1974 301 2060 κεδαιμόνιοι
320 1977 404 2059 μέζω
423 1974 544 2043 στόλον
557 1980 745 2052 στείλαντες
758 1970 957 2059 ἀπέπεμψαν
971 1973 1076 2043 ἐπί
1040 2002 1100 2056 τας

90 2072 253 2161 Ἀθήνας,
276 2069 461 2159 στρατηγόν
474 2078 532 2157 τῆς
551 2077 705 2157 στρατιῆς
720 2068 938 2151 ἀποδέξαντες
960 2076 1099 2157 βασιλέα

94 2173 286 2258 Κλεομένεα
304 2168 365 2238 τόν
380 2166 659 2254 Ἀναξανδρίδεω,
683 2166 795 2237 οάκέιι
814 2167 898 2237 κατά
919 2168 1098 2238 δάλασσαν
1181 2248 1184 2253 ¹

95 2278 296 2357 στείλαντες,
319 2266 404 2338 ἀλλά
419 2266 493 2337 κατ’
511 2267 664 2356 ἤπειρον·
691 2282 777 2336 τοῖσι
790 2270 969 2355 ἐσβαλοῦσι
987 2270 1021 2348 ἐς
1033 2267 1097 2355 τῆν

56 2400 59 2405 ·
89 2370 239 2458 Ἀττικὴν
257 2367 370 2457 χώρην
390 2366 411 2455 ῆ
434 2374 503 2436 τοῖν
519 2375 699 2437 Θεσσαλῶν
717 2371 819 2446 ἵππος
837 2366 952 2454 πρότη
972 2371 1097 2455 προσέ-

93 2476 164 2559 μιξε
185 2472 240 2539 καὶ
260 2466 302 2536 οό
319 2466 400 2555 μετά
422 2464 549 2537 πολλόν
570 2469 744 2554 ἐτρέπετο,
766 2473 826 2536 καί
839 2486 954 2553 σφεων
974 2472 1095 2535 ἐπεσου

92 2567 177 2655 ὑπὲρ
195 2568 438 2650 τεσσεράκοντα
453 2563 594 2652 ἀνδρας·
616 2571 651 2635 οί
663 2570 700 2633 δὲ
714 2565 967 2654 περιγενόμενοι
987 2562 1095 2633 ἀπαλ-

91 2670 256 2739 λάσσοντο
272 2664 316 2746 ὡς
340 2664 428 2752 εἶχον
448 2664 528 2745 δδάς
543 2668 596 2735 ἐπὶ
616 2672 808 2753 Θεσσαλίης.
851 2669 1042 2754 Κλεομένης
1057 2668 1095 2735 δέ

91 2766 292 2852 ἀπικόμενος
313 2766 346 2843 ἐς
365 2761 404 2832 τό
425 2762 510 2833 ἀστυ
529 2761 598 2850 ἀμα
614 2760 803 2851 Ἀθηναίων
824 2777 909 2833 τοῖσι
928 2766 1095 2852 βουλομέ

91 2882 181 2932 νοισι
197 2861 282 2931 εἶναι
297 2862 506 2947 ἐλευθέροισι
520 2860 713 2947 ἐπολιόρκεε
726 2860 806 2939 τούς
823 2860 1013 2946 τυράυνονς
1027 2858 1093 2928 ἀπ-

92 2963 274 3047 εργμένους
287 2962 324 3027 ἐν
338 2963 384 3049 τῷ
396 2965 593 3049 Πελασγικῷ
607 2965 713 3045 τείχει.
756 2962 823 3028 Καὶ
838 2958 939 3029 οὐδέν
952 2986 985 3029 τι
1001 2959 1090 3026 πάν-
1103 2968 1138 3024 66

90 3084 156 3137 τως
180 3055 224 3125 ἀν
246 3060 370 3137 ἐξεῖλον
389 3055 469 3136 τοδς
485 3063 759 3146 Πεισιστρατίδας
783 3063 817 3126 οί
833 3058 1093 3146 Λακεδαιμόνιοι

91 3156 186 3247 (οὔτε
202 3153 268 3244 γάρ
289 3156 432 3242 ἐπέδρην
453 3156 617 3226 ἐπενόευν
626 3157 849 3246 ποιήσασθαι,
872 3161 908 3225 οί
925 3183 962 3228 τε
974 3166 1093 3228 Πεισι-

89 3258 262 3339 στρατίδαι
278 3259 398 3322 σίτοισι
416 3256 472 3323 καὶ
492 3269 622 3324 ποτοῖσι
644 3249 685 3325 εὖ
704 3254 1005 3342 παρεσκευάδατο·,
1028 3281 1092 3325 πο-

89 3352 325 3441 λιορκήσαντές
338 3376 374 3417 τε
390 3346 434 3419 ἀν
445 3349 571 3440 ἡμέρας
585 3350 698 3439 ὀλίγας
714 3350 966 3425 ἀπαλλάσσοντο
981 3358 1014 3436 ἐς
1028 3355 1092 3444 τῆν

89 3450 262 3539 Σπάρτην.
290 3454 356 3517 νῦν
376 3452 413 3519 δε
434 3457 594 3540 συντυχίη
614 3466 700 3522 τοῖσι
721 3454 783 3539 μέν
800 3451 886 3540 κακὴ
907 3456 1091 3544 ἐπεγένετο,
