2500 3925
161 199 203 264 82
549 209 789 268 HERODOTI

168 374 243 455 σέος
260 379 362 446 τοῦδε
379 379 524 464 εἵνεκεν,
543 371 620 446 ἀλλ’
639 376 704 448 ου’κ
720 377 888 448 ἀνέκαθεν
906 383 953 448 ἔτι
971 385 1118 468 ἔλαβον,
1140 374 1201 444 ὅτι

167 473 231 546 οόκ
254 481 367 546 ἔπεστι
390 479 566 568 ἐπωνυμίη
584 479 712 569 Περσέι
732 476 875 568 οὐδεμία
891 479 1018 570 πατρός
1035 483 1201 566 θνητοῦ,

167 573 280 668 ὥσπερ
294 577 453 667 Ἡρακλέι·
465 577 697 669 Ἀμφιτρύων·
715 579 780 668 ήδη
795 573 844 650 όν
860 578 955 674 ὀρθῷ
973 580 1065 673 λόγφ
1085 604 1199 669 χρεοι

165 679 257 771 μένφ
270 680 366 768 μέχρι
379 681 527 769 Περσέος
541 678 655 770 ὀρθῶς
668 689 801 771 εἴρηταί
814 700 886 770 μοι·
904 677 971 750 άπό
987 680 1026 749 δέ
1040 679 1200 765 Δανάης

165 785 224 867 τῆς
238 777 406 869 Ἀκρισίου
420 783 635 868 καταλέγοντι
646 781 726 862 τούς
738 781 809 852 ἄνω
826 783 894 854 αίεὶ
907 783 1053 873 πατέρας
1068 778 1199 849 αὐτῶν

165 886 342 966 φαινοίατο
360 877 403 949 άν
422 880 532 963 ἐόντες
550 887 585 952 οί
600 887 669 952 τῶν
683 883 843 974 Δωριέων
860 881 1023 973 ἡγεμόνες
1044 881 1197 968 Αίγύπ-

114 997 228 1049 1οστιοι
246 981 427 1066 ίθαγενέες.
474 988 587 1052 Ταῦτα
610 985 674 1072 μέν
689 1011 756 1053 νυν
772 982 855 1054 κατδ
868 983 1028 1072 Ἕλληνες
1047 983 1197 1069 λέγουσι

165 1079 460 1169 γεγενεηλόγηται,
479 1081 524 1163 ιδς
542 1084 580 1153 δὲ
598 1081 616 1153 ὁ
634 1085 725 1174 παρὰ
743 1086 904 1175 Περσέων
922 1085 1021 1170 λόγος
1040 1085 1196 1169 λέγεται,

166 1175 266 1260 αὐτός
281 1175 298 1248 ὁ
314 1181 467 1271 Περσεδς
482 1183 548 1253 έοδν
558 1182 730 1275 Ἀσσύριος
744 1185 1015 1272 έγένετοἝλλην,
1030 1181 1109 1252 ἁλλ’
1126 1181 1197 1251 οὐκ

164 1285 200 1350 οί
211 1281 359 1370 Περσέος
373 1282 547 1372 πρόγονοι·
563 1284 645 1370 Ιτοδς
658 1285 696 1354 δέ
706 1283 871 1373 Ἀκρισίου
884 1313 924 1373 γε
937 1286 1087 1374 πατέρας
1102 1283 1196 1372 ὁμο-

165 1382 342 1468 λογέοντας
366 1379 440 1452 κατ’
466 1385 651 1473 οἰκηιότητα
673 1388 802 1477 Περσέτ
821 1385 944 1473 οὐδέν,
975 1385 1126 1465 τούτους
1153 1383 1196 1452 δὲ

112 1499 147 1551 5ο
165 1480 262 1570 εἶναι,
276 1482 583 1574 κατάπερἝλλήνες
594 1488 740 1572 λέγουσι,
756 1493 977 1574 Αἰγυπτίους.
999 1486 1195 1555 Καὶταῦτα

163 1584 225 1672 μέν
238 1611 304 1653 νυν
317 1586 394 1674 περὶ
408 1584 536 1655 τοότων
550 1586 710 1675 εἰρήσθω,
729 1585 749 1655 ό
762 1615 792 1655 τι
805 1588 843 1657 δέ
857 1587 968 1668 ἐόντες
986 1585 1193 1672 Αίγόπτιοι,

164 1684 219 1751 καὶ
237 1682 257 1752 ό
273 1711 304 1753 τι
321 1683 560 1774 ἀποδεξάμενοι
584 1693 705 1775 ἔλαβον
727 1687 785 1768 τάς
804 1689 966 1778 Δωριέων
989 1693 1192 1774 βασιληίας,

164 1783 292 1853 α”λλοισι
308 1785 373 1875 γάρ
392 1787 469 1875 περὶ
488 1782 604 1855 αότοῐν
622 1797 765 1875 εἴρηται,
793 1788 934 1878 ἐάσομεν
952 1787 1059 1857 αὐτά·
1085 1787 1131 1856 τά
1153 1786 1194 1856 δέ

164 1883 259 1953 άλλοι
277 1883 318 1955 οό
337 1885 577 1974 κατελάβοντο,
595 1887 725 1957 τούτων
742 1889 878 1979 μνήμην
895 1889 1088 1979 ποιήσομαι.

111 2001 147 2054 οδ
240 1988 347 2075 Γέρεά
363 2014 399 2055 τε
426 1986 467 2075 δὴ
492 1988 572 2057 τάδε
589 2003 675 2057 τοῖσι
696 1996 870 2076 βασιλεῦσι
889 1996 1101 2079 Σπαρτιῆται
1128 1995 1191 2059 δε-

162 2085 303 2155 δοίκασι·
324 2087 484 2177 ίροσάνας
503 2088 578 2174 δυό,
598 2088 680 2169 Διός
697 2117 732 2159 τε
750 2096 1005 2180 Λακεδαίμονος
1023 2093 1083 2158 καί
1100 2090 1192 2171 Διός

161 2184 337 2275 οὐρανίου,
356 2188 412 2255 καί
426 2188 572 2276 πόλεμόν
584 2215 623 2274 γε
638 2190 791 2276 έκφέρειν
805 2190 859 2259 έπ’
874 2189 917 2279 ἣν
931 2189 974 2260 άν
988 2191 1192 2277 βούλωνται

160 2286 291 2376 χώρην,
309 2286 433 2356 κου’του
451 2287 488 2356 δέ
505 2289 634 2375 μηδένα
652 2288 737 2358 εἶναι
751 2292 988 2381 Σπαρτιητέων
1007 2294 1190 2361 διακωλυ-

159 2385 232 2475 τήν,
252 2392 285 2456 εί
296 2387 334 2456 δέ
347 2386 405 2477 μή,
424 2384 530 2458 αὐτόν
545 2391 643 2479 ἐντῷ
656 2388 732 2475 ἄγει·
744 2392 932 2479 ἐνέχεσθαι·
952 2394 1188 2482 στρατευομέ-

159 2516 230 2558 νων
248 2488 286 2558 δδ
301 2488 453 2579 κράτους
469 2490 554 2559 ίέναι
567 2488 648 2569 τούς
660 2491 826 2578 βασιλέας,
845 2487 1012 2573 ὑστάτους
1028 2493 1067 2562 δὲ
1082 2490 1187 2562 άπιέ-

158 2609 229 2658 ναι·
256 2590 376 2659 ἑκατόν
394 2591 432 2660 δὲ
445 2589 571 2681 ἄνδρας
589 2592 736 2676 λογάδας
751 2593 805 2659 ἐπὶ
819 2598 973 2682 στρατιῆς
987 2592 1186 2680 φυλάσσειν

159 2688 300 2771 αὐτούς·
325 2689 518 2780 προβάτοισι
536 2691 573 2761 δέ
591 2697 736 2781 χρᾶσθαι
760 2694 796 2760 έν
814 2699 893 2781 τῇσι
910 2696 1078 2783 έξοδίησι,
1099 2692 1181 2781 ὁκό-

158 2812 244 2862 σοισι
261 2788 306 2861 άν
325 2793 482 2878 ἐθέλωσι,
508 2798 578 2862 τῶν
603 2792 641 2861 δέ
658 2795 839 2879 θυομένων
856 2791 1019 2863 ἁπάντων
1036 2795 1078 2863 τά
1099 2796 1184 2885 δέρ-

105 2910 140 2961 57
157 2894 247 2983 ματά
259 2920 294 2963 τε
308 2893 417 2962 καὶτὰ
431 2899 523 2963 νῶτα
537 2892 719 2981 λαμβάνειν
733 2894 846 2980 σφέας.
865 2894 1047 2983 ταῦταμὲν
1062 2895 1105 2963 τά
1122 2899 1183 2985 έμ-

157 2997 307 3084 πολέμια,
325 2993 366 3063 τά
384 2993 422 3063 δέ
440 2992 524 3062 άλλα
537 2994 576 3064 τά
590 3000 743 3085 είρηναία
756 2992 838 3061 κατά
852 2993 932 3063 τάδε
946 3015 1005 3083 σφι
1024 2995 1181 3065 δέδοται·

155 3090 199 3183 ἢν
216 3105 344 3184 θυσίην
361 3123 408 3176 τις
426 3096 607 3184 δημοτελέα
620 3096 779 3182 ποιέηται,
798 3096 953 3184 πρώτους
973 3097 1027 3163 έπλ
1046 3095 1085 3165 τό
1105 3102 1182 3166 δεί-

156 3222 242 3267 πνον
260 3202 339 3281 ἵζειν
356 3195 435 3278 τοδς
453 3200 608 3285 βασιλέας
623 3197 680 3267 καλ
695 3193 761 3264 άπό
780 3194 908 3265 τούτων
922 3199 1061 3285 πρῶτον
1075 3195 1181 3287 άρχε-

157 3308 254 3386 σθαι,
287 3297 446 3385 διπλήσια
476 3300 638 3387 νέμοντας
667 3298 810 3389 ἑκατέρῳ
839 3295 879 3364 τά
906 3297 1015 3365 πάντα
1042 3292 1064 3384 ή
1091 3314 1182 3369 τοῖσι

156 3396 284 3466 άλλοισι
319 3398 511 3486 δαιτυμόσι·
553 3402 611 3469 καί
647 3402 874 3486 σπονδαρχίας
909 3395 996 3465 εἶναι
1031 3397 1179 3487 τούτων,

157 3497 214 3551 καὶ
232 3502 302 3551 τεῖν
325 3499 500 3568 τυθέντων
518 3501 558 3569 τὰ
576 3500 733 3587 δέρματα.
767 3500 946 3584 νεομηνίας
964 3497 1002 3565 δὲ
1021 3494 1089 3566 άνά
1109 3500 1176 3567 πά-
