2500 3925
363 209 450 266 ΗΒ.
482 209 529 267 VI.
566 206 666 262 CM).
695 211 830 268 67—70.
1058 209 1101 272 89

89 370 156 456 γάρ
174 391 206 436 τι
222 368 389 453 πρότερον
404 365 549 437 ἐλθόντα
565 368 620 434 καὶ
638 368 892 452 συνευνηθέντα
910 371 1033 438 δοῦναί
1042 396 1100 457 μοι

89 465 171 546 τοῦς
184 463 384 550 στεφάνους.
405 462 514 558 ὁρέων
530 464 570 532 δέ
584 489 625 550 με
639 467 896 552 κατομνυμένην
909 464 927 533 ὁ
940 462 1099 556 Ἀρίστων

91 571 197 652 ἔμαθε
223 561 267 644 ὥς
289 571 450 649 θελονείῃ
463 559 659 648 τὰπρῆγμα.
681 564 846 630 καὶτοῦτο
859 563 1099 651 μὲνοίστέφα-

91 691 145 734 υοι
162 662 337 750 ἐφάνησαν
351 662 462 740 έόντες
482 662 519 750 έκ
533 667 594 728 τοῦ
613 656 742 747 ἡρωίου
762 666 823 728 τοῦ
838 658 927 747 παρὰ
941 668 1016 750 τῇσι
1030 661 1100 731 θῦ-

90 783 168 852 ρῃσι
182 769 256 848 τῇσι
271 759 422 848 αὐλείῃσι
433 759 628 845 ἱδρυμένου,
643 755 681 826 τδ
692 760 849 827 καλέουσι
860 757 1098 849 Ἀστραβάκου,

88 863 238 930 τοῦτοδὲ
253 865 287 929 οί
295 860 432 946 μάντιες
446 856 507 927 τόν
521 853 626 924 αὐτόν
636 863 758 925 τοῦτον
770 855 866 946 ἥρωα
880 855 1039 946 ἀναίρεον
1051 856 1098 926 ελ-

88 989 155 1030 ναι.
180 959 268 1028 οὕτω
289 957 347 1046 δὴ,
372 951 495 1044 εἶπαί,
518 961 600 1042 ἔχεις
622 961 708 1040 πᾶν,
734 954 817 1025 ὅσον
836 983 867 1024 τι
888 957 944 1024 καί
959 957 1098 1043 βούλεαι

88 1061 272 1128 πυθέσθαι.
301 1053 323 1144 ἢ
337 1055 403 1145 γάρ
418 1057 454 1125 ἐκ
471 1061 533 1123 τοῦ
545 1051 656 1140 ἥρωος
668 1054 792 1123 τοῦτου
802 1056 960 1141 γέγονας,
975 1059 1035 1122 καί
1044 1079 1097 1122 τοι

88 1160 197 1248 πατήρ
215 1161 284 1228 ἐστι
297 1151 553 1243 Ἀστράβακοςὸ
570 1152 677 1240 ἥρως,
692 1150 713 1241 ἢ
727 1151 902 1241 Ἀρίστων·
923 1158 961 1222 ἐν
979 1152 1044 1241 γάρ
1060 1172 1097 1220 σε

87 1267 127 1350 τῇ
137 1264 234 1352 νυκτὶ
244 1259 348 1347 ταύτῃ
359 1256 565 1343 ἀναιρέομαι.
584 1253 625 1323 τὰ
637 1258 676 1322 δέ
685 1275 746 1323 σευ
756 1255 898 1344 μάλιστα
908 1253 1096 1324 κατάπτον-

87 1387 141 1428 ται
156 1365 190 1428 ολ
203 1355 333 1446 ἐχθροί,
349 1358 518 1446 λέγοντες,
534 1353 580 1436 εδς
595 1353 696 1434 αὐτός
710 1354 729 1424 ὁ
742 1353 918 1444 Ἀρίστων,
934 1355 990 1424 ότε
1004 1354 1097 1446 αὐτῷ

88 1455 132 1524 σῦ
147 1454 315 1544 ἠγγέλθης
330 1456 592 1541 γεγενημένος,
607 1458 743 1522 πολλῶν
757 1452 954 1523 ἀκουόντων
968 1451 1010 1521 οῦ
1027 1452 1095 1540 φή-

87 1558 158 1623 σειέ
173 1574 210 1622 σε
225 1555 354 1620 ἑωυτοῦ
369 1548 471 1635 εἶναι,
485 1547 546 1618 τόν
559 1548 684 1636 χρόνον
697 1547 774 1637 γάρ,
788 1548 868 1630 τοῦς
883 1553 962 1619 δέκα
977 1555 1095 1636 μῆνας,

87 1650 217 1720 οὐδέκω
228 1648 368 1737 ἐξήκειν,
384 1647 512 1736 ἀιδρείῃ
523 1646 766 1716 τῶντοιούτων
778 1649 903 1726 ἐκεῖνος
916 1653 1015 1714 τοῦτο
1030 1642 1094 1713 ἀπ-

86 1753 203 1837 έρριψε
213 1743 250 1814 τό
262 1752 349 1825 έπος.
366 1753 515 1816 τίκτουσι
527 1743 593 1832 γάρ
606 1760 764 1832 γυναῖκες
775 1750 830 1814 καλ
840 1746 1029 1833 ἐννεάμηνα
1039 1747 1094 1812 καλ

86 1845 275 1932 ἑπτάμηνα,
298 1846 354 1912 καὶ
374 1841 416 1913 οῦ
433 1851 538 1913 πᾶσαι
553 1847 634 1912 δέκα
653 1849 761 1931 μῆνας
775 1845 1000 1913 ἐκτελέσασαι·
1028 1838 1095 1926 έγώ

86 1949 123 2016 δὲ
144 1947 197 2031 σὲ,
221 1936 248 2011 ὦ
262 1956 339 2029 παλ,
360 1942 551 2033 ἑπτάμηνον
568 1949 692 2013 ἔτεκον.
724 1950 810 2033 έγνω
848 1939 886 2010 δὲ
908 1940 964 2009 καὶ
989 1934 1091 2018 αῦτδς

82 2043 241 2130 Ἀρίστων
255 2040 297 2111 οῦ
310 2040 393 2129 μετά
405 2041 533 2110 πολλόν
546 2042 688 2130 χρόνον,
706 2041 752 2121 ὡς
765 2038 931 2131 ἀγνοίῃτδ
946 2045 1024 2117 έπος
1038 2039 1093 2107 έκ-

84 2142 183 2232 βάλοι
197 2147 305 2209 τοῦτο.
335 2139 458 2227 λόγους
473 2141 510 2210 δέ
524 2140 647 2221 ἄλλους
661 2146 737 2229 περὶ
749 2144 899 2228 γενέσιος
913 2147 971 2227 τῆς
985 2157 1094 2207 σεωυ-

83 2247 144 2310 τοῦ
157 2236 202 2327 μη
219 2241 332 2307 δέκεο·
346 2235 388 2306 τά
402 2236 468 2327 γάρ
484 2236 694 2327 ἀληθέστατα
705 2238 815 2307 πάντα
826 2236 982 2325 ἀκήκοας.
1004 2240 1042 2306 ἐκ
1056 2236 1093 2305 δὲ

84 2338 286 2425 ὀνοφορβῶν
301 2334 392 2427 αὐτῷ
408 2364 445 2405 τε
458 2345 646 2428 Λευτυχίδῃ
661 2342 716 2409 καὶ
736 2354 823 2408 τοῖσι
838 2346 942 2407 ταῦτα
957 2343 1093 2425 λέγουσι

82 2444 225 2506 τίκτοιεν
239 2438 276 2502 αί
288 2447 445 2520 γυναῖκες
459 2441 587 2515 παῖδας.
625 2436 671 2505 ‘H
679 2440 742 2524 μὲν
763 2435 804 2524 δη
821 2445 926 2505 ταῦτα
940 2442 1049 2525 ἔλεγε,
1071 2433 1089 2506 ὁ
1108 2452 1143 2507 70

84 2536 121 2603 δὲ
132 2531 328 2620 πυθόμενός
338 2559 374 2601 τε
384 2531 589 2622 τάέβοῦλετο
600 2539 656 2603 καλ
663 2535 782 2603 έπόδια
791 2532 1092 2623 λαβδνέπορεῦετο

83 2636 117 2713 ές
131 2627 244 2718 Ἦλιν,
264 2637 311 2722 τῷ
331 2630 422 2723 λόγῳ
437 2630 520 2720 φάς,
543 2630 587 2712 ὡς
602 2636 637 2713 ές
648 2630 810 2720 Δελφοῦς
828 2631 1034 2721 χρησόμενος
1046 2641 1093 2727 τῷ

82 2737 270 2821 χρηστηρίῳ
284 2729 482 2815 πορεῦεταιῖ
495 2730 757 2819 Λακεδαιμόνιοι
773 2735 810 2800 δὲ
821 2729 1093 2820 ὑποτοπηθέντες

82 2830 289 2918 Δημάρητον
303 2832 440 2921 δρησμῷ
456 2832 650 2917 ἐπιχειρέειν
665 2832 816 2899 ἐδίωκον.
843 2837 904 2900 καί
918 2856 984 2909 κως
1000 2837 1091 2917 ἔφθη

81 2928 305 3007 ε’ςΖάκννθου
317 2927 435 3016 διαβάς
445 2925 673 3016 ὁΔημάρητος
684 2932 720 2997 ἐκ
730 2928 938 3016 τῆςἪλιδος.
960 2932 1092 2997 ἐπιδια-

81 3028 201 3115 βάντες
214 3028 250 3095 δδ
271 3031 305 3096 oc
316 3027 578 3115 Λακεδαιμόνιοι
598 3026 704 3097 αὐτοῦ
718 3055 753 3097 τε
773 3028 919 3097 ἅπτοντο
939 3025 1091 3106 καὶτοὺς

81 3124 294 3211 θεράποντας
309 3124 414 3195 αὐτόν
429 3124 656 3215 ἀπαιρέονται.
685 3126 767 3215 μετὰ
782 3129 835 3215 δὲ,
851 3125 893 3196 οὐ
906 3125 972 3214 γάρ
987 3130 1092 3207 ἐξεδί-

80 3228 187 3291 δοσαν
207 3219 312 3291 αὐτόν
334 3230 368 3293 οί
378 3225 585 3312 Ζακύνθιοι,
607 3228 769 3294 ἐνθεῦτεν
792 3231 957 3315 διαβαίνει
978 3226 1012 3303 ές
1027 3221 1091 3312 την

80 3318 188 3407 Ἀσίην
205 3317 296 3406 παρά
311 3327 450 3409 βασιλέα
465 3335 623 3411 Δαρεῖον.
647 3320 666 3392 δ
683 3322 720 3393 δὲ
736 3322 918 3405 ὑπεδέξατό
933 3350 970 3391 τε
985 3321 1090 3391 αῦτδν

78 3420 263 3505 μεγαλωστὶ
280 3423 335 3487 καλ
349 3426 415 3506 γῆν
428 3447 463 3488 τε
478 3423 534 3489 καὶ
550 3421 648 3500 πόλις
662 3425 773 3489 ἔδωκε.
798 3420 887 3489 οὕτω
902 3418 1038 3491 ἀπίκετο
1056 3424 1090 3498 ές
