2500 3925
361 206 447 264 ιιε.
480 208 636 271 [μιν.
669 215 753 269 45⁴-
769 219 811 274 το.
1058 216 1100 283 ιο

90 360 153 430 ότι
173 364 239 449 μέν
262 389 331 433 νυν
352 362 394 433 τό
410 365 512 437 λοιπά
535 374 604 435 τῶν
625 379 834 459 χρηστηρίων
856 375 1096 467 ἐθεσπισε,’
1054 404 1098 449 ου

88 466 219 552 λέγεται
233 461 320 554 πρός
335 463 512 555 οὐδαμῶν
529 471 567 537 ἐν
581 472 618 539 ἃ
602 470 835 560 ὲΔελφοίσι’
812 502 859 557 ως
876 479 1080 596 ἐσήλθον’
1038 505 1096 549 τα-

86 583 181 650 χιστα
195 561 289 643 ἐς
253 592 292 633 το
313 568 511 655 μέγαρονοί
530 572 636 639 Λυδοὶ
660 571 863 660 χρησόμενοι
883 582 940 667 τῷ
949 582 1020 669 θεῷ
1044 578 1097 646 καὶ

87 662 344 752 ἐπειρώτεον
308 692 346 734 το
363 666 654 755 ἐντεταλμένον,“
636 696 656 756 η
672 676 790 759 Πυθίη
804 674 843 742 ἐν
857 675 1021 766 ἐξαμέτρφ
1041 672 1101 743 τό·

87 790 137 856 νην
154 766 244 851 λέγει
261 764 357 833 τάδε·

128 860 255 931 Οἶόαό’
264 861 329 950 ἐγό
346 863 486 951 ψάμμου
502 862 528 932 τ’
545 864 695 953 ἀριθμόν
709 896 765 939 και
754 871 878 960 μέιρα
892 872 1075 963 θαλάσσης,

127 966 196 1031 Καὶ
212 970 334 1049 κωφοῦ
356 970 496 1051 συνίημι
510 968 565 1034 καὶ
581 963 623 1034 ού
640 974 836 1053 φωνεῦντος
849 966 974 1041 άιιούα.

122 1060 270 1153 Οδμη
239 1090 263 1150 μ
287 1067 321 1144 ἐς
336 1066 463 1154 φρένας
475 1058 562 1153 ήλθε
580 1073 808 1155 κραταιρίνοιο
823 1070 972 1157 χελύνης

120 1161 309 1249 Ἑφομένης
323 1166 361 1232 ἐν
370 1160 522 1254 χαλκῷ”
497 1160 551 1251 σμ’
568 1160 733 1251 ἀρνείοισι
749 1191 914 1259 κρεεσσιν,

122 1254 179 1330 Ηι
192 1259 315 1349 χαλκός
329 1260 427 1350 μὲν
409 1265 630 1351 υπέστροιται,
644 1262 771 1352 χαλκόν
785 1264 815 1334 δ’
831 1270 984 1341 ἐπίεσται.

88 1369 205 1431 Ταυτα
219 1388 238 1429 ο
240 1364 374 1431 ίΛυδοὶ
388 1363 596 1449 θεσπισάσης
611 1371 810 1453 τηςΠυθίης
820 1371 1095 1491 συγγραψάμενοι
1105 1393 1140 1449 ης

84 1474 220 1551 οἴχοντο
240 1460 398 1543 ἀπιόντες
415 1461 500 1543 ἐς
463 1490 523 1543 τας
530 1463 711 1552 ὶαρδις
689 1492 734 1545 ως
748 1466 786 1535 δὲ
799 1469 855 1536 καὶ
870 1459 971 1540 ὧλλοι
987 1477 1021 1541 σί
1034 1498 1095 1542 πε-

85 1564 338 1651 ριπεμφθέντες
361 1569 519 1651 παρῆσαν
540 1564 702 1651 φέροντες
727 1561 808 1645 τούς
829 1566 1016 1658 χρησμούς,
1038 1573 1096 1640 ἐν·

83 1670 201 1743 θαῦτα
219 1660 237 1731 ὁ
256 1664 446 1751 Κροῖσος
424 1683 547 1733 εκαστα
561 1659 605 1731 ἄν
628 1663 788 1732 πτύσσων
801 1664 915 1756 ἐπύρα
927 1675 996 1737 τῶν
1011 1689 1096 1756 συγ-

83 1764 306 1854 γραμμάτων.
336 1771 406 1832 τῶν
421 1765 484 1850 μὲν
501 1761 542 1851 δή
555 1760 668 1831 ούδὲν
684 1764 842 1854 προσίετό
855 1792 932 1853 μιν·
962 1763 980 1837 ὁ
998 1770 1035 1838 δὲ
1050 1766 1095 1849 ὡς

82 1863 120 1934 τό
138 1867 178 1933 ἐκ
184 1870 336 1951 Δελφῶν
347 1860 483 1953 ἤκουσε,
499 1860 619 1933 αὐτίκα
634 1863 837 1952 προσεύχετό
852 1890 888 1933 τε
902 1867 958 1933 καλ
971 1886 1095 1954 προσε·

84 1969 216 2054 δέξατο,
233 1971 375 2051 νομίσας
391 1971 523 2052 μοῦνον
541 1991 626 2036 ειναι
643 1965 808 2054 μαντήιον
821 1962 859 2034 τό
875 1968 1095 2055 ἐνΔελφοϊσι,

83 2068 136 2138 ὅτι
158 2072 196 2136 οί
208 2066 387 2154 ἐξευρήκεε
404 2064 446 2135 τόι
461 2065 563 2146 αύτός
579 2069 723 2153 ἐποίησε.
769 2067 877 2136 ἐπείτε
889 2063 955 2157 γάρ
970 2064 1011 2155 δή
1026 2070 1096 2137 διέ-

83 2180 197 2255 πεμψε
219 2163 312 2253 παρὰ
329 2163 370 2234 τά
392 2167 575 2255 χρηστήρια
592 2166 671 2250 τούς
692 2166 924 2254 θεοπρόπους,
945 2165 1096 2254 φυλάξας

84 2265 146 2355 τήν
157 2272 284 2352 κυρίην
294 2262 522 2353 τῶνὴμερέων
532 2265 762 2353 ἐμηχανήσατο
772 2264 902 2335 τοιάδε·
918 2263 1096 2354 ἐπινοήσας

82 2363 123 2435 τό(
138 2357 188 2452 ήν
203 2361 381 2452 ἀμήχανον
394 2366 544 2452 ἐξευρεῖν
557 2391 593 2433 τε
607 2367 661 2432 καὶ
673 2364 936 2452 ἐπιφράσασθαι,
946 2365 1098 2454 χελύνην

81 2466 139 2533 καὶ
157 2460 249 2551 άρνα
266 2463 459 2544 κατακόψας
476 2460 565 2550 ὁμοῦ
586 2458 651 2550 ήψε
673 2461 776 2543 αὐτὸς
791 2466 828 2532 ἐν
843 2468 955 2553 λέβητι
969 2468 1097 2557 χαλκέφ

81 2563 232 2650 χάλκεον
244 2563 392 2649 ἐπίθημα
409 2564 546 2642 ἐπιθείς.
595 2560 644 2630 Τὰ
660 2563 722 2648 μὲν
737 2560 777 2649 δή
795 2566 831 2632 ἐκ
844 2570 993 2650 Δελφῶν
1008 2560 1140 2642 ούτωςς

82 2667 130 2749 τῷ
146 2667 286 2752 Κροίσῳ
301 2661 470 2750 ἐχρήσθη·
492 2659 576 2730 κατὰ
600 2662 637 2728 δὲ
657 2658 720 2748 τήν
730 2658 920 2750 Ἀμφιάρεω
933 2668 995 2732 τοῦ
1009 2687 1097 2748 μαν-

82 2769 182 2851 τηίον
196 2758 381 2849 ὑπόκρισιν
394 2759 458 2830 ούκ
474 2767 537 2848 ἐχω
556 2757 655 2848 είπαι,
671 2759 728 2827 ότι
739 2773 824 2829 τοῖσι
831 2764 972 2828 Λυδοῖσι
980 2766 1097 2848 ἔχρησε

82 2863 247 2951 ποιήσασι
261 2864 338 2949 περὶ
354 2859 392 2931 τό
408 2859 486 2950 ίρόν
498 2859 539 2930 τό
555 2859 757 2948 νομιζόμενα
780 2856 840 2928 ὀύ
858 2856 925 2948 γάρ
946 2852 995 2929 όν
1016 2856 1096 2928 ούὸὲ

83 2969 185 3032 τοῦτο
197 2963 340 3048 λέγεται·
361 2960 443 3031 ἄλλο
464 2988 503 3048 γε
523 2959 613 3048 ήότι
642 2962 697 3029 καλ
718 2967 840 3029 τοῦτον
855 2961 989 3049 ἐνόμισε
1010 2986 1098 3048 μαν-

83 3063 183 3150 τήιον
198 3058 344 3144 ἀψευδὲς
353 3066 547 3144 κεκτῆσθαι.
561 3056 657 3128 Μετὰ
670 3059 706 3126 δὲ
720 3065 824 3127 ταῦτα
837 3067 978 3148 θυσίησι
993 3057 1099 3146 μεγό-
1110 3089 1141 3139 50

86 3175 164 3253 λησι
180 3160 242 3232 τόν
260 3166 298 3231 ἐν
315 3172 482 3249 Δελφοίσι
497 3159 584 3230 θεόν
598 3160 770 3230 ἱλάσκετο·
790 3159 915 3250 ’κτήνεά
929 3185 965 3229 τε
975 3157 1041 3249 γάρ
1055 3158 1095 3229 τὰ

85 3266 219 3352 θύσιμα
240 3265 351 3334 πάντα
373 3269 537 3352 τρισχίλια
559 3268 679 3348 ἐθνσε,
701 3267 817 3338 κλίνας
837 3287 872 3328 τε
896 3259 1096 3350 ἐπιχρύσους
1227 3301 1245 3330 ε

87 3365 146 3432 καὶ
160 3363 372 3452 ἐπαργύρους
389 3364 445 3430 καὶ
464 3361 587 3448 φιάλας
603 3363 746 3448 χρνσέας
763 3361 818 3428 καὶ
832 3362 948 3446 εἵματα
959 3360 1096 3449 πορφύῃ

89 3487 151 3547 ρεα
165 3466 218 3532 καὶ
234 3469 396 3550 κιθῶνας,
413 3463 518 3550 νήσας
529 3458 644 3550 πυρήν
659 3459 826 3547 μεγάλην,
850 3461 1019 3546 κατέκαιε,
1040 3460 1096 3526 ἐλ-
