2500 3925
173 246 215 312 τε
551 246 806 324 μεοοοοτι
860 292 867 302 .

173 408 424 499 ἀπεσχίσθησαν
438 408 474 479 δὲ
489 406 555 478 ἀπό
570 415 640 477 τόν
650 404 763 475 ἀλλων
774 402 898 474 Ἰύνιτυ
908 396 1003 473 οὗτοι
1014 399 1085 472 κατ’
1098 401 1182 473 ἀλλο

173 509 236 598 μέν
250 507 367 597 οὐδὲν,
389 507 553 587 ἀσθενέος
574 506 610 577 δέ
625 507 740 585 ἐόντος
756 510 818 573 τοῦ
832 501 958 586 παντός
971 504 1048 573 τότε
1062 502 1182 590 Ἑλλη-

173 616 271 679 νικοῦ
292 611 422 696 γένεος,
444 614 556 699 πολλῷ
579 607 615 676 δέ
639 600 684 694 ήν
704 603 953 675 ἀσθενέστατον
966 611 1034 673 τῶν
1049 606 1182 674 ἐθνέων

138 788 142 795 ,
172 706 370 779 τὸΊωυικόν
390 711 446 777 καὶ
464 708 570 795 λόγου
584 711 775 795 ἐλαχίστου·
804 704 857 775 ότι
878 704 945 793 γὰρ
969 704 1014 794 μή
1026 709 1181 793 Ἀθῆναι,
1238 769 1239 772 ,

172 800 217 897 ήν
241 807 343 879 ούδέν
370 807 451 879 ἀλλο
475 808 622 897 πόλισμα
649 806 799 893 λόγιμον.
848 810 883 875 οί
905 807 967 893 μέν
991 832 1058 873 νυν
1083 801 1183 874 ἄλλοι

164 908 277 988 Ἴωνες
293 911 348 977 καί
372 912 406 977 οί
420 906 593 995 Ἀθηναῖοι
615 913 746 995 ἔφυγον
765 903 803 976 τό
819 904 968 993 οὔνομα,
989 903 1032 974 ού
1055 902 1183 994 βουλό·
1239 903 1241 984 λ

174 1034 270 1095 μενοι
277 1007 390 1089 Ἴωνες
406 1015 608 1095 κεκλῆσθαι,
627 1003 710 1076 ἀλλά
727 1007 783 1073 καλ
797 1010 864 1073 νῦν
879 1010 1061 1091 φαίνονταί
1074 1028 1133 1090 μοι
1149 1003 1184 1068 οί

175 1110 291 1177 πολλοὶ
305 1104 419 1176 αὐτῶν
434 1106 696 1195 ἐπαισχύνεσθαι
711 1110 757 1196 τῷ
773 1100 953 1192 οὐνόματι·
985 1106 1023 1171 αί
1035 1103 1071 1170 δέ
1089 1099 1180 1168 δυό-

175 1211 255 1274 δεκα
276 1205 391 1285 πόλιες
412 1198 512 1275 αόται
531 1213 577 1299 τῷ
599 1232 635 1274 τε
655 1200 1018 1291 οόυόματιήγόλλοντο
1033 1204 1089 1271 καὶ
1103 1195 1182 1288 ίρόυ

174 1304 355 1390 ἱδρύσαντο
372 1308 424 1375 ἐπὶ
438 1308 552 1391 σφέων
569 1303 717 1392 αὐτέων,
738 1312 784 1396 τῷ
801 1300 932 1391 οὔνομα
947 1308 1067 1372 ἐθευτο
1082 1308 1181 1370 Παυ-

175 1402 310 1489 ιύνιον,
333 1404 576 1491 ἐβουλεύσαντο
599 1405 636 1473 δέ
658 1402 763 1473 αὐτοῦ
778 1408 982 1491 μεταδοῦναι
996 1406 1178 1491 μηδαμοῖσι
1241 1473 1242 1480 ρ

175 1500 305 1572 ἀλλοισι
323 1500 445 1573 ’λύκων
469 1499 559 1589 (οὐδ’
577 1504 766 1591 ἐδεήθησαν
786 1502 823 1572 δέ
837 1500 979 1591 οὐδαμοί
995 1515 1179 1589 μετασχεῖν,

112 1616 158 1670 144
174 1599 225 1669 ὅτι
250 1598 295 1687 μή
317 1607 540 1691 Σμυρναίοι),
567 1602 651 1671 κατά
676 1627 740 1688 περ
767 1608 802 1672 οί
822 1607 859 1672 ἐκ
880 1610 938 1693 τῆς
960 1600 1181 1679 πενταπόλιος

175 1706 240 1768 νῦν
255 1699 364 1789 κόρης
379 1704 546 1790 Δωριέες,
568 1703 735 1790 πρότερον
758 1703 794 1771 δὲ
814 1704 987 1785 ἑξαπόλιος
1009 1711 1066 1791 τῆς
1079 1698 1184 1789 αὐτῆς
1242 1691 1244 1758 ί

175 1799 298 1887 ταύτης
320 1802 540 1890 καλεομένης,
568 1803 800 1889 φυλάσσονται
822 1796 871 1872 όν
890 1803 1065 1892 μηδαμούς
1088 1805 1184 1873 5065-

176 1907 298 1985 ξασθαι
319 1909 387 1973 τόν
402 1911 593 1990 προσοίκων
607 1907 772 1995 Δωριέων
789 1908 822 1987 ές
835 1902 872 1976 τὸ
894 1902 1079 1995 Τριοπικὸν
1092 1901 1182 1994 ίρόν,
1242 1899 1243 1902 '

41 2003 49 2010 ”
176 2000 260 2072 ἀλλά
275 2004 331 2070 καὶ
346 2004 460 2089 σφέων
481 2001 595 2073 αὐτῶν
611 2004 691 2085 τούς
714 2009 790 2090 περὶ
805 2005 842 2075 τό
857 2004 933 2094 ίρόν
946 2003 1184 2095 ἀνομήσαντας

176 2101 368 2191 ἐξεκλήισαν
393 2110 450 2191 τῆς
475 2112 621 2193 μετοχῆς.
663 2108 701 2174 ἐν
723 2104 788 2193 γάρ
808 2112 855 2199 τῷ
878 2103 984 2193 ἀγῶνι
998 2112 1061 2198 τοῦ
1080 2111 1184 2191 Τριο-

175 2209 255 2272 πίου
267 2200 475 2285 ’Λπόλλωνος
495 2207 651 2274 ἐτίθεσαν
671 2202 708 2273 τό
723 2206 827 2274 πόλαι
842 2209 1002 2294 τρίποδας
1019 2204 1184 2292 χαλκέους

176 2317 261 2372 τοῖσι
274 2302 432 2389 υικέουσι,
450 2305 506 2372 καί
523 2304 665 2384 τούτους
684 2312 768 2392 χρῆν
789 2303 869 2384 τούς
888 2304 1125 2392 λαμβάνοντας
1144 2303 1183 2368 ἐκ

175 2409 236 2471 τοῦ
253 2406 330 2489 ίρού
351 2403 396 2491 μή
419 2405 590 2490 ἐκφέρειν,
613 2401 683 2473 ἀλλ’
701 2403 807 2472 αότοῦ
823 2403 1020 2474 ἀνατιθέναι
1033 2411 1080 2497 τῷ
1095 2409 1181 2494 θεῷ.

175 2497 262 2587 ἀνήρ
289 2492 338 2568 ύν
356 2499 634 2589 Ἀλικαρνησεύς,
663 2510 710 2596 τῷ
735 2501 865 2590 οόνομα
890 2497 935 2591 ήν
956 2501 1183 2590 Ἀγασικλέης,

176 2599 314 2688 νικήσας
328 2598 389 2668 τόν
404 2600 512 2688 νόμον
527 2601 745 2690 κατηλόγησε,
760 2605 875 2689 φέρων
889 2605 926 2672 δὲ
938 2601 1024 2689 πρός
1037 2599 1078 2670 τά
1093 2604 1183 2669 ἑωυ·

175 2705 236 2767 τοῦ
258 2703 345 2768 οἰκία
366 2699 682 2786 προσεπασσάλευσε
706 2699 766 2768 τόν
790 2705 939 2788 τρίποδα.
975 2698 1184 2785 διάταύτην

175 2795 237 2886 τήν
253 2803 361 2885 αίτίην
376 2803 413 2867 αί
424 2801 522 2866 πέντε
535 2797 667 2885 πόλιες,
690 2804 814 2878 Λίνδος
834 2802 890 2867 καί
906 2797 1053 2886 Ἰήλυσός
1073 2823 1110 2865 τε
1126 2799 1184 2864 καὶ

174 2897 342 2985 Κάμειρος
363 2899 417 2965 καί
432 2903 509 2976 Κῶς
529 2923 565 2964 τε
590 2899 645 2966 καὶ
655 2902 792 2986 Κνίδος,
800 2897 993 2985 ἐξεκλήισαν
1008 2905 1067 2985 τῆς
1081 2922 1184 2985 μετο*

174 3004 233 3084 χής
253 2991 315 3082 τήν
338 2998 436 3082 ἕκτην
456 2996 557 3065 πόλιν
572 2993 825 3084 Ἀλικαρνησόν.
864 2997 1012 3066 τούτοισι
1033 3000 1096 3083 μέν
1116 3022 1183 3063 νυν

110 3109 156 3164 145
174 3094 299 3181 ταύτην
318 3092 380 3180 τήν
402 3098 520 3183 ζημίην
539 3087 635 3162 ούτοι
655 3098 834 3181 ἐπέθηκαν.
880 3097 1048 3164 Δοκέουσι
1070 3099 1112 3162 δέ
1123 3121 1183 3180 μοι

174 3195 326 3264 δυόδεκα
362 3194 456 3276 πόλις
489 3195 695 3283 ποιήσασθαι
718 3201 752 3264 οί
766 3186 883 3274 Ἴωνες
903 3197 958 3263 καί
978 3191 1042 3262 οὐκ
1057 3184 1200 3279 §stabi-⁸

173 3313 229 3362 σαι
250 3301 397 3374 πλεῦνας
417 3297 614 3375 ἐσδέξασθαι
637 3298 737 3362 τοῦδε
752 3297 899 3380 εἵνεκεν,
924 3291 1046 3361 ότικαέ
1063 3290 1121 3360 ὅτε
1142 3295 1184 3360 ἐν

172 3392 421 3484 Πελοποννήσῳ
438 3403 567 3479 οίκεοα,
590 3392 743 3460 δυόδεκα
764 3385 807 3480 ήν
821 3389 934 3460 αὐτόν
950 3392 1071 3478 με’ρεα,
1093 3390 1182 3458 κατα

173 3518 234 3579 περ
271 3500 336 3561 νύν
364 3490 504 3581 Ἀχαιῶν
533 3500 600 3560 τῶν
630 3495 857 3570 ἐξελασάντων
872 3490 991 3570 Ἴωνας
1021 3489 1184 3560 δυόδεκά
