2500 3925
167 237 234 301 26⁴
565 239 820 299 HERODOTI

168 408 291 472 Νῦσαν
303 395 366 486 τὴν
378 396 458 486 ίρήν
475 399 681 468 κατοικέαται
702 399 757 467 καὶ
770 404 816 490 τῷ
830 396 990 489 Διονύσῳ
1007 396 1167 485 ἀνάγουσι

167 497 227 579 τάς
242 495 350 586 ὁρτάς.
378 489 474 566 οῦτοι
496 500 530 564 οί
541 502 706 577 Αἰθίοπες
726 499 782 567 καί
802 502 837 571 οί
851 497 1075 587 πλησιόχωροι
1091 501 1167 568 τοῦ·

167 618 254 669 τοισι
274 602 436 686 σπέρματι
455 597 517 684 μὲν
530 599 685 683 χρέονται
698 602 744 686 τῷ
765 593 856 687 αὐτῷ
871 603 917 687 τῷ
931 595 1167 665 καίοίΚαλαν·

167 694 360 783 τίαιἸνδολ,
384 690 953 782 οἰκήματαδέκεκτέαταικατάγαια.
978 685 1073 761 οῦτοι
1088 711 1167 760 συν-

167 795 354 884 αμφότεροι
368 791 425 863 διά
437 800 552 882 τρίτου
565 798 655 871 έτεος
669 789 821 881 ἀγίνεον,
836 790 1008 878 ἀγινέουσι
1020 792 1056 861 δέ
1067 787 1167 861 καὶτὸ

167 899 262 982 μέχρι
276 895 373 980 έμεῦ,
396 891 459 961 δόο
472 899 620 979 χοίνικας
631 887 767 976 ἀπόρου
780 896 922 978 χρυσίου
933 891 988 957 καὶ
1001 892 1169 977 διηκοσίας

169 993 344 1082 φάλαγγας
364 993 483 1078 έβένου
503 992 559 1059 καί
580 994 680 1057 πέντε
700 991 820 1067 παῖδας
833 993 1002 1067 Αἰθίοπας
1023 988 1080 1057 καλ
1100 988 1169 1055 έλί-
1223 1014 1224 1055 1

169 1115 296 1180 φαυτος
315 1086 457 1168 ὀδόντας
477 1089 645 1176 μεγάλους
665 1096 779 1157 είκοσι.
824 1085 947 1174 Κόλχοι
964 1084 995 1155 δ’
1014 1085 1168 1167 ἐτάξαντο

167 1191 201 1266 ές
211 1184 274 1273 τὴν
289 1184 420 1273 δωρεὴν
434 1190 490 1255 καὶ
500 1191 536 1255 οί
543 1187 719 1273 προσεχέες
729 1188 824 1273 μέχρι
834 1191 895 1255 τοῦ
905 1183 1100 1263 Καυκάσιος
1111 1181 1170 1251 οῦ-

168 1312 260 1376 ρεος·
280 1289 314 1366 ές
334 1294 433 1354 τοῦτο
453 1284 520 1374 γὰρ
534 1283 572 1354 τό
590 1278 694 1371 οὖρος
708 1280 775 1353 ὑπὸ
792 1285 942 1373 Πέρσησι
958 1281 1110 1373 ἀρχεται,
1131 1281 1169 1351 τά

169 1386 206 1455 δέ
219 1383 304 1473 πρὸς
318 1385 443 1472 βορέην
462 1382 589 1471 ἀνεμον
603 1389 665 1451 τοῦ
680 1382 875 1461 Καυκάσιος
890 1384 1050 1471 Περσέων
1070 1377 1171 1451 οῦδὲν

169 1492 217 1554 ἔτι
232 1489 416 1571 φροντίζει·
437 1475 532 1551 οὗτοι
553 1476 603 1551 όν
620 1486 730 1570 δοῦρα,
751 1477 792 1550 τά
810 1480 984 1568 ἐτάξαντο,
1007 1486 1054 1549 ἔτι
1069 1482 1126 1549 καὶ
1140 1481 1171 1556 ές

168 1584 226 1670 ἐμὲ
243 1580 298 1649 διά
309 1585 541 1670 πεντετηρίδος
551 1577 705 1667 ἀγίνεον,
720 1576 840 1649 ἑκατόν
849 1583 970 1659 παῖδας
983 1581 1039 1651 καὶ
1052 1576 1170 1649 ἑκατόν

168 1683 371 1769 παρθένους.
408 1678 557 1768 ’Λράβιοι
569 1682 607 1747 δὲ
618 1686 708 1766 χίλια
720 1679 867 1747 τάλαντα
879 1675 1015 1765 ἀγίνεον
1025 1685 1173 1767 λιβανω-

168 1789 230 1850 τοῦ
245 1778 310 1850 ἀνά
325 1786 395 1848 πᾶν
410 1784 491 1859 έτος.
514 1785 620 1847 ταῦτα
631 1777 695 1865 μέν
704 1770 799 1847 οῦτοι
813 1782 904 1866 δοῦρα
915 1778 1019 1865 πάρεξ
1030 1785 1091 1849 τοῦ
1107 1777 1174 1865 φό-

120 1901 155 1957 98
170 1906 234 1971 ρου
250 1882 382 1969 βασιλέι
394 1877 556 1966 ἐκόμιζον.
604 1875 674 1946 Τόν
690 1879 728 1945 δὲ
741 1875 870 1966 χρυσὸν
882 1885 1004 1947 τοῦτον
1013 1875 1076 1949 τόν
1089 1886 1173 1945 πολ-

169 1977 232 2050 λδν
249 1982 283 2048 οί
293 1975 405 2064 Ἰνδοί,
429 1975 488 2045 ἀπ’
505 1970 549 2046 οῦ
562 1975 600 2046 τδ
618 1985 733 2064 ψῆγμα
747 1983 793 2067 τῷ
805 1979 936 2065 βασιλέϊ
945 1975 982 2046 τό
995 1979 1174 2065 εἰρημένον

170 2081 357 2164 κομίζουσι,
385 2075 499 2169 τρόπῳ
522 2081 641 2169 τοιῷδε
664 2078 824 2146 κτέονται.
861 2083 930 2146 ἔστι
955 2085 1012 2164 τῆς
1032 2075 1175 2164 Ἰνδικῆς

169 2173 278 2264 χόρης
291 2172 328 2242 τὸ
343 2171 428 2262 πρδς
441 2173 540 2261 ἥλιον
553 2173 732 2264 ἀνίσχοντα
742 2176 894 2263 ψάμμος·
915 2182 984 2246 τῶν
997 2176 1063 2264 γάρ
1078 2174 1175 2264 ἡμεῖς

171 2279 284 2362 ίδμευ,
305 2281 374 2343 τῶν
393 2276 448 2343 καὶ
468 2276 544 2359 πέρι
563 2273 699 2364 ἀτρεκές
719 2301 751 2343 τι
773 2277 920 2363 λέγεται,
941 2298 1069 2362 πριτοι
1087 2271 1175 2361 πρὸς

167 2370 219 2460 ἠῶ
233 2374 289 2440 καί
305 2369 404 2458 ἡλίου
420 2370 586 2453 ἀνατολάς
608 2374 758 2444 οἰκέουσι
778 2371 974 2460 ἀνθρώπων
990 2380 1059 2442 τῶν
1081 2375 1121 2442 έν
1136 2380 1176 2461 τῇ

165 2471 258 2560 Ἀσίη
268 2468 381 2542 Ἰνδοί·
399 2471 515 2542 Ἰνδῶν
525 2471 592 2561 γάρ
607 2471 646 2543 τὸ
662 2471 747 2560 πρὸς
759 2470 822 2561 τὴν
837 2471 887 2559 ἠῶ
901 2475 1018 2561 έρημίη
1033 2474 1104 2542 ἐστὶ
1120 2469 1175 2542 διά
1222 2519 1223 2535 .

168 2567 232 2656 τὴν
253 2569 400 2657 ψάμμον.
432 2578 502 2641 έστι
517 2577 554 2642 δὲ
568 2570 676 2642 πολλοὶ
694 2579 797 2641 έθνεα
808 2569 923 2642 Ἰνδῶν
938 2573 994 2641 καί
1009 2569 1073 2640 οάκ
1088 2569 1158 2658 ὁμό
1222 2597 1223 2604 ³

170 2698 269 2758 φωνα
282 2678 395 2760 σφίσι,
415 2675 471 2743 καί
490 2679 525 2745 οί
542 2677 605 2762 μὲν
620 2671 734 2743 αὐτῶν
750 2673 895 2761 νομάδες
912 2674 991 2760 είσί,
1011 2677 1045 2742 οί
1065 2672 1103 2741 δὲ
1121 2667 1177 2756 οῦ,

170 2774 204 2839 οί
223 2769 260 2838 δὲ
277 2771 315 2837 έν
333 2784 420 2839 τοῖσι
440 2775 529 2841 ἕλεσι
551 2776 699 2842 οίκέονσι
719 2779 780 2840 τοῦ
799 2777 952 2858 ποταμοῦ
976 2773 1032 2838 καὶ
1071 2776 1177 2859 ίχθῠς

168 2868 332 2936 σιτέονται
351 2865 481 2958 ἀμοάς,
502 2870 582 2952 τοῦς
598 2876 750 2959 αίρέονσι
770 2875 807 2940 έκ
830 2878 957 2941 πλοίων
978 2879 1178 2958 καλαμίνων

168 2965 377 3055 ὁρμεόμενοι.
407 2969 561 3056 καλάμου
576 2974 612 3038 δὲ
624 2974 663 3040 ἓν
673 2971 760 3057 γόνυ
774 2979 894 3040 πλοῖον
909 2972 1051 3039 ἕκαστον
1061 2971 1168 3040 ποιέε

166 3093 229 3135 ται.
253 3058 348 3134 οὗτοι
359 3065 421 3152 μέν
436 3065 477 3155 δὴ
489 3075 558 3136 τῶν
568 3066 684 3137 Ἰνδῶν
698 3072 858 3158 φορέουσι
870 3072 1000 3157 ἐσθῆτα
1010 3076 1164 3157 φλοΐνην

159 3163 270 3232 Ιἐπεάν
284 3165 321 3230 ἐκ
334 3170 395 3231 τοῦ
407 3174 560 3253 ποταμοῦ
572 3174 683 3253 φλοῦν
698 3167 892 3255 ἀμήσονται
907 3170 963 3238 καλ
976 3168 1124 3257 κόψωσι,
1140 3166 1178 3236 τό

168 3265 331 3330 ένδεῦτεν
345 3272 480 3350 φορμοῦ
493 3266 622 3353 τρόπον
637 3273 899 3349 καταπλέξαντες
909 3266 954 3348 ὡς
963 3267 1111 3357 θώρηκα
1122 3271 1181 3338 έν-

120 3386 155 3442 ρρ
170 3360 321 3426 δυ’νουσι.
359 3357 472 3428 ’Ἄλλοι
488 3365 525 3431 δὲ
538 3373 607 3432 τῶν
617 3364 733 3435 Ἰνδῶν
747 3365 831 3452 πρδς
847 3363 897 3455 ἠῶ
915 3370 1081 3446 οίκέουτες
1094 3368 1182 3438 τοῦ-

168 3481 237 3525 των
258 3455 402 3541 νομάδες
420 3462 498 3547 είσλ,
520 3471 630 3546 κρεῶν
650 3469 779 3534 ἐδεσταὶ
800 3465 917 3553 ἀμῶν,
940 3469 1121 3536 καλέονται
1144 3469 1182 3536 δδ
