2500 3925
179 190 242 258 222
554 191 803 251 HERODOTI

179 348 316 438 λέτ,ύπό
329 348 1182 439 δέάναγκαίηςέχόμενοιέςθερμοπύλαςἀπικοίατο,
1235 392 1236 399 1

178 456 233 522 καί
249 449 393 521 άναίτιοι
408 449 475 521 εἷεν
496 458 558 520 τοῦ
572 450 743 537 τρύματος
762 456 823 517 τοῦ
839 451 1019 537 γεγονότος
1042 454 1182 539 βασιλέι·

178 550 261 633 άςτε
286 557 390 619 ταῦτα
407 554 559 638 λέγοντες
573 555 820 637 περιεγίνοντο·
844 546 933 635 εἶχον
945 547 1015 637 γὰρ
1033 555 1094 619 καί
1106 560 1183 621 Θεσ·
1209 612 1210 615 ,

177 647 302 729 σαλούς
315 656 384 718 τῶν
402 650 514 735 λόγων
528 651 659 717 τούτων
675 649 854 737 μάρτυρας.
891 644 943 715 Ού
957 650 1081 735 μέντοι
1100 650 1143 717 τό
1155 676 1182 735 γε

177 748 287 817 πάντα
306 745 508 836 εὐτύχησαν·
537 744 582 827 ὥς
601 744 668 836 γάρ
685 744 809 826 αύτούς
825 752 947 833 ἔλαβον
969 752 1004 815 οί
1017 748 1181 837 βάρβαροι

178 849 340 927 ἐλθόντας
346 897 357 933 ,
380 847 461 928 τούς
480 850 543 935 μέν
561 874 655 929 τινας
675 850 730 917 καί
752 845 950 915 ἀπέκτειναν
969 848 1181 934 προσιόντας,
1235 880 1236 885 ’

179 947 256 1029 τούς
270 951 307 1018 δὲ
317 955 463 1029 πλεῦνας
477 947 590 1019 αὐτῶν
604 948 823 1026 κελεύσαντος
833 946 961 1034 Ξέρξεω
974 952 1112 1029 ἔστιζον
1124 956 1182 1017 στί

175 1073 286 1136 γματα
295 1048 468 1136 βασιλήια,
479 1046 659 1137 ἀρξάμενοι
671 1043 737 1114 άπὸ
748 1051 810 1114 τού
819 1050 1008 1131 στρατηγοῦ
1021 1046 1181 1113 Λεοντιά·

178 1153 260 1233 δεω,
282 1152 344 1214 τοῦ
357 1144 418 1214 τόν
432 1150 535 1216 παδδα
547 1144 752 1233 Εὐρύμαχον
767 1141 878 1233 χρόνῳ
892 1143 1090 1229 μετέπειτεν
1109 1143 1180 1229 έφό-

177 1263 304 1314 υευσαν
317 1248 496 1324 Πλαταιέες
509 1242 781 1333 στρατηγήσαντα
798 1238 933 1330 ἀνδρῶν
948 1246 1117 1327 Θηβαίων
1138 1268 1174 1308 τε

177 1348 366 1432 τρακοσίων
382 1345 437 1410 καλ
451 1341 573 1428 σχόντα
586 1339 624 1410 τὸ
640 1340 725 1410 ἄστυ
738 1336 775 1409 τό
791 1341 995 1409 Πλαταιέων.

109 1457 160 1511 234
261 1445 305 1509 θί
317 1440 380 1527 μδν
392 1437 435 1527 δὴ
450 1443 526 1527 περὶ
539 1439 760 1526 Θερμοπύλας
772 1434 929 1523 Ἕλληνες
945 1434 1038 1503 οὕτω
1061 1433 1181 1523 ἠγωνί-

177 1561 297 1629 σαντο,
312 1543 434 1628 Ξέρξης
447 1541 485 1609 δὲ
498 1541 639 1617 καλέσας
649 1530 859 1625 Δημάρητον
865 1536 984 1624 είριότιι
995 1533 1181 1623 ἀρξάμενος

177 1643 332 1710 ένθένδε·
357 1639 555 1728 Δημάρητε,
576 1636 663 1725 ἀνὴρ
685 1635 730 1717 εἷς
743 1634 880 1723 άγαθός.
909 1642 1135 1725 τεκμαίρομαι
1152 1639 1180 1705 δλ

176 1744 216 1827 τῇ
229 1734 387 1827 ἀληθείη·
409 1733 472 1805 ὅσα
485 1734 550 1825 γάρ
562 1734 664 1823 εἶπας,
679 1734 811 1805 ἅπαντα
824 1733 929 1824 άπέβη
942 1734 1043 1804 οὕτω.
1070 1744 1142 1805 νῦν
1152 1740 1182 1805 δέ
1235 1804 1236 1813 ,

177 1863 234 1925 μοι
250 1838 338 1923 είπέ,
359 1834 456 1905 κόσοι
472 1839 560 1915 τινές
575 1840 637 1903 είσι
654 1839 687 1902 οί
701 1838 811 1904 λοιποί
825 1834 1110 1922 Λακεδαιμόνιοι,
1135 1838 1182 1903 καὶ

176 1934 307 2006 τούτων
321 1933 437 2006 ὁκόσοι
456 1942 602 2006 τοιοῦτοι
621 1932 662 2005 τά
682 1939 838 2023 πολέμια,
864 1943 929 2005 είτε
948 1938 1003 2004 καὶ
1025 1932 1182 2014 ἅπαντες,
1235 1969 1236 2006 ;

171 2033 208 2106 ‘0
223 2035 255 2106 δ’
273 2033 358 2106 είτιε·
382 2031 422 2105 ’.Ω
436 2043 590 2124 βασιλεύ,
612 2042 743 2123 πλῆθος
758 2035 820 2122 μὲν
834 2032 972 2102 πάντων
986 2040 1058 2101 τῶν
1074 2042 1183 2102 Λακε-
1235 2061 1236 2114 ᾗ

176 2142 360 2224 δαιμονίων
375 2134 502 2206 πολλὸν
515 2139 571 2205 καλ
587 2136 701 2216 πόλιες
714 2141 849 2205 πολλαί·
871 2131 914 2201 τὸ
930 2136 967 2201 δὲ
982 2134 1119 2213 ἐθέλεις
1134 2136 1184 2202 ε’κ-

175 2245 316 2323 μαθείν,
331 2235 480 2324 είδησεις.
505 2240 574 2303 ἔστι
588 2236 626 2302 έν
638 2240 679 2324 τῇ
690 2237 913 2319 Λακεδαίμονι
927 2232 1072 2320 Σπάρτη
1087 2234 1186 2310 πόλις

175 2334 311 2421 ἀνδρῶν
326 2331 578 2421 ὀκτακισχιλίων
588 2332 731 2420 μάλιστά
743 2358 796 2422 κη,
813 2333 867 2400 καὶ
878 2322 972 2400 οὗτοι
982 2329 1113 2412 πάντες
1125 2336 1185 2401 είσῖ
1235 2337 1236 2370 ¹

174 2438 284 2528 ’ὁμοῖοι
297 2451 383 2507 τοῖσι
394 2435 518 2506 ἐνθάδε
528 2439 801 2524 μαχεσαμένοισι·
822 2436 908 2518 οἵγε
922 2427 989 2519 μὴν
1001 2429 1101 2500 ἄλλοι
1113 2441 1185 2500 Λα·

174 2537 381 2626 κεδαιμόνιοι
400 2536 548 2606 τούτοισι
563 2538 626 2622 μέν
646 2531 709 2602 ούκ
727 2531 853 2620 ὁμοῖοι,
875 2529 999 2619 άγαθολ
1014 2535 1062 2599 δέ.
1099 2531 1184 2602 Εἶπε
1235 2567 1236 2614 3

173 2635 258 2722 πρὸς
272 2636 523 2721 ταῦταδέρξης·
545 2631 737 2720 Δημάρητε,
749 2634 811 2723 τέῳ
822 2630 935 2721 τρόπῳ
947 2629 1185 2718 ἀπονητότατα
1235 2633 1236 2644 ’

172 2741 241 2805 τῶν
252 2731 388 2822 ἀνδρῶν
397 2732 528 2801 ,τούτων
539 2731 819 2820 ἐπικρατήσομενς
834 2737 886 2799 λθι
903 2727 1025 2816 ἐξηγέο.
1057 2727 1103 2796 σύ
1117 2728 1183 2818 γάρ

173 2841 255 2921 ἔχεις
276 2831 388 2901 αὐτῶν
408 2829 468 2909 τάς
483 2831 653 2911 διεξόδους
666 2838 734 2899 τῶν
748 2829 990 2920 βουλευμάτων
1004 2823 1060 2896 οἷα
1082 2837 1184 2918 βασι-

104 2953 156 3006 235
170 2932 249 3013 λεδς
262 2931 451 3020 γενόμενος.
485 2928 522 2998 ‘0
537 2929 573 2998 δέ
588 2928 757 3019 ἀμείβετο·
781 2926 820 2997 Ὦ
838 2935 992 3017 βασιλεῦ,
1016 2933 1046 2996 εί
1059 2929 1126 3014 μεν
1144 2927 1181 3016 δὴ

173 3029 422 3118 συμβουλεύεαί
433 3054 489 3114 μοι
504 3029 706 3117 προθύμως,
729 3027 860 3097 δίκαιόν
874 3030 918 3114 μό
935 3032 992 3095 σοί
1002 3028 1072 3094 έστι
1090 3029 1181 3113 φρά-

107 3191 112 3196 .
173 3135 241 3211 ζειν
255 3124 291 3195 τδ
308 3124 453 3213 άριστου.
484 3132 515 3196 εί
525 3134 583 3214 τῆς
599 3133 759 3214 ναυτικῆς
775 3133 929 3214 στρατιῆς
950 3128 1026 3204 νέας
1041 3151 1180 3213 τριηκο-

173 3232 246 3303 σίας
260 3219 487 3304 άποστείλειας
501 3226 554 3293 έπλ
568 3222 630 3311 τὴν
644 3234 820 3295 Λακαιναν
834 3224 955 3313 χιόρην.
985 3229 1052 3292 έστι
1072 3223 1110 3292 δέ
1127 3222 1179 3294 ἐπ’

173 3319 258 3409 αὐτῇ
278 3326 379 3407 νῆσος
401 3323 607 3408 ἐπικειμένη,
629 3330 669 3411 τῇ
690 3321 820 3409 ούνομά
842 3325 910 3391 έστι
931 3321 1095 3410 Κύθηρα,
1119 3324 1179 3412 τὴν

173 3420 286 3486 Χίλων
300 3413 386 3502 άνήρ
401 3414 481 3504 παρ’
497 3415 579 3504 ἡμῖν
589 3419 783 3505 σοφώτατος
793 3419 973 3508 γενόμενος
985 3423 1104 3506 κέρδος
1119 3427 1164 3510 με’
