2500 3925
345 265 432 322 ΗΒ.
464 264 485 322 l.
519 264 619 324 cAP.
657 267 831 326 192-194.
1043 259 1102 324 103

90 420 128 490 δὲ
143 419 259 507 φύλλα
284 419 410 490 αύτόδι
432 428 501 489 τῶν
529 447 561 489 τε
585 427 707 506 πυράν
722 423 777 490 καί
801 428 870 490 των
893 423 1041 510 κριθέων
1064 419 1102 492 τὸ

92 522 217 601 πλάτος
240 530 370 608 γίνεται
393 524 561 609 τεσσέρων
592 519 757 602 εὐπετέως
780 521 964 592 δακτύλων.
1004 525 1041 592 ἐκ
1066 523 1102 592 δέ

93 623 236 710 κέγχρου
255 625 311 691 καί
325 623 481 710 σησάμου
501 620 586 692 ὅσον
597 650 631 690 τι
646 625 790 711 δένδρον
803 627 951 709 μέγαθος
964 632 1102 709 γίνεται,

93 722 347 810 ἐξεπιστάμενος
357 723 494 810 μνήμην
505 719 546 789 ού
557 722 757 811 ποιήσομαι,
773 715 813 790 εὖ
825 717 936 806 είδύς,
955 720 1006 791 ὅτι
1017 737 1103 792 τοῖσι

93 819 133 908 μή
149 818 366 908 ἀπιγμένοισι
384 823 419 899 ές
436 818 500 908 τήν
513 828 739 908 Βαβυλωνίην
758 819 872 908 χόρην
886 823 942 890 καί
954 819 995 890 τά
1010 828 1101 912 είρη-

91 925 174 1010 μένα
188 927 330 1008 καρπῶν
345 921 486 1007 ἐχόμενα
500 924 534 1000 ές
547 918 705 1008 ἀπιστίην
715 919 845 1009 πολλήν
858 919 1002 990 ἀπῖκται.
1024 925 1101 1008 χρέ-

91 1046 187 1088 ονται
201 1022 240 1087 δέ
254 1016 356 1087 οὐδέν
369 1021 486 1110 έλαίφ,
510 1015 585 1088 ἀλλά
600 1022 638 1089 ἐκ
652 1026 721 1088 τοῖν
735 1019 896 1106 σησάμων
916 1025 1099 1089 ποιεῦνται.

90 1121 152 1186 είσί
174 1119 215 1186 δέ
232 1137 295 1204 σφι
316 1124 468 1202 φοίνικες
490 1117 680 1204 πεφυκότες
701 1115 766 1186 ἀνά
781 1126 850 1186 πᾶν
863 1115 901 1188 τὸ
918 1123 1050 1204 πεδίον,
1068 1121 1103 1186 οί

90 1222 235 1294 πλεῦνες
251 1212 365 1284 αὐτῶν
379 1217 610 1304 καρποφόροι,
633 1219 752 1288 ἐκτῶν
767 1219 822 1286 καί
835 1225 922 1288 σιτία
937 1219 991 1286 καί
1006 1214 1101 1284 οἶνον

89 1317 142 1383 καὶ
156 1318 234 1401 μέλι
248 1321 439 1382 ποιεῦνται·
463 1314 544 1395 τούς
559 1320 709 1385 συκεέων
723 1315 849 1404 τρόπον
869 1314 1100 1404 θεραπεύουσι

88 1411 128 1480 τά
142 1439 180 1481 τε
193 1410 297 1500 ἀλλα,
320 1415 376 1482 καί
389 1421 571 1502 φοινίκων,
591 1413 672 1494 τούς
687 1412 986 1502 έρσεναςἝλληνες
1000 1413 1100 1480 καλέ-

89 1533 183 1599 ουσι,
208 1511 342 1580 τούτων
360 1511 421 1580 τόν
442 1512 575 1599 καρπὸν
593 1517 787 1602 περιδέουσι
807 1521 881 1603 τῇσι
902 1510 1100 1602 βαλανηφό-

89 1633 178 1701 ροισι
203 1619 274 1680 των
300 1620 482 1698 φοινίκων,
508 1617 567 1682 ἵνα
591 1624 737 1705 πεπαίνη
761 1619 798 1683 τέ
821 1637 882 1704 σφι
902 1610 921 1682 ὁ
942 1611 1011 1701 μήν
1037 1609 1100 1699 τήν

89 1715 243 1793 βάλανον
253 1713 407 1782 ἐσδύνων
420 1718 476 1783 καί
490 1714 536 1801 μή
551 1713 702 1804 ἀπορρέῃ
728 1715 747 1786 ὁ
777 1715 904 1806 καρπός
933 1719 994 1782 τού
1021 1720 1100 1799 φοί-

88 1837 199 1891 νικος·
224 1818 335 1898 φήνας
348 1808 415 1900 γάρ
430 1810 472 1900 δή
490 1819 653 1901 φορέουσι
667 1818 705 1883 έν
718 1821 764 1906 τῷ
779 1822 895 1905 καρπῷ
911 1819 944 1884 οί
957 1819 1099 1899 έρσενες,

89 1909 240 1997 κατάπερ
270 1913 306 1978 οί
328 1906 478 1980 ὄλυνθοι.
537 1909 582 1981 To*
615 1909 654 1979 δέ
683 1907 842 1980 ἁπάντων
870 1913 973 1997 θύμα
1007 1912 1101 1998 μέγι-
1115 1929 1160 1989 ιρι

88 2014 170 2082 στόν
183 2020 246 2099 μοί
256 2014 326 2081 ἐστι
341 2019 409 2081 τόν
423 2014 530 2103 ταύτῃ
543 2015 626 2101 μετά
647 2041 686 2101 γε
704 2011 811 2101 αύτήν
824 2011 887 2102 τήν
900 2012 1017 2097 πόλιν,
1044 2015 1101 2096 έρ-

88 2137 188 2198 χομαι
209 2109 364 2197 φράσων.
394 2108 436 2178 τά
452 2120 553 2181 πλοῖα
573 2110 708 2180 αύτοῐσί
721 2115 790 2181 ἐστι
803 2110 843 2179 τά
859 2108 942 2179 κατὰ
956 2108 1017 2179 τόν
1037 2132 1093 2177 πο-

88 2208 195 2297 ταμόν
215 2208 431 2297 πορευόμενα
451 2214 485 2289 ές
497 2208 562 2298 τήν
574 2215 765 2297 Βαβυλῶνα
785 2210 884 2279 έόντα
899 2212 1101 2297 κυκλοτερέα

88 2310 198 2377 πάντα
222 2306 381 2375 σκύτινα·
410 2304 515 2376 έπεάν
539 2305 606 2396 γάρ
629 2310 666 2377 έν
687 2322 773 2377 τοῖσι
794 2304 995 2394 Ἀρμενίοισι
1014 2322 1100 2375 τοῖσι

87 2406 283 2494 κατύπερθε
298 2403 484 2493 Ἀσσυρίων
510 2408 718 2492 οίκημένοισι
738 2407 861 2492 νομέας
885 2408 972 2491 ἰτέης
994 2402 1099 2490 ταμό-

87 2532 184 2594 μενοι
197 2503 421 2592 ποιήσωνται,
442 2513 670 2593 περιτείνουσι
684 2506 832 2573 τούτοισι
844 2508 1008 2593 διφθέρας
1023 2528 1099 2573 στε-

85 2608 265 2692 γαστρίδας
281 2606 407 2683 ἔξωθεν
422 2604 564 2690 ἐδάφεος
579 2604 724 2692 τρόπον,
747 2602 825 2672 οὔτε
838 2604 998 2692 πρύμνην
1012 2601 1098 2673 ἀπο-

86 2713 260 2794 κρίνοντες
272 2703 349 2773 ούτε
360 2702 500 2796 πρῴρην
511 2705 726 2793 συνάγοντες,
742 2702 810 2774 ἀλλ’
824 2702 962 2785 ἀσπίδος
972 2704 1098 2793 τρόπον

87 2807 290 2889 κυκλοτερέα
311 2807 512 2895 ποιήσαντες
524 2807 581 2875 καί
600 2806 751 2893 καλάμης
765 2807 950 2894 πλήσαντες
971 2816 1040 2875 πᾶν
1059 2804 1097 2875 τύ

85 2917 206 2977 πλοίου
228 2913 327 2973 τοῦτο
343 2903 468 2975 ἀπιεῖσι
482 2904 567 2974 κατά
580 2904 643 2973 τόν
657 2903 809 2992 ποταμὸν
821 2910 996 2995 φέρεσθαι,
1011 2932 1098 2993 φορ-

84 3015 167 3077 τίων
186 3005 374 3093 πλήσαντες
382 3030 395 3054 ·-
414 3004 557 3091 μάλιστα
579 3003 617 3071 δὲ
638 3011 756 3091 βίκους
776 3006 970 3093 φοινικηίου
995 3003 1098 3071 κατά-

85 3129 185 3196 γουσι
200 3116 299 3174 οίνου
310 3106 442 3178 πλέους.
469 3104 626 3173 ίθύνεται
642 3104 678 3172 δὲ
693 3101 762 3173 ύπό
779 3130 815 3172 τε
837 3103 899 3173 δύο
919 3101 1097 3191 πλήκτρων

84 3209 139 3276 καί
160 3205 224 3273 δύο
240 3203 377 3292 ἀνδρῶν
399 3200 517 3290 ὀρθῶν
531 3202 718 3289 έστεείτων,
743 3206 799 3271 καί
813 3200 831 3269 ὁ
845 3204 908 3289 μέν
923 3208 988 3271 ἔσω
1008 3204 1097 3271 ἕλκει

84 3305 120 3375 τό
132 3312 322 3393 πλήκτρου,
337 3300 356 3371 ὁ
373 3302 409 3371 δὲ
421 3306 485 3383 ἔξω
499 3300 608 3370 ύθέει.
638 3304 784 3371 ποιέεται
799 3302 836 3369 δὲ
849 3302 905 3371 καί
918 3299 1023 3386 κάρτα
1037 3326 1097 3387 με·

83 3406 170 3494 μάλα
188 3411 296 3473 ταῦτα
313 3399 354 3470 τά
376 3410 476 3469 πλοία
490 3403 545 3469 καί
559 3400 708 3468 ἐλάσσω·
734 3396 775 3467 τά
787 3400 824 3467 δὲ
835 3401 970 3485 μέγιστα
986 3394 1098 3466 αὐτῶν

83 3509 137 3575 καλ
154 3506 435 3587 πεντακισχιλίων
447 3500 623 3569 ταλάντων
638 3500 746 3587 νόμον
760 3504 835 3585 ἔχει.
863 3501 900 3566 ἐν
918 3497 1043 3590 έκάστφ
1060 3495 1096 3567 δδ
