2500 3925
173 266 259 349 τοο,
560 269 813 328 ιιειιοοοτι

168 426 403 515 Ἐλεφαντίνης
424 427 558 513 πόλιος,
585 428 760 496 καὶτοῦτο
786 427 940 513 ἐκόμιζον
959 428 1024 515 μὲν
1037 424 1093 497 ἐπ’
1111 432 1180 497 ἐτεα

172 532 264 611 τρία,
281 530 434 611 δισχίλιοι
444 529 485 593 δέ
495 530 529 593 oc
540 525 802 612 προσετετάχατο
817 524 939 607 ἀνδρες
955 524 1116 613 ἀγωγέες,
1131 527 1180 591 καί

175 619 270 696 οὗτοι
284 625 428 706 ἅπαντες
442 619 529 713 ἦσαν
552 633 765 714 κυβερνῆται.
793 632 851 712 τῆς
873 626 911 694 δέ
926 629 1044 711 στέγης
1062 623 1180 709 ταύτης

174 724 213 794 τδ
228 726 290 811 μὲν
303 731 408 812 μῆκος
418 727 546 805 ἔξωθέν
556 726 625 791 ἐστι
640 720 686 803 εἷς
699 750 736 793 τε
749 726 805 793 καὶ
818 733 925 793 εἴκοσι
938 722 1071 811 πήχεες,
1087 714 1180 805 εὖρος
1222 746 1223 751 ’

175 826 213 893 δὲ
235 826 546 910 τεσσερεσκαίδεκα,
567 819 655 902 ὕφος
675 822 712 890 δέ
731 820 829 891 ὀκτά.
853 828 959 890 ταῦτα
978 822 1042 906 μὲν
1064 815 1107 887 τά
1128 818 1180 903 με’-

175 949 237 1008 τρα
252 928 379 1002 ἔξωθεν
392 928 450 1009 τῆς
463 926 579 1009 στέγης
591 929 650 1009 τῆς
663 929 874 1008 μουνολίθου
889 924 974 1007 ἐστὶ,
997 917 1086 1005 ἀτάρ
1103 924 1180 987 ἐσοι-

175 1033 242 1092 θεν
260 1020 297 1090 τό
318 1028 423 1108 μῆκος
442 1019 665 1092 ὀκτωκαίδεκα
685 1028 819 1111 πηχέιον
835 1027 890 1093 καί
904 1022 1076 1110 πυγόνος,
1097 1018 1135 1091 τό
1150 1018 1180 1085 δὲ

177 1115 277 1208 εὖρος
290 1119 444 1190 δυόδεκα
461 1126 610 1210 πηχέων,
631 1120 669 1190 ιδ
687 1122 724 1192 δὲ
740 1122 828 1204 ὕψος
840 1127 941 1191 πέντε
954 1124 1093 1208 πηχέων
1109 1121 1178 1186 ἐστί.

177 1216 263 1304 αὕτη
277 1228 338 1287 τοῦ
351 1224 428 1308 ίροῦ
442 1224 549 1290 κέεται
565 1218 656 1305 καρά
671 1218 734 1307 τὴν
747 1226 876 1291 ἔσοδον.
905 1227 971 1288 ἐσο
986 1219 1055 1304 γάρ
1078 1241 1139 1303 μιν
1152 1216 1180 1291 ἐς

176 1315 215 1383 τδ
231 1318 307 1403 ίρόν
329 1338 411 1406 φασι
434 1315 535 1387 τοῖνδ’
562 1322 692 1389 εἵνεκεν
706 1316 770 1387 οάιι
789 1317 983 1402 ἐσελκύσαι,
1009 1314 1074 1383 τὸν
1092 1311 1179 1399 ἀρχι-

177 1418 315 1483 τέκτονα
335 1415 437 1505 αὐτῆς
464 1421 642 1504 ἑλκομένης
667 1424 725 1505 τῆς
746 1422 863 1505 στέγης
884 1413 1111 1493 ἀναστενάξαι
1133 1406 1179 1478 οἷά
1221 1476 1223 1495 ,

176 1541 213 1582 τε
229 1515 354 1604 χρόνον
368 1518 583 1604 ἐγγεγονότος
596 1525 725 1587 πολλοῦ
740 1521 794 1587 καὶ
809 1516 1004 1604 ἀχθόμενον
1019 1520 1069 1606 τῷ
1088 1520 1178 1603 ἔργῳ,
1221 1600 1222 1603 ¹

177 1611 239 1681 τόν
265 1610 304 1680 δέ
329 1612 473 1700 Ἀμασιν
493 1613 666 1699 ἐνθύμιον
685 1613 911 1699 ποιησάμενον
946 1608 1012 1681 οὐκ
1052 1616 1115 1681 ἐᾶν
1138 1617 1180 1679 ἐτι

177 1713 377 1796 προσωτέρω
392 1710 536 1779 ἑλκύσαι.
562 1707 628 1797 ἤδη
645 1713 685 1781 δέ
703 1736 793 1789 τινες
806 1716 959 1798 λέγουσι,
983 1708 1029 1791 ὡς
1045 1710 1179 1796 ἀνθρω-

177 1829 239 1884 κος
258 1806 428 1896 διεφθάρη
444 1805 504 1876 ἀπ’
526 1804 630 1895 αύτῆς
648 1814 717 1877 τάν
736 1835 785 1887 τις
801 1806 910 1895 αὐτὴν
933 1808 1178 1895 μοχλευόντων,

119 1928 167 1990 ηρ
177 1906 232 1973 καὶ
246 1903 311 1975 ἀπό
326 1907 450 1978 τούτου
464 1904 527 1976 οόκ
541 1910 795 1995 ἐσελκυσθῆναι.
837 1905 999 1994 Ἀνέθηκε
1015 1906 1053 1976 δὲ
1076 1907 1132 1976 καὶ
1148 1905 1180 1972 ἐν
1222 1912 1223 1915 ’

176 2014 261 2070 τοῖσι
272 2000 401 2072 ἀλλοισι
412 2008 513 2089 ίροϊσι
523 2002 686 2091 δ”Λμασις
696 2013 778 2073 πᾶσι
788 2019 873 2074 τοῖσι
885 2008 1093 2094 ἐλλογίμοισι
1105 2010 1179 2091 ἔργα
1218 2049 1222 2089 3

176 2094 214 2163 τό
231 2099 379 2184 μέγαθος
391 2097 592 2188 ἀξιοθήητα,
614 2105 653 2171 ἐν
667 2103 703 2170 δὲ
719 2105 773 2171 καί
789 2105 827 2171 ἐν
841 2107 962 2191 Μέμφι
982 2102 1046 2173 τόν
1063 2101 1180 2173 ύπτιον

176 2201 332 2282 κείμενον
344 2199 509 2267 κολοσσόν
523 2208 583 2269 τοῦ
597 2200 815 2289 Ἡφαιστείου
831 2209 1020 2292 ἔμπροσθε,
1043 2211 1108 2274 τοῦ
1122 2203 1180 2271 πό·
1218 2188 1221 2207 ‘¹

178 2299 233 2374 δες
242 2297 340 2364 πέντε
351 2298 406 2365 καί
419 2298 646 2387 ἑβδομήκοντά
658 2308 720 2370 είσι
733 2300 769 2370 τό
784 2310 897 2391 μῆκος.
920 2306 973 2374 ἐπὶ
984 2307 1022 2374 δέ
1034 2312 1081 2396 τῷ
1093 2303 1179 2392 αύτῷ

175 2391 297 2483 βάθρῳ
315 2396 427 2463 ἑστᾶσι
444 2402 652 2467 Αἰθιοπικοῦ
674 2401 784 2480 ἐόντες
801 2409 906 2470 λίθου
926 2402 991 2470 δύο
1014 2403 1179 2486 κολοσσοί,
1218 2465 1219 2486 ,

174 2499 279 2557 εἴκοσι
300 2494 414 2559 ποδῶν
433 2495 470 2562 τδ
493 2497 643 2581 μέγαθος
663 2495 729 2565 ἐάν
750 2498 921 2586 ἑκάτερος,
944 2495 963 2568 6
980 2501 1046 2586 μὲν
1067 2505 1177 2585 ἐνθεν,
1218 2493 1219 2498 “

174 2585 192 2656 6
208 2585 240 2654 δ’
256 2593 359 2656 ἐνθεν
375 2597 437 2658 τοῦ
451 2593 609 2681 μεγάρου.
639 2599 707 2664 ἐστι
724 2597 760 2664 δέ
774 2603 907 2675 λίθινος
929 2599 1044 2682 ἕτερος
1059 2606 1179 2668 τοσοῦ·
1217 2577 1218 2666 6

172 2709 228 2763 τος
242 2685 297 2751 καὶ
311 2687 348 2753 ἐν
362 2685 446 2774 Σάι,
467 2695 618 2775 κείμενος
635 2689 719 2760 κατά
732 2690 794 2761 τόν
811 2691 917 2762 αύτδν
936 2695 1069 2778 τρόπον
1083 2703 1128 2788 τῷ
1146 2699 1180 2764 ἐν
1216 2727 1217 2810 ρ

173 2787 303 2872 Μέμφι.
321 2785 428 2873 τῇἼσι
443 2788 477 2856 τε
491 2786 529 2856 τό
545 2792 583 2856 ἐν
598 2794 719 2876 Μέμφι
731 2790 808 2881 ίρδν
820 2792 960 2881 ’Ἀμασίς
974 2797 1046 2864 ἐστι
1062 2794 1081 2865 6
1098 2799 1179 2878 ἐξοι-

173 2882 376 2970 κοδομήσας,
396 2882 455 2952 ἐόν
472 2888 555 2970 μέγα
569 2911 605 2954 τε
619 2891 675 2956 καὶ
691 2887 989 2980 ἀξιοθηητότατον.

114 3008 162 3064 1⁷⁷
253 2979 316 3048 Ἰθιί
332 2979 486 3067 ’Λμάσιος
496 2985 533 3050 δὲ
546 2985 699 3070 βασιλέος
711 2993 841 3074 λέγεται
851 3001 1026 3077 Αἴγυπτος
1040 2992 1180 3079 μάλιστα
1214 3015 1215 3018 ’

174 3076 214 3166 δὴ
233 3079 307 3149 τότε
321 3077 561 3166 εὐδαιμονῆσαι
574 3083 630 3149 καὶ
645 3081 686 3151 τά
707 3083 773 3155 ἀττό
791 3095 853 3156 τοῦ
866 3096 1023 3173 ποταμοῦ
1037 3097 1080 3180 τῇ
1094 3090 1179 3178 χάρη

172 3176 335 3262 ytvo'pwa
355 3180 411 3247 καί
423 3174 465 3244 τὰ
481 3175 548 3244 ἀπὸ
563 3185 621 3264 τῆς
635 3182 744 3268 χώρης
757 3199 843 3254 τοῖσι
864 3184 1104 3275 ἀνθρώποισι,
1129 3187 1179 3255 καὶ

172 3273 269 3350 πόλις
282 3275 321 3340 έν
334 3273 418 3364 αὐτῇ
431 3277 591 3361 γενέσθαι
609 3276 668 3357 τὰς
682 3278 813 3364 ἁπάσας
828 3284 904 3353 τότε
926 3290 1111 3375 δισμυρίας
1127 3283 1180 3364 τάς

174 3375 373 3457 οίκεομένας.
402 3373 510 3459 νόμον
529 3375 566 3440 δέ
579 3383 793 3462 Αἰγυπτίοισι
806 3385 907 3454 τόνδε
917 3383 1064 3471 ’Ἀμασίς
1078 3389 1150 3456 ἐστι
1164 3381 1179 3452 6

172 3467 393 3557 καταστήσας,
414 3468 655 3546 ἀποδεικνύναι
676 3484 765 3561 ἐτεος
790 3483 934 3552 ἑκάστου
955 3489 1003 3574 τῷ
1028 3487 1181 3574 νομάρχη
