2500 3925
377 287 461 341 ειν.
493 287 525 342 υ.
558 288 656 343 cm,
689 293 828 348 ειν-οι.
1043 281 1104 348 14⁷

117 436 170 507 ιύτ
180 447 368 528 Αίγυττιοι.
410 445 460 523 Ἐς
474 443 563 512 Σάιν
583 443 621 511 δέ
636 442 737 512 πόλιν
757 442 859 512 ἐπεάν
879 449 1104 533 συλλεχθέωσι
1118 458 1153 516 ⁶2

115 544 167 624 τῆς
184 545 313 627 θυσίης
336 543 374 608 έν
397 545 438 630 τῇ
461 540 559 608 νυκτὶ
582 539 689 627 λύχνα
717 547 850 610 καίουσι
862 543 984 624 πάντες
997 540 1104 614 πολλὰ

112 633 269 720 ὑπαίθρια
281 639 359 725 κερλ
371 634 413 704 τά
427 636 562 724 θύματα
583 636 705 727 κύκλῳ.
733 634 774 705 τά
789 638 826 706 δέ
845 638 950 725 λύχνα
964 641 1031 708 έστλ
1046 641 1105 725 έμ-

109 733 209 820 θάφια
222 740 349 821 ἔμπλεα
363 733 444 816 ἁλὰς
457 742 512 805 καλ
524 740 655 822 ἐλαίου,
671 739 829 824 ἐπιπολῆς
843 742 881 806 δὲ
896 743 1007 806 έιιεστι
1021 735 1103 806 αὐτὸ

109 829 142 898 τὰ
156 830 347 919 ἐλλύχνιον,
362 836 529 902 καὶτοῦτο
542 840 669 902 καίεται
682 832 885 922 παννύχιον,
901 838 956 904 καλ
969 842 1010 925 τῇ
1024 832 1105 925 ὁρτῇ

108 929 231 1016 ούνομα
252 931 360 998 κέεται
381 937 572 1017 λυχνοκαΐη.
596 938 633 998 οἳ
652 927 684 998 θ’
702 927 746 998 ἂν
759 929 803 1019 μή
820 938 944 1002 ἔλθωσι
961 941 1029 1002 τῶν
1043 939 1106 1002 Αί-

106 1033 252 1114 γνπτίων
272 1030 307 1108 ές
329 1027 391 1116 τὴν
411 1026 604 1116 πανήγυριν
625 1027 767 1116 ταύτην,
789 1030 1019 1115 φυλάσσοντες
1044 1029 1106 1120 τήν

105 1125 205 1194 νύκτα
219 1132 281 1213 τῆς
298 1134 422 1213 θυσίης
436 1132 570 1195 καίουσι
593 1129 650 1194 καλ
669 1124 768 1196 ἀύτολ
789 1129 913 1210 πάντες
932 1127 972 1200 τά
987 1129 1104 1218 λύχνα,

104 1226 154 1291 καλ
166 1222 260 1292 οὕτω
279 1221 343 1291 ούκ
359 1227 396 1292 έν
409 1223 480 1294 Σάι
491 1224 603 1312 μούνη
622 1231 766 1310 καίεται,
788 1223 872 1295 άλλά
888 1231 944 1296 καλ
956 1224 1022 1296 άνά
1038 1233 1105 1296 πά-

103 1341 163 1388 σαν
175 1330 364 1408 Λίγυττου.
393 1320 473 1390 ὅτευ
487 1322 523 1390 δέ
537 1324 667 1390 εἵνεκεν
681 1329 753 1407 φάς
773 1329 866 1410 έλαχο
888 1328 943 1394 καλ
962 1323 1062 1414 τιμὴν
1082 1321 1102 1414 ἡ

103 1419 158 1501 νύξ
179 1419 287 1508 κύτη,
310 1427 378 1489 έστι
403 1418 477 1509 έρός
495 1423 572 1508 περὶ
586 1418 692 1488 αύτού
715 1420 813 1507 λόγος
833 1421 1020 1512 λεγόμενος.
1053 1421 1104 1504 Ἐς
1117 1447 1152 1503 63

102 1519 134 1586 δέ
142 1516 264 1588 Ἡλίου
273 1517 375 1587 πάλιν
388 1521 445 1587 καλ
454 1525 609 1588 Βουτοῦν
621 1525 744 1598 θυσίας
758 1517 887 1606 μούνας
900 1525 1103 1590 ἐπιτελέουσι

102 1621 299 1704 φοιτέοντες.
323 1621 360 1686 έν
371 1620 408 1687 σέ
418 1617 579 1705 Παπρήμι
591 1623 715 1696 θυσίας
727 1618 790 1704 μέν
803 1621 858 1688 καλ
872 1616 929 1708 ίρά
954 1622 1103 1706 κατάπερ

20 1741 21 1752 ’
101 1718 151 1785 καλ
169 1723 211 1805 τῇ
233 1713 321 1805 άλλη
339 1723 490 1785 ποιεῦσι·
512 1708 584 1784 εὖτ’
606 1710 651 1781 άν
666 1716 703 1782 θλ
722 1721 853 1802 γίνηται
875 1713 1064 1805 καταφερὴς
1083 1711 1101 1784 ὁ

101 1811 204 1899 ἥλιος,
226 1811 337 1900 ὀλίγον
350 1815 414 1900 μέν
433 1839 521 1892 τινες
537 1819 605 1880 τῶν
625 1815 726 1900 ίρέων
739 1814 815 1899 περὶ
828 1811 983 1899 τῶγαλμα
998 1835 1103 1879 πετο·

102 1919 227 2002 νέαται,
252 1918 288 1983 οί
318 1914 358 1985 δέ
380 1916 499 1986 πολλοὶ
525 1911 641 1983 αύτύν
671 1911 783 1992 ξύλον
813 1912 959 1999 κορύνας
974 1919 1103 2001 ἔχοντες

101 2019 207 2083 ἑστᾶσι
222 2020 288 2082 τοῦ
304 2018 381 2099 ίροῦ
401 2015 439 2081 έν
458 2019 499 2102 τῇ
513 2011 635 2103 έσύδχν·
662 2010 758 2081 άλλοι
778 2012 814 2080 δέ
832 2010 978 2100 εύχωλάς
994 2014 1102 2081 έτιτε-

99 2121 247 2201 λέοντες,
269 2118 411 2192 πλεῦνες
423 2118 539 2200 χιλίων
553 2109 706 2202 ἀνδρῶν,
729 2114 861 2179 ἔκαστοι
876 2116 1005 2198 ἔχοντες
1020 2112 1102 2193 ξύλα

100 2216 149 2282 καλ
162 2205 265 2283 οὗτοι
278 2214 333 2279 έκλ
347 2210 389 2279 τά
410 2213 506 2297 έτερα
525 2210 621 2292 ἁλέες
642 2215 762 2281 ἑστᾶσι.
792 2205 829 2276 τὰ
847 2207 884 2276 δέ
898 2207 1029 2297 άγαλμα
1044 2208 1102 2278 έόν

98 2316 212 2405 ἐννηῷ
230 2316 342 2402 μικρῷ
366 2309 818 2402 ξυλίνῳκατακεχρυσωμέυῳ
826 2313 1101 2406 προεκκομίζουσι

97 2419 134 2500 τῇ
148 2414 336 2497 προτεραίῃ
350 2410 383 2487 ές
397 2407 479 2477 άλλο
499 2418 621 2495 οίκημα
635 2406 721 2493 ίράυ.
752 2410 785 2475 οί
798 2411 860 2493 μέν
880 2404 921 2493 δὴ
942 2404 1050 2495 ὀλίγοι
1070 2409 1104 2473 οἱ

96 2513 169 2597 περὶ
181 2508 344 2595 τῶγαλμα
360 2508 567 2593 λελειμμένοι
583 2509 719 2575 ἕλκουσι
732 2503 957 2589 τετράκυκλον
971 2502 1102 2591 άμαξαν

97 2606 251 2694 ἄγουσαν
270 2601 332 2672 τὸν
352 2604 437 2690 νηύν
456 2630 493 2672 τε
512 2609 567 2673 καλ
590 2601 627 2673 τά
643 2607 680 2672 έν
700 2610 746 2695 τῷ
760 2610 830 2694 νηῷ
846 2602 942 2672 έυεόν
959 2602 1100 2691 ἄγαλμα,

98 2709 129 2773 οἱ
139 2707 177 2774 δέ
194 2702 263 2773 ούκ
276 2705 355 2770 έωσι
370 2706 408 2771 έν
427 2717 513 2771 τοῖσι
535 2708 773 2788 προπυλαίοισι
794 2704 947 2781 ἑστεῶτες
966 2704 1100 2787 έσιέναι,

98 2810 128 2871 οί
142 2806 180 2872 δέ
198 2802 412 2889 εὐχωλιμαῖοι
435 2804 654 2888 τιμωρέοντες
673 2806 719 2891 τῷ
733 2805 806 2891 θεῷ
825 2806 962 2867 παίουσι
979 2795 1103 2877 αύτούς

97 2898 328 2987 άλεξομένους.
345 2902 493 2967 ἐνθαῦτα
503 2900 592 2986 μάχη
604 2898 732 2980 ξύλοισι
744 2900 885 2985 καρτερή
897 2904 1034 2984 γίνεται,
1046 2923 1102 2965 κε-

98 3002 206 3086 φαλάς
227 3025 264 3067 τε
288 3000 577 3087 συναράσσονται,
607 3003 663 3068 καλ
687 2996 731 3079 ὡς
756 2997 820 3086 έγύ
842 3002 963 3084 δοκέω,
985 3002 1102 3068 πολλοὶ

96 3101 148 3167 καλ
168 3095 431 3185 ἀποθνήσκουσι
451 3103 576 3168 ἐκτῶν
596 3098 796 3185 τρωμάτων·
819 3097 861 3167 ού
880 3102 993 3185 μέντοι
1009 3101 1043 3165 οἵ
1063 3123 1101 3183 γε

95 3195 277 3282 Αίγύπτιοι
290 3201 421 3281 ἔφασαν
435 3195 668 3286 ἀποθνήσκειν
682 3195 813 3267 οὐθένα.
856 3195 926 3285 Τὴν
941 3197 977 3266 δέ
993 3196 1102 3286 nami-
1115 3216 1148 3273 64

94 3324 198 3387 γυριν
211 3297 339 3384 ταύτην
352 3302 388 3366 έκ
402 3303 502 3367 τοῦδε
515 3305 649 3386 νομίσαι
664 3302 746 3385 φασί
761 3304 795 3368 οί
805 3297 991 3386 έπιχάριοι,
1013 3301 1101 3366 οἰκέ-

97 3424 146 3465 ειν
169 3400 210 3466 έν
229 3404 276 3489 τῷ
298 3402 360 3490 ἱρῷ
380 3398 489 3492 τούτῳ
507 3406 570 3467 τοῦ
582 3397 700 3484 Ἀρεος
718 3394 781 3485 τὴν
804 3400 945 3483 μητέρα,
966 3394 1101 3464 καὶτὸν

92 3494 189 3583 Ἀρεα
209 3494 406 3588 ἀπότροφον
420 3498 605 3585 γενόμενον
620 3500 734 3566 ἐλθεῖν
756 3496 1008 3644 έξανέρωῄέχον
1022 3496 1098 3562 έθέ-
