2500 3925
150 272 192 335 14
446 265 449 272 '
522 271 774 360 ιιιιειοοοει

150 407 222 520 νεα,
241 429 285 512 ὡς’
299 432 411 514 Νάξος
426 440 476 517 είη
493 437 595 516 νήσος
609 429 753 516 μεγάθεϊ
766 428 829 516 μέν
840 428 881 498 οό
892 431 1030 518 μεγάλη,
1048 428 1165 509 άλλως

150 533 186 600 δέ
201 531 286 620 καλή
301 558 336 599 τε
351 532 406 600 καλ
423 527 534 617 ἀγαθή
550 533 605 598 καὶ
620 526 725 616 άγχοῦ
737 525 873 615 Ἰωνίης,
888 529 1038 618 χρήματα
1053 533 1090 597 δὲ
1105 535 1158 597 ἔνι

150 627 256 698 πολλά
273 631 328 698 καί
343 626 547 711 ἀνδράποδα.
592 626 647 696 Σδ
670 621 718 694 όν
738 629 791 694 ε’πλ
814 627 941 714 ταάτηυ
960 627 1022 716 τήν
1042 629 1158 716 χάρην

114 785 116 800 .
150 727 384 818 στρατηλάτεε,
407 727 562 814 κατάγων
587 730 620 805 ἐς
641 722 749 813 αὐτήν
768 723 847 805 τούς
867 729 1022 813 φυγάδας
1043 733 1076 810 έξ
1092 727 1158 797 αόυ

153 837 215 917 τῆς.
238 835 297 897 καί
307 853 359 897 τοι
369 834 473 896 ταῦτα
488 826 664 914 ποιήσαντι
678 831 778 892 τοῦτο
792 827 855 911 μέν
865 827 935 893 έστι
945 826 1058 914 ἑτοῖμα
1072 826 1154 913 παρ’

151 932 223 1017 ἐμοὶ
250 927 400 1016 χρήματα
424 926 552 1014 μεγάλα
580 925 684 1012 πάρεξ
711 930 780 991 τῶν
805 920 1087 1012 ἀναισιμωμάτων
1116 932 1157 1013 τῇ

150 1033 285 1116 στρατιῇ
300 1031 417 1115 (ταῦτα
428 1021 566 1112 μὲνγὰρ
582 1026 693 1092 δίκαια
704 1018 806 1107 ήμέας
820 1018 899 1100 τούς
911 1019 1053 1107 άγοντας
1068 1046 1158 1110 παρ-

151 1129 269 1213 έχειν),
291 1131 389 1194 τοῦτο
410 1125 447 1192 δέ
468 1124 592 1211 νήσους
609 1123 741 1209 βασιλέϊ
759 1118 981 1208 προσκτήσεαι
999 1117 1106 1208 αὐτήν
1120 1147 1157 1188 τε

150 1223 267 1304 Νάξον
281 1227 335 1291 καὶ
351 1219 409 1302 τάς
423 1225 460 1290 έκ
473 1221 594 1307 ταύτης
604 1218 806 1307 ἠρτημένας,
818 1218 938 1306 Πάρον
949 1217 1155 1306 καὶἈνδρον

150 1325 205 1392 καὶ
213 1320 314 1399 άλλας
324 1317 382 1399 τὰς
389 1319 567 1398 Κυκλάδας
578 1320 792 1404 καλεομένας.
811 1319 976 1384 ἐνθεῦτεν
988 1314 1159 1404 δὲὸρμεό-

150 1446 250 1508 μενος
266 1417 426 1498 εὐπετέως
441 1417 616 1506 ἐπιθήσεαι
632 1414 777 1505 Εάβοίη,
798 1416 891 1508 νήσω
905 1415 1033 1505 μεγάλη
1049 1442 1085 1483 τε
1100 1419 1154 1484 καλ

150 1515 340 1605 εὐδαίμονι,
359 1515 421 1586 οὐκ
438 1517 594 1585 έλάσσονι
607 1514 753 1602 Κάπρου
770 1518 825 1583 καὶ
839 1515 945 1602 κάρτα
960 1512 1091 1583 εὐπετέι
1102 1519 1157 1582 αί-

150 1624 301 1705 ρεθήναι.
316 1613 516 1704 άποχρέουσι
528 1618 564 1682 δὲ
575 1611 695 1682 ἑκατόν
702 1618 774 1693 νέες
785 1614 907 1692 ταύτας
917 1613 1025 1693 πάσας
1034 1615 1157 1701 χειρω·
1168 1637 1172 1642 ’

151 1725 285 1783 σασθαι.
324 1712 359 1783 Ὁ
384 1715 419 1782 δὲ
443 1711 594 1801 ἀμείβετο
612 1709 718 1781 αὐτὸν
741 1717 880 1780 τοισίδε·
930 1711 985 1781 Σό
1007 1715 1040 1792 ές
1061 1712 1157 1782 οἶκον

149 1810 209 1881 τόν
224 1815 377 1900 βασιλέος
392 1809 547 1899 ἐξηγητής
566 1817 676 1898 γίνεαι
692 1812 898 1898 πρηγμάτων
915 1810 1073 1900 ἀγαθῶν,
1100 1816 1155 1881 καί

149 1919 252 1983 ταῦτα
274 1904 314 1980 εό
334 1915 524 2000 παραινέεις
545 1911 672 2000 πάντα,
700 1909 789 1999 πλήν
809 1918 878 1982 τῶν
893 1919 982 1981 νεῶν
1002 1919 1064 1981 τοῦ
1078 1911 1155 2001 άρι-

148 2018 251 2102 θμοῦ.
270 2010 344 2083 άντλ
357 2014 393 2083 δέ
406 2012 525 2083 ἑκατόν
536 2022 625 2083 νεῶν
640 2014 809 2101 διηκόσιαί
818 2040 869 2081 τοι
885 2017 1007 2101 ἑτοῖμοι
1022 2018 1154 2082 ἔσονται

149 2111 217 2198 άμα
232 2118 277 2202 τῷ
293 2116 374 2199 ἔαρι.
405 2117 471 2180 δέει
487 2116 522 2181 δὲ
542 2114 690 2181 τούτοισι
712 2115 768 2180 καί
789 2109 895 2181 αότδν
911 2116 1049 2199 βασιλέα
1069 2131 1157 2180 συν-

102 2220 135 2274 32
151 2215 289 2278 έπαινον
308 2216 472 2298 γίνεσθαι.
512 2210 548 2280 Ὁ
572 2213 634 2297 μὲν
659 2208 699 2297 δή
720 2207 954 2297 Ἀρισταγόρης
981 2208 1025 2289 ὥς
1049 2216 1154 2279 ταῦτα

148 2307 288 2397 ἤκουσε,
310 2309 488 2398 περιχαρής
510 2308 575 2378 έοδν
596 2308 694 2397 άπήιε
709 2312 742 2388 ές
756 2316 926 2397 Μίλητον,
948 2308 1020 2424 οοδὲ
1037 2307 1154 2407 Ἀρτα-

150 2410 291 2499 φέρνης,
316 2408 360 2489 άς
374 2415 408 2479 οί
420 2414 586 2498 πέμψαντι
608 2413 642 2490 ές
658 2417 776 2478 Σοῦσα
793 2412 848 2477 καλ
863 2406 1044 2496 ὑπερθέντι
1059 2406 1100 2477 τά
1117 2411 1157 2476 έκ
1201 2438 1205 2446 ·

149 2514 210 2576 τοῦ
220 2505 459 2598 Ἀρισταγόρεω
479 2510 644 2598 λεγόμενα
665 2514 865 2589 συνέπαινος
882 2512 937 2577 καὶ
957 2507 1058 2587 αὐτός
1078 2518 1154 2577 Δα-

149 2622 236 2691 ρεῖος
251 2610 398 2695 ἐγένετο,
419 2610 691 2694 παρεσκευάσατο
713 2612 775 2695 μὲν
799 2614 968 2694 διηκοσίας
986 2602 1155 2694 τριήρεας,

149 2701 274 2773 πολλόν
290 2706 326 2772 δέ
337 2703 442 2794 κάρτα
453 2703 572 2792 ὅμιλον
582 2708 742 2789 Περσέων
752 2731 787 2772 τε
798 2707 853 2772 καὶ
864 2712 931 2772 τεόν
942 2702 1054 2774 ἄλλων
1066 2722 1153 2791 συμ-

148 2803 280 2891 μάχων,
304 2799 489 2889 στρατηγόν
510 2805 546 2871 δὲ
565 2801 697 2872 τούτων
716 2799 853 2882 άπέδεξε
867 2801 1075 2889 Μεγαβάτην
1090 2799 1153 2869 άν-

149 2908 212 2991 δρα
228 2904 364 2987 Πέρσην
377 2908 445 2967 τῶν
457 2898 726 2987 Ἀχαιμενιδέων,
743 2902 870 2969 ἑωυτοῦ
884 2925 919 2966 τε
936 2902 991 2967 καλ
1000 2906 1153 2987 Δαρείου

149 2997 306 3085 άνεψιόν,
321 3006 383 3066 τοῦ
392 3006 586 3084 Παυσανίης
597 2995 616 3065 δ
627 2998 865 3087 Κλεομβρότου
875 2998 1154 3085 Λακεδαιμόνιος,

146 3104 178 3167 εί
196 3095 235 3184 δή
259 3094 388 3185 άληθής
406 3099 447 3183 γέ
466 3099 532 3164 έστι
556 3093 573 3163 ὁ
595 3095 711 3183 λόγος,
738 3094 866 3186 ὑστέρῳ
885 3096 997 3186 χρόνῳ
1020 3094 1153 3163 τούτων

147 3192 315 3281 ἡρμόσατο
326 3198 507 3281 θυγατέρα,
524 3198 630 3281 ἔρωτα
644 3192 734 3281 σχόν
746 3201 804 3282 τής
813 3192 969 3273 Ἑλλάδος
985 3192 1153 3281 τύραννος

147 3295 314 3376 γενέσθαι.
337 3289 497 3373 ἀποδέξας
509 3295 544 3361 δέ
555 3294 762 3381 Μεγαβάτην
772 3292 959 3383 στρατηγόν
968 3290 1151 3381 Ἀρταφέρ-

100 3400 136 3458 83
148 3412 209 3473 νης
222 3384 392 3457 ἀπέστειλε
403 3386 463 3458 τδν
475 3388 618 3478 στρατδν
628 3389 718 3480 παρὰ
730 3389 791 3461 τόν
801 3390 1047 3480 Ἀρισταγόρην.
1076 3396 1153 3456 Πα-

148 3483 305 3571 ραλαβοδν
326 3488 363 3555 δέ
383 3485 400 3555 ὁ
415 3490 618 3579 Μεγαβάτης
634 3494 670 3560 έκ
687 3498 745 3580 τής
759 3492 915 3581 Μιλήτου
935 3488 995 3559 τόν
1009 3515 1044 3557 τε
1060 3485 1152 3575 Ἀρι-
