2500 3925
322 266 512 324 L13.v111.
547 265 646 322 CAP.
680 270 820 327 24—79.
1015 264 1077 327 255

62 435 264 515 Σαλαμῖνα,
287 423 415 513 ἀνῆγον
433 424 469 492 δὲ
483 426 517 491 οί
529 419 615 509 ἀμφὶ
629 422 692 512 την
705 429 795 494 Κέον
810 452 845 495 τε
860 430 915 496 καὶ
928 428 989 513 την
1003 433 1077 494 Κυ-

61 525 241 614 νόσουραν
252 526 457 611 τεταγμένοι,
469 521 622 608 κατεῖχόν
632 547 668 590 τε
678 527 772 611 μέχρι
779 530 977 611 Μουνυχίης
988 522 1076 590 πέν-

14 644 21 651 ·
60 648 107 689 τα
123 618 187 690 τδν
206 619 365 709 πορθμὸν
385 626 460 710 τῇσι
477 622 586 705 νηυσί.
613 624 721 689 τῶνδε
743 624 779 691 δέ
801 626 929 692 εἵνεκεν
948 621 1075 709 ἀνῆγον

61 719 126 801 τὰς
137 724 227 807 νέας,
238 723 296 789 ἵνα
309 717 350 807 δη
361 732 446 787 τοῖσι
452 715 587 802 Ἕλλησι
598 718 682 804 μηδὲ
694 735 816 806 φυγεῖν
827 724 892 811 έξῇ,
904 718 978 798 ἀλλ’
992 718 1076 788 ἀπο-

62 823 281 909 λαμφθέντες
296 822 334 889 ἐν
346 825 387 907 τῇ
402 824 569 904 Σαλαμῖνι
591 821 682 885 δοῖεν
699 824 786 887 τίσιν
802 827 870 888 τῶν
890 819 942 889 ἐπ’
965 819 1076 909 'Apte-

64 927 168 1014 μισίμ
183 917 435 1007 ἀγωνισμάτων.
464 918 497 995 ές
516 915 553 984 δέ
570 914 632 1004 τὴν
648 922 765 1005 νησῖδα
785 918 847 1007 την
865 920 1075 989 Ψυττάλειαν

65 1021 277 1106 καλεομένην
290 1015 491 1105 ἀπεβίβαζον
504 1021 572 1082 τῶν
582 1017 743 1104 Περσέων
755 1022 861 1087 τῶνδε
874 1022 1013 1106 εἵνεκεν,
1032 1016 1075 1097 ῶς

64 1113 173 1187 ἐπεὰν
185 1117 321 1203 γένηται
337 1119 514 1202 ναυμαχίη,
531 1117 680 1182 ἐνθαῦτα
695 1115 837 1201 μάλιστα
855 1118 1075 1204 ἐξοισομένων

65 1223 138 1286 τῶν
152 1242 187 1285 τε
203 1213 340 1304 ἀνδρῶν
357 1218 496 1284 καὶτῶν
517 1221 689 1302 ναυηγίων
708 1218 756 1285 ’έν
771 1214 836 1302 γάρ
853 1215 895 1304 δὴ
910 1216 1003 1309 πόρῳ
1018 1223 1075 1303 τῆς

65 1321 254 1403 ναυμαχίης
274 1321 332 1401 τῆς
346 1313 532 1401 μελλούσης
548 1319 685 1383 ἔσεσθαι
705 1318 813 1383 έκέετο
829 1313 850 1403 ἡ
866 1324 996 1404 νῆσος,
1018 1320 1074 1384 ἵνα

67 1410 148 1492 τούς
162 1414 225 1499 μέν
237 1410 465 1532 περιμοιέωσι,
476 1407 607 1491 τούςδέ
622 1416 765 1499 διαφθεί
763 1433 854 1497 ρωσι.
888 1418 1024 1483 έποίευν
1038 1416 1074 1483 δέ

69 1518 148 1599 σιγη
162 1516 283 1597 ταῦτα,
300 1507 345 1588 ῶς
356 1536 402 1631 μη
391 1507 705 1579 πυνθανοίατοοί
690 1513 931 1580 λέναντίοι.0
902 1513 1019 1600 Οίμέν
1033 1510 1073 1599 δη

11 1659 14 1694 ,
72 1616 175 1677 ταῦτα
189 1635 247 1695 της
263 1605 386 1687 νυκτὸς
402 1604 504 1730 οὐδὲν
518 1605 802 1696 ἀποκοιμηθέντες
816 1613 1050 1733 παραρτέοντο.

154 1714 339 1794 Χρησμοίσι
355 1706 392 1775 δὲ
411 1703 474 1775 οὐκ
492 1713 554 1794 ἔχω
569 1703 790 1795 ἀντιλέγειν*
768 1735 813 1789 ως
830 1708 892 1777 οὐκ
914 1714 944 1778 ε
931 1712 975 1778 σί
991 1704 1114 1795 ἀλη-Ὶλ

12 1858 15 1893 ,
70 1812 157 1895 θεες,
169 1834 211 1876 ου
199 1804 428 1896 βουλομενος
438 1811 602 1897 ἐναργέως
612 1810 770 1896 λεγοντος
779 1816 960 1897 κειρασθαι
972 1835 1074 1877 κατα-

12 1959 15 1993 r
70 1908 224 1998 βάλλειν,
241 1907 400 1985 έςτοιάδε
416 1906 593 1996 πρήγματα
609 1908 778 1997 ἐσβλέψας

13 2061 16 2101 3
110 2004 196 2075 Ἀλλ’
216 2004 299 2075 ὅταν
309 2003 498 2126 Ἀρτέμιδος
510 2005 702 2095 χρυσαόρου
719 2003 848 2092 ίερόν’
830 2032 934 2092 ακτην

13 2146 16 2197 ss
114 2104 212 2190 νηυσὶ
226 2104 449 2191 γεφυρώσωσι
466 2107 521 2172 καί
539 2111 688 2190 εἰναλίην
702 2103 945 2193 Κυνόσουραν,

14 2263 16 2289 ς
114 2205 219 2272 έλπίδι
233 2203 419 2291 μαινομένη
434 2201 576 2291 λιπαρὰς
589 2199 789 2290 πέρσαντες’
787 2203 934 2292 Αθήνας,
952 2286 955 2296 Χ

14 2294 16 2369 ἶ
113 2306 227 2370 διαί
179 2309 227 2369 Δί
226 2327 268 2388 κη
285 2303 417 2390 σβέσσει
431 2301 595 2391 κρατερὸν
609 2299 879 2391 Κόρον,”Ῥβριος
893 2329 916 2369 υ
916 2305 981 2388 ίόν,

15 2482 16 2485 ¹
114 2401 226 2471 δεινὸν
239 2401 449 2488 μαιμώοντα,
472 2399 661 2471 δοκεῶντΗ
642 2399 708 2470 ανδ
724 2401 832 2470 πάντα
847 2406 1018 2471 πιθέσθαι.

114 2497 243 2577 Χαλκδς
257 2497 322 2588 γάρ
336 2507 447 2591 χαλκῷ
464 2503 728 2588 συμμίξεται,”
691 2525 804 2588 αιματι
818 2498 848 2567 δ
862 2499 964 2587 ’Ἀρης

116 2695 264 2783 εὐρυοπα
278 2651 446 2786 Κρονίδης
460 2697 576 2785 έπάγει
591 2700 646 2766 καλ
660 2696 780 2766 πότνια
796 2703 894 2783 Νίκη
984 2715 988 2722 ·

73 2804 106 2880 ές
120 2805 256 2868 τοιαῦτα
271 2801 333 2886 μὲν
347 2797 459 2868 καλ”
416 2825 505 2868 ουτω
520 2801 684 2887 ἐναργέως
698 2801 829 2886 λέγοντι
843 2799 998 2869 Βάκιδι’
980 2826 1075 2870 αντι·

73 2903 183 2985 λογίης
195 2904 354 2986 χρησμῶν
368 2901 443 2984 πέρι
458 2896 536 2968 οὔτε
547 2894 646 2977 αὐτὸς
657 2900 765 2984 λέγειν
772 2900 897 2986 τολμέω
906 2887 1071 2986 οδτεπαρ’

73 2996 182 3065 ἀλλων
197 2999 381 3084 ἐνδέκομαι.

158 3103 233 3163 Τῶν
243 3097 278 3164 δὲ
290 3098 500 3181 ένΣαλαμλνι
512 3102 706 3182 στρατηγῶν
717 3099 843 3180 έγίνετο
856 3089 1004 3180 ὠθισμὸς
1014 3093 1073 3162 λό-
1082 3104 1117 3165 78

74 3223 142 3283 γων
154 3195 285 3276 πολλός.
304 3195 430 3286 ᾔδεσαν
441 3197 478 3265 δὲ
489 3195 597 3282 οὔκω,
613 3192 662 3262 ὅτι
680 3194 784 3281 σφέας
794 3196 1072 3280 περιεκυκλοῦντο

74 3301 145 3384 τῇσι
158 3295 255 3380 νηυσί
272 3297 305 3362 οί
316 3294 499 3384 βάρβαροι,
523 3290 597 3362 ἀλλ’
615 3291 726 3380 ῶσπερ
748 3297 805 3378 τῆς
826 3288 950 3380 ἡμέρης
965 3287 1072 3377 ῶρεον

75 3389 193 3471 αὐτοδς
206 3397 443 3479 τεταγμένους,
466 3392 602 3460 ἐδόκεον
615 3386 699 3458 κατὰ
719 3387 832 3477 χῶρην
849 3384 943 3456 εἶναι.
976 3395 1072 3456 Συν-
1080 3395 1118 3454 79

76 3489 258 3578 εστηαότων
271 3491 308 3558 δὲ
319 3497 387 3558 τῶν
403 3495 597 3577 στρατηγῶν
610 3493 644 3569 έξ
654 3493 795 3575 Λδγίνης
809 3490 901 3575 διέβη
913 3484 1071 3575 Ἀριστεί-
