2500 3925
388 252 475 308 LIB.
506 253 528 310 1.
560 253 658 312 cn.
692 257 867 316 189-192.
1071 248 1129 314 101

118 412 248 480 έσιέναι
262 413 367 503 ταάτη
387 415 422 494 ἐς
435 411 499 501 τὴν
510 413 622 482 πόλιν.
655 408 745 480 οὕτω
759 437 795 482 τε
809 409 850 500 δὴ
864 412 963 496 τάξας
977 409 1131 484 καὶκατὰ

118 516 226 577 ταῦτα
245 515 451 599 παραινέσας
465 509 640 600 ἀπήλαυνε
661 508 764 592 αὐτὸς
787 508 853 582 σὺν
867 520 913 605 τῷ
929 510 1053 606 άχρηίφ
1066 517 1130 581 τοῦ

117 614 276 691 στρατοῦ.
306 607 509 698 ἀπικόμενος
525 610 562 680 δὲ
578 607 682 679 lul
646 636 709 698 την
728 615 869 699 λίμνην,
897 610 1002 702 τάπερ
1022 609 1128 703 ἡτῶν

119 712 352 827 Βαβυλωνίων
363 715 516 797 βασίλεια
529 711 665 797 ἐποίησε
678 710 762 778 κατά
776 735 812 779 τε
826 708 887 780 τόν
901 710 1053 802 ποταμόν
1072 711 1128 782 καὶ

119 802 204 873 κατὰ
228 802 293 892 τήν
316 798 456 898 λίμνην,
484 813 592 882 έποίεε
615 809 704 881 καλ’
688 838 706 880 ο
725 815 876 900 Κῦρος”
856 840 953 902 ετερα
972 821 1126 884 τοιαῦτα·

118 899 180 972 τόν
189 898 258 992 γάρ
276 905 429 994 ποταμόν
443 910 584 997 διάρυχι
598 905 774 997 έσαχαχάυ
789 907 871 990 ές
835 937 898 998 την
912 919 1035 1000 λίμνην
1050 915 1128 981 έοῦ-

117 1023 183 1070 σαν
205 1005 296 1091 ἕλος,
329 1002 365 1074 τό
387 1003 528 1096 άρχαίον
541 1011 687 1098 ῥέεθρον
702 1005 907 1096 διαβατὸν
878 1036 964 1082 ειναι
984 1014 1129 1098 ἐποίησε,

28 1163 35 1180 ,
117 1100 414 1194 υπονοστησαντος
424 1134 487 1176 του
495 1113 657 1195 ποταμοῦ.
680 1108 867 1195 χωομένου
878 1109 914 1177 δὲ
924 1133 1048 1178 τουτου
1057 1135 1129 1176 τοι-

117 1199 242 1290 οάτου,
269 1209 304 1273 οί
321 1208 468 1294 Πέρσαι,
504 1209 601 1293 οἵπερ
630 1205 803 1292 ἐτετάχατο
826 1201 877 1274 ἐπ’
905 1203 996 1298 αὐτῷ
1020 1204 1128 1297 τούτῳ

116 1295 203 1366 κατά
217 1326 256 1367 το
245 1296 419 1426 ρέεθρον
432 1329 495 1372 του
481 1301 713 1391 Εὐφρήτεω,
732 1309 886 1391 ποταμοῦ
899 1301 1129 1390 ὑπονενοστη-

116 1395 217 1478 κότος
231 1395 367 1488 άνδρί*
347 1429 390 1483 ως
404 1406 439 1484 ές
451 1407 556 1491 μέσον
569 1400 681 1491 μηρόν
695 1401 841 1491 μάλιστά
855 1429 914 1493 κη,
930 1403 1013 1474 κατά
1027 1411 1127 1472 τοῦτο

116 1497 260 1585 ἐσήισαν
273 1497 356 1578 ές
321 1527 384 1588 την
401 1509 601 1590 Βαβυλῶνα.
631 1507 661 1570 εί
679 1501 742 1588 μέν
761 1527 828 1570 νυν
847 1495 1129 1590 προεπάδοντο”
1106 1527 1127 1586 η

117 1599 253 1679 ἔμαθον
267 1601 302 1665 οἱ
313 1600 527 1685 Βαβυλώνιοι
542 1597 578 1669 τὸ
597 1601 635 1668 έκ
649 1604 711 1668 τοῦ
725 1598 847 1686 Κύρου
861 1599 1082 1688 ποιεόμενον,
1097 1601 1131 1667 oc

118 1691 148 1760 δ’
173 1689 220 1762 οἶν
240 1697 449 1783 περιιδόντες
469 1699 549 1780 τούς
561 1704 695 1788 Πέρσας
717 1700 869 1769 έσελδείν
893 1702 927 1780 ές
945 1699 1008 1788 τὴν
1028 1699 1129 1770 πόλιν

119 1795 323 1883 διέφθειραν
336 1798 492 1869 κάκιστα·
515 1806 794 1887 κατακληίσαντες
809 1794 935 1886 χαράν
949 1799 1058 1878 πάσας
1071 1796 1130 1878 τάς

119 1894 151 1973 ές
163 1889 228 1961 τόν
243 1896 395 1985 ποταμόν
409 1905 552 1980 πυλίδας
567 1900 708 1987 ἐχούσας
718 1899 774 1968 καλ
785 1895 882 1967 αὐτοὶ
895 1899 949 1968 έπλ
959 1896 1019 1979 τάς
1029 1902 1129 1985 αίμα-

118 1988 194 2070 σιάς
209 1990 398 2082 ἀναβάντες
410 1997 470 2079 τάς
482 1998 574 2087 παρά
588 1996 630 2068 τά
643 2004 753 2086 χείλεα
767 2005 828 2065 τοῦ
843 2006 996 2085 ποταμοῦ
1010 2000 1130 2085 έληλα-
1159 2006 1162 2009 ’

119 2096 239 2181 μένας,
254 2098 412 2184 ἔλαβον”
389 2126 433 2167 αν
447 2121 553 2188 σφεας
570 2097 614 2180 ὥς
629 2102 667 2168 ἐν
682 2099 798 2187 κόρτη.
821 2124 888 2165 νυν
901 2097 938 2167 δ
952 2094 1019 2180 έξ’
999 2117 1129 2186 απροσ-

119 2190 266 2279 δοκήτου
287 2212 348 2278 σφι
364 2201 577 2285 παρέστησαν
598 2201 633 2266 οἱ
647 2198 786 2284 Πέρσαι.
818 2191 886 2263 ὑπό
912 2194 948 2264 δὲ
962 2196 1130 2283 μεγάθεος

118 2296 175 2375 τῆς
189 2291 370 2377 πόλιος,“
349 2320 393 2373 ως
406 2293 568 2383 λε’χεται’
551 2293 618 2364 υπό
634 2302 704 2364 τῶν
716 2293 821 2382 ταύτῃ
833 2286 1037 2381 οἰκημένων,
1060 2302 1129 2363 τῶν

119 2387 246 2476 περὶ
207 2417 249 2457 τα
265 2397 433 2477 ἔσχατα
393 2420 452 2480 της
466 2394 584 2473 πόλιος
598 2393 796 2463 ἑαλωκότων
808 2388 889 2471 τοὺς
903 2388 940 2461 τὸ
960 2396 1064 2479 μέσον
1078 2397 1130 2459 ol-

119 2491 259 2569 νέοντας
287 2497 356 2559 τῶν
379 2498 610 2580 Βαβυλωνίων
641 2492 684 2560 06
708 2490 900 2577 μανθάνειν
932 2486 1128 2573 ἑαλωκότας,

118 2587 220 2677 άλλά,
241 2606 356 2678 τυχελν
371 2592 437 2679 γάρ
458 2613 521 2679 σφι
540 2594 670 2661 έοῦσαν
686 2589 806 2681 ὁρτὴν,
826 2590 982 2678 χορεύειν
999 2597 1129 2659 τετοῦ-

116 2691 255 2765 τοντδν
267 2692 394 2779 χρόνον
409 2696 466 2763 καί
485 2696 523 2762 ἐν
537 2691 736 2783 εὐπαθείῃσι
751 2689 853 2782 εἶναι,
873 2693 906 2769 ές
920 2686 940 2759 6
954 2687 995 2777 δὴ
1017 2691 1073 2759 καλ
1091 2682 1129 2757 τό

118 2793 225 2880 κάρτα
241 2791 421 2859 ἐπύθοντο.
455 2795 512 2860 καλ
527 2790 696 2880 Βαβυλωυ
710 2792 772 2878 μέν
793 2787 883 2857 οὕτω
903 2787 978 2857 τότε
993 2796 1129 2875 πρῶτον

118 2890 290 2979 ἀραίρητο.

208 2987 281 3078 Τὴν
294 2996 333 3058 δὲ
346 2990 495 3077 δυ’ναμιν
508 2996 577 3059 τάν
587 2996 818 3078 Βαβυλωνίων
832 2997 984 3058 πολλοῖσι
998 2990 1060 3073 μὲν
1074 2987 1130 3055 καί
1143 3006 1191 3062 ιδ’]

116 3089 252 3161 άλλοισι
266 3088 469 3178 δηλάσω,“
447 3111 511 3178 οση
527 3117 577 3170 τις
600 3092 686 3177 ἐστὶ,
707 3092 745 3159 έν
759 3090 796 3159 δὲ
814 3086 854 3176 δὴ
870 3088 931 3155 καλ
943 3091 1037 3177 τφδε.
1065 3094 1129 3174 βα-

116 3190 204 3258 σιλέι
222 3215 269 3281 τφ
288 3189 425 3280 μεγάλω
445 3190 479 3267 ές
493 3213 629 3308 τροφηυ
644 3184 750 3255 αὐτοῦ
772 3210 809 3257 τε
829 3185 938 3253 καὶ
897 3209 955 3269 της
975 3202 1129 3269 στρατιης

117 3292 350 3410 διαραίρηται,
371 3285 476 3373 πάρεξ
498 3292 561 3355 τοῦ
581 3285 710 3371 φόρου,
731 3286 776 3371 γη
795 3289 899 3367 πᾶσα,
923 3278 1003 3397 ὅσης
1022 3279 1126 3367 ἄρχει.

114 3378 311 3455 δυόδεκα
284 3412 335 3453 ων
348 3411 467 3472 μηνων
481 3384 611 3453 ἐόντων
624 3380 706 3463 ές
672 3408 733 3451 τον
748 3376 905 3451 ἐνιαυτόν
919 3374 1005 3455 τούς
1014 3380 1129 3445 τέσσε-

113 3511 176 3572 ρας
189 3492 300 3573 μῆνας
313 3486 428 3570 τρέφει
442 3510 503 3570 μιν
517 3480 752 3570 ἡΒαβνλωνίη
767 3478 875 3565 χάρη,
896 3472 975 3554 τούς
990 3471 1057 3543 δὲ’
1040 3468 1127 3542 outo}
