2500 3925
180 203 259 270 140.
551 209 801 269 HERODOTI

179 359 224 484 ὥς
238 365 336 433 πέντε
350 363 493 449 μάλιστά
506 391 549 453 κη
557 363 827 452 ἀναφαινόμενος
837 370 964 440 ἐκδιδοῖ
970 366 1139 454 καίοντος
1150 379 1182 455 ές

177 459 238 532 τόν
252 466 461 549 Μαίανδρον.
483 464 520 532 ίκ
535 463 571 532 δέ
581 462 807 534 Κολοσσέων*
791 466 993 554 ορμεόμενος
1007 467 1025 537 6
1037 471 1182 556 στρατός

178 561 231 630 έπλ
243 555 322 638 τούς
334 557 458 679 ούρους
472 567 539 628 τῶν
555 568 701 647 Φρυγῶν
714 564 769 631 καλ
778 567 902 632 Λυδῶν
912 563 1046 636 ἀπίκετο
1058 569 1092 646 69
1103 569 1180 636 Κύ-

179 661 285 745 δραρα
304 655 421 743 πόλιν,
444 663 530 727 ἔνθα
545 658 647 744 στήλη
669 674 934 749 καταπεπηγυῖα,
958 673 1121 734 σταθεῖσα
1142 667 1179 735 δὲ

177 751 245 822 ύπὸ
261 760 425 843 Κροίσον,
439 755 644 842 καταμηνύει
660 754 715 824 διδ
728 758 932 846 γραμμάτων
946 758 1025 840 τοῦς
1038 760 1177 850 οὔρους.

123 864 157 921 ³1
172 854 229 934 Ὡς
244 856 279 926 δέ
299 858 337 926 ex
349 863 407 943 τῆς
422 862 569 943 Φρυγίης
583 859 718 945 ἐσέβαλε
737 861 770 937 ές
783 857 845 944 τὴν
857 863 1004 947 Λυδίην,
1026 867 1178 950 σχιζομέ-

176 957 308 1038 υηςτῆς
321 950 404 1022 ὁδοῦ
424 956 480 1024 καί
498 961 555 1042 τῆς
570 956 633 1042 μέν
654 953 726 1036 69’
708 955 884 1044 αριστερήν
901 960 954 1027 έπί
968 966 1096 1048 Καρίης
1114 987 1174 1048 φε·

176 1050 317 1138 ρούσης,
334 1059 390 1171 τῆς
406 1051 443 1121 δὲ
456 1056 489 1132 ές
503 1051 614 1140 δεξιὴν
629 1056 662 1132 ές
675 1052 818 1141 Σάρδις,
835 1081 875 1144 τη
860 1057 945 1125 καί
957 1061 1177 1149 πορευομένῳ

176 1146 383 1234 διαβῆναι
348 1174 408 1216 τον
421 1153 623 1233 Μαίανδρον
637 1149 787 1238 ποταμόν
801 1159 891 1221 πάσα
902 1153 1032 1242 ἀνάγκη
1045 1163 1178 1242 γίνεται

174 1244 230 1312 καὶ
239 1243 325 1311 ίέναι
334 1269 424 1331 παρα
412 1243 651 1335 Καλλάτηβον
661 1249 771 1336 πόλιν,
783 1251 820 1320 έν
830 1275 870 1340 τη
855 1251 1001 1341 άνδρες
1011 1259 1176 1342 δημιουρ-

173 1342 229 1426 ρολ
235 1343 315 1426 μέλι
329 1344 366 1409 ἐκ
378 1348 519 1429 μυρίκης
532 1368 567 1412 τε
582 1346 637 1413 καί
650 1352 762 1428 πυροῦ
777 1354 925 1433 ποιεῦσι,
940 1348 1066 1436 ταύτην
1081 1347 1174 1419 ίῶνό

174 1433 346 1523 Ξέρξης
310 1462 372 1524 την
386 1432 522 1507 ὁδόν
482 1465 561 1528 ενρε
573 1444 858 1534 πλατάνιστον,
822 1477 884 1539 την
894 1452 1032 1531 κάλλεος
1046 1455 1179 1520 εἵνεκεν

176 1549 411 1638 δωρησάμενος
423 1550 537 1640 κόσμῳ
547 1553 676 1641 χρυσέῳ
686 1551 742 1618 καὶ
751 1554 928 1640 μελεδωνῷ
941 1547 1102 1640 άδαυάτρι
1114 1548 1178 1618 άν-

176 1651 229 1736 δρλ
242 1649 418 1732 ἐπιτρέψας
437 1650 575 1736 δευτέρη
590 1645 698 1736 ἡμέρη
718 1645 853 1718 άπίκετο
870 1650 903 1726 ἐς
917 1655 985 1717 τῶν
997 1654 1123 1718 Λυδῶν
1139 1641 1177 1715 τό

128 1756 163 1812 ³²
177 1745 269 1814 άστυ.
304 1742 519 1832 ’Λπικόμενος
540 1746 576 1813 δέ
596 1747 629 1824 ές
645 1745 773 1832 Σάρδις
791 1753 905 1835 πρῶτα
921 1746 984 1833 μὲν
1003 1744 1178 1832 άπέπεμπε

173 1858 320 1942 κήρυκος
334 1842 419 1924 ἐς
383 1870 445 1932 την
454 1842 594 1914 Ἑλλάδα
609 1845 803 1930 αίτήσοντας
819 1852 884 1932 μην
893 1869 929 1914 τε
944 1848 998 1914 καί
1011 1843 1106 1933 ὕδωρ
1122 1847 1178 1912 καὶ

174 1957 393 2045 προερέοντας
410 1957 528 2023 δελπνα
542 1954 673 2041 βασιλέι
690 1953 961 2036 παρασκευάζειν
992 1942 1080 2031 πλὴν
1097 1941 1177 2011 οὔτε

175 2057 208 2133 ές
217 2050 362 2139 Ἀθήνας
375 2050 453 2120 ούτε
466 2053 501 2131 ές
512 2042 746 2137 Λακεδαίμονα
762 2048 933 2137 ἀπέπεμπε
947 2052 1052 2119 έπί”
1010 2076 1070 2137 ρης
1081 2058 1176 2135 αἴτη-

175 2173 245 2235 σιν,
265 2177 305 2240 τη
291 2149 357 2219 ‘66
376 2148 461 2239 άλλη
480 2150 605 2239 πάντη,
628 2155 735 2219 τῶνδε
754 2152 840 2219 δε”
807 2174 936 2219 εινεκεν
955 2145 992 2216 τό
1015 2147 1176 2234 δεύτερον

175 2247 345 2334 ἀπέπεμπε
359 2251 467 2319 έπλ
423 2275 490 2336 νην
501 2274 538 2317 τε
551 2250 607 2318 καί
619 2246 729 2336 ὕδωρ·
751 2246 825 2317 ὅσοι
839 2248 1003 2335 πρότερον
1018 2242 1082 2315 οῦκ
1096 2247 1175 2313 660-

175 2367 239 2415 σαν
251 2353 385 2438 Δαρείῳ
398 2349 580 2435 πέμψαντι,
600 2349 742 2429 τούτους
757 2349 868 2435 πάγχυ
889 2346 1001 2417 ἐδόκεε
1016 2346 1091 2415 τότε
1105 2349 1176 2414 δεί-

174 2465 296 2525 σαντας
316 2444 445 2514 δύσειν.
480 2445 685 2534 βουλόμενος
710 2439 759 2515 όν
787 2444 868 2515 αύτό
889 2450 986 2513 τοῦτο
1013 2446 1176 2531 ἐκμαθεῖν

175 2540 336 2631 άκριβέως
352 2548 484 2631 ἔπεμπε.

128 2655 163 2711 σσ
260 2637 356 2709 Μετὰ
372 2642 408 2710 δέ
423 2647 526 2709 ταῦτα
539 2638 800 2728 παρεσκευάζετο
808 2634 852 2717 69
863 2632 965 2707 ἐλέων
976 2634 1010 2714 69
1017 2636 1174 2726 Ἀβυδον

175 2746 209 2809 oc
218 2736 459 2830 δέίντουτμ
424 2765 485 2808 τον
490 2737 943 2829 Ελλησποντονέζευρνυσαν
954 2742 1040 2806 έκ
1000 2762 1058 2824 της
1066 2735 1175 2823 Ασίης

162 2833 257 2917 .ές’“
221 2861 282 2923 την
295 2832 473 2922 Σύρόπην.
496 2842 565 2907 έστι
576 2837 661 2905 66
621 2863 679 2922 της
688 2834 906 2925 Κερσονησον
917 2840 974 2920 τῆς
991 2832 1045 2903 ἐν’
1042 2842 1174 2942 Σλλησ-

174 2934 303 3024 πόντῳ,
323 2939 459 3019 Σηστοῦ
478 2959 514 3001 τε
538 2935 655 3013 πόλιος
675 2932 797 3019 μεταξύ
817 2934 872 3002 καί
886 2932 1052 3001 Μαδύτου
1060 2920 1172 3020 ,άιιτη

174 3034 292 3120 τρηχέα
306 3032 340 3110 69
354 3030 532 3101 θάλασσαν
542 3032 732 3119 κατήκουσα
742 3028 870 3121 Ἀβύδητ
885 3036 1071 3114 καταντίον,
1088 3034 1172 3097 ἔνθα

174 3126 255 3217 μετά
272 3134 392 3214 ταῦτα,
414 3130 524 3220 χρόνῳ
538 3128 681 3216 ὕστερον
700 3126 741 3196 06
756 3135 885 3219 πολλῷ,
906 3130 958 3197 έπὶ
971 3131 1174 3205 ,Ξανθίππου

174 3234 234 3293 τοῦ
243 3223 438 3313 Ἀρίφρονος
446 3234 631 3314 στρατηγοῦ
642 3223 841 3313 Ἀθηναίων,
851 3222 1055 3312 Ἀρταΰκτην
1066 3224 1173 3311 άνδρα

175 3324 310 3408 Πέρσην
323 3322 482 3411 λαβόντες
496 3330 631 3412 Σηστοῦ
649 3321 800 3412 ὕπαρχον
818 3322 942 3404 λύοντα
956 3318 1040 3409 πρὸς
1054 3326 1174 3390 σανίδα

176 3419 478 3507 διεπασσάλευσαν,
493 3418 530 3501 69
539 3423 595 3490 καλ
605 3422 639 3501 ές
648 3428 711 3491 τοῦ
724 3425 939 3509 Πρωτεσίλεω
952 3416 990 3487 τό
1005 3415 1082 3505 ίρδν
1091 3417 1129 3489 τό
1142 3420 1174 3498 ές
