2500 3925
38 1997 103 2089 ὐ

67 2829 101 2884 26

112 271 153 335 12
258 340 264 357 l
488 274 745 335 αοεοοοτ.
836 262 843 265 ’

108 438 238 515 τέοντος
247 435 284 504 δὲ
297 440 358 501 τοῦ
373 432 482 519 νόμου
492 435 590 520 ῥῖψαί
596 458 656 517 μιν
668 433 703 510 ἐς
713 426 777 516 τήν
785 428 965 499 θάλασσαν
975 424 1114 512 ἕωυτδν,

111 533 157 626 ὦς
178 533 260 621 εἶχε,
281 531 347 601 σῦν
365 539 406 621 τῇ
426 538 530 620 σκευή
545 532 646 619 πάση.
678 532 735 599 καὶ
747 526 828 608 τοῦς
843 530 906 615 μὲν
920 525 1115 597 ἀποπλείειν

111 636 144 715 ές
158 633 352 718 Κόρινθον,
376 628 436 699 τὸν
458 632 495 699 δὲ
511 635 653 717 δελφῖνα
666 634 803 716 λέγουσι
816 627 1031 717 ὑπολαβόντα
1045 628 1116 706 ἐξεὲ

111 748 218 802 νείκαι
238 734 291 799 έπλ
315 723 493 818 Ταίναρον.
531 728 707 819 ἀποβάντα
732 731 769 799 δὲ
793 727 899 799 αὐτὸν
923 733 1062 818 χωρέειν
1083 730 1116 805 ές

109 832 287 917 Κόρινθον
308 828 374 898 σῦν
394 837 435 920 τῇ
457 838 579 919 σκευή,
601 828 887 918 καλάπικόμενον
908 829 1116 919 ἀπηγέεσθαι

110 936 179 996 πᾶν
198 926 235 996 τὸ
257 928 407 1014 γεγονός.
438 933 652 1017 Περίανδρον
672 932 709 998 δέ
729 928 797 999 ῦπό
820 929 973 1019 ἀπιστίης
983 930 1116 1015 Ἀρίονα

110 1029 172 1115 μὲν
187 1029 225 1095 ἐν
239 1034 373 1116 φυλακή
390 1033 477 1113 ἔχειν
493 1026 626 1119 οῦδαμή
640 1015 810 1119 μετιέντδ,
826 1028 960 1111 ἀνακῶς
974 1034 1011 1101 δέ
1028 1037 1116 1117 ἔχειν

110 1136 178 1197 τῶν
194 1130 394 1216 πορθμέων·
419 1126 464 1209 ὡς
479 1132 515 1199 δὲ
529 1128 594 1213 ἀρα
608 1146 765 1219 παρεῖναι
777 1129 914 1220 αύτούς,
931 1136 1117 1219 κληθέντας

112 1231 339 1314 ἱστορέεσθαι,
364 1238 399 1297 εί
415 1255 448 1297 τι
466 1232 598 1316 λέγοιεν
618 1232 696 1315 περί
709 1227 866 1316 Ἀρίονος.
903 1234 1066 1318 φαμένων
1079 1230 1116 1297 δὲ

111 1330 267 1414 ἐκείνων,
289 1324 334 1406 ὡς
355 1337 407 1416 είη
426 1354 463 1397 τε
484 1336 551 1409 σῶς
567 1332 644 1413 περὶ
655 1327 796 1415 Ἰταλίην
808 1336 869 1398 καί
880 1357 940 1417 μιν
954 1323 994 1399 εῦ
1008 1328 1117 1417 πρήσ-

112 1446 214 1495 σοντα
228 1432 358 1495 λίποιεν
375 1431 412 1497 έν
429 1429 587 1516 Τάραντι,
605 1431 814 1515 ἐπιφανῆναί
824 1448 887 1515 σφι
900 1426 962 1496 τὸν
972 1425 1115 1514 Ἀρίονα,

114 1524 225 1613 οἵσπερ
240 1532 326 1613 ἔχων
340 1528 536 1615 ἐξεπήδησε·
554 1524 704 1606 καὶτοὺς
720 1528 942 1612 ἐκπλαγέντας
955 1523 1020 1595 οῦκ
1030 1531 1117 1611 ἐχειν

113 1634 161 1697 έτι
174 1628 411 1713 ἐλεγχομένους
425 1625 616 1712 ἀρνέεσθαι.
648 1632 761 1694 Ταῦτα
776 1628 839 1711 μέν
855 1651 922 1694 νυν
937 1631 1116 1712 Κορίνθιοι

112 1754 147 1796 τε
181 1730 237 1796 καὶ
262 1730 399 1815 Λέσβιοι
424 1730 578 1813 λέγουσι,
610 1728 666 1794 καὶ
695 1722 843 1809 Ἀρίονός
866 1726 936 1792 ἐστι
955 1722 1116 1807 ἀνάθημα

111 1828 254 1915 χάλκεον
269 1822 312 1893 ού
325 1828 409 1912 μέγα
426 1828 479 1894 ἐπὶ
497 1824 672 1914 Ταινάρῳ,
694 1825 747 1891 ἐπὶ
761 1827 918 1908 δελφῖνος
933 1818 1041 1890 ἐπεάν
1054 1818 1114 1889 ἀν-

112 1938 260 2016 θρωπος.

192 2024 371 2112 Ἀλυάττης
385 2026 422 2092 δέ
438 2022 457 2094 ὁ
472 2023 585 2102 Λυδὸς
599 2021 661 2091 τὸν
671 2020 757 2107 πρὸς
766 2028 957 2108 Μιλησίους
969 2021 1117 2108 πόλεμον
1246 2066 1249 2131 ἓ

113 2131 276 2216 διενείκας
289 2127 479 2212 μετέπειτεν
493 2130 642 2210 τελευτᾷ,
657 2121 858 2209 βασιλεύσας
875 2125 949 2190 ἔτεα
964 2117 1046 2188 ἐπτά
1061 2121 1116 2186 καὶ

113 2222 328 2310 πεντήκοντα.
356 2219 503 2307 ἀνέθηκε
518 2224 555 2288 δὲ
568 2217 729 2307 έκφνγάν
743 2216 806 2307 τήν
819 2227 946 2288 νοῦσον
961 2219 1117 2307 δεύτερος

113 2312 212 2399 οὗτος
232 2326 291 2408 τῆς
310 2325 416 2406 οἰκίης
432 2320 556 2404 ταύτης
575 2321 609 2397 ἐς
624 2316 783 2406 Δελφούς
796 2319 946 2407 κρητῆρά
958 2344 995 2386 τε
1009 2316 1117 2404 ἀργύ-

114 2445 193 2502 ρεον
222 2423 328 2506 μέγαν
356 2424 412 2488 καὶ
443 2416 729 2506 ὑποκρητηρίδιον
756 2419 915 2506 σιδήρεον
942 2422 1115 2505 κολλητόν,

112 2523 195 2606 θέης
216 2518 311 2598 ἀξιον
332 2517 388 2586 διδ
403 2519 542 2587 πάντων
557 2525 627 2588 τῶν
643 2522 682 2588 ἐν
695 2527 861 2604 Δελφοῖσι
875 2515 1115 2603 ἀναθημάτων,
1242 2589 1249 2600 ⁸

112 2616 271 2688 Γλαύκου
285 2623 346 2684 τοῦ
359 2623 446 2686 Χίου
465 2625 609 2706 ποίημα,
634 2615 672 2696 ὃς
692 2623 818 2704 μοῦνος
839 2615 880 2704 δή
901 2617 1040 2686 πάντων
1054 2614 1116 2682 ἀν-

111 2715 264 2800 θρώπων
277 2715 421 2804 σιδήρου
439 2718 599 2805 κόλλησιν
616 2719 738 2800 ἐξεῦρε.

200 2814 466 2902 Τελευτήσαντος
486 2821 523 2885 δέ
540 2815 727 2886 Ἀλυάττεω
750 2821 915 2899 ἐξεδέξατο
936 2814 1000 2904 τήν
1018 2824 1116 2905 βασι-

111 2919 211 2997 ληίην
231 2919 376 2998 Κροῖσος
397 2911 415 2982 ὁ
436 2912 639 3002 Ἀλυάττεω,
662 2919 762 2985 ἐτέων
784 2913 850 2986 ἐάν
869 2913 1005 3004 ἡλικίην
1017 2917 1117 2982 πέντε

111 3013 166 3076 καὶ
193 3008 389 3098 τριήκοντα,
420 3009 457 3091 ὃς
485 3012 526 3100 δή
547 3012 721 3102 Ἑλλήνων
740 3015 902 3100 πρώτοισι
928 3013 1116 3101 ἐπεθήκατο
1190 3029 1193 3033 “

107 3105 296 3192 Ἐφεσίοισι
323 3113 410 3177 ἔνθα
425 3108 465 3198 δή
482 3118 515 3180 οί
525 3110 671 3200 Ἐφέσιοι
684 3114 961 3201 πολιορκεύμενοι
975 3110 1035 3182 ὑπ’
1053 3110 1117 3180 αύ-

111 3213 173 3275 τοῦ
188 3204 357 3276 ἀνέθεσαν
369 3207 432 3296 τήν
448 3212 549 3281 πόλιν
563 3220 604 3303 τῇ
615 3211 790 3301 Ἀρτέμιδι,
809 3213 988 3294 ἐξάψαντες
1004 3217 1040 3281 ἐκ
1054 3217 1116 3279 τοῦ

111 3315 198 3396 νηοῦ
219 3315 367 3395 σχοινίον
388 3313 422 3390 ές
441 3309 478 3380 τὸ
499 3327 613 3400 τεῖχος.
647 3321 717 3382 ἐστι
739 3314 776 3382 δέ
788 3310 911 3401 μεταξύ
925 3318 983 3398 τής
998 3336 1034 3378 τε
1050 3333 1116 3376 πα-

112 3413 207 3491 λαιῆς
224 3407 360 3494 πόλιος,
381 3407 404 3496 ή
424 3410 499 3479 τότε
515 3413 762 3500 ἐπολιορκέετο,
783 3413 839 3480 καὶ
857 3416 919 3479 τοῦ
933 3416 1020 3497 νηοῦ
1034 3403 1115 3478 ἐπτά

110 3505 250 3577 στάδιοι.
279 3508 441 3590 πράτοισι
461 3510 524 3597 μέν
547 3509 589 3597 δή
605 3513 753 3580 τούτοισι
772 3514 960 3597 ἐπεχείρησε
975 3505 993 3575 ὁ
1011 3516 1116 3591 Κροῖ-
