2500 3925
151 193 224 304 ⁵¹62
534 239 786 300 HERODOTI

160 397 273 470 αύτὼν
289 402 417 487 ἐπῆσαν
433 397 599 468 ἑκάστοισι
618 399 789 487 ἐπιχώριοι
803 396 981 488 ἡγεμόνες,
1004 406 1074 470 τεόν
1090 396 1171 488 έγδι,

161 497 203 569 ού
215 496 280 587 γάρ
296 495 460 587 ἀναγκαίῃ
475 501 648 586 ἐξέργομαι
664 500 697 578 ές
711 504 857 588 ἱστορίης
867 501 988 589 λόγον,
1004 499 1046 570 ού
1057 527 1171 589 παρα-

160 601 336 687 μέμνημαι.
359 595 511 684 οὔτεγὰρ
523 603 643 676 ἔθνεος
655 598 796 667 ἑκάστου
807 600 936 680 ἐπάξιοι
945 592 1034 688 ἦσαν
1044 596 1172 686 οίὴγε-
1238 618 1239 640 ³

160 696 276 783 μόνες,
294 701 332 764 έν
345 692 376 763 τ’
390 700 486 764 ἔθνει
498 695 626 786 ἑκάστῳ
646 690 786 786 ὅσαιπερ
807 698 932 785 πόλιες,
945 705 1103 767 τοσοῦτοι
1113 696 1173 765 καὶ

158 790 320 883 ἥγεμόνες
330 787 426 883 ἦσαν.
451 797 584 863 εἵποντο
599 795 637 862 δέ
649 791 694 873 οδς
705 794 747 862 ού
760 799 947 884 στρατηγοί,
961 793 1037 866 ἄλλ’
1054 793 1171 879 ὥσπερ

160 900 194 965 οί
207 893 304 964 ἄλλοι
319 893 578 983 στρατευόμενοι
593 898 726 982 δοῦλοι,
749 897 819 965 ἐπεὶ
834 903 1015 984 στρατηγοί
1028 922 1064 965 τε
1080 902 1115 964 οί
1131 883 1170 962 τό

158 1004 228 1068 πᾶν
242 1003 371 1084 ἔχοντες
391 994 512 1084 κράτος
527 998 584 1065 καὶ
597 992 755 1084 ἄρχοντες
771 1004 839 1065 τῶν
857 999 987 1066 ἐθνέων
1003 996 1170 1082 ἑκάστων,

112 1105 147 1163 ⁹7
161 1095 236 1165 δσοι
251 1092 364 1163 αύτιδυ
377 1088 465 1182 ἦσαν
481 1097 625 1182 Πέρσαι,
645 1095 791 1182 εἰρέαταί
802 1121 869 1182 μοι.
904 1101 974 1164 Τοῦ
991 1093 1028 1162 δέ
1046 1119 1172 1162 ναυτι-

158 1200 223 1263 κοῦ
233 1190 453 1280 ἐστρατήγεον
462 1195 543 1280 οἵδε,
552 1191 763 1282 Ἀριαβίγνης
773 1217 808 1261 τε
819 1189 995 1282 ὁΔαρείου
1006 1193 1171 1278 καὶΠρη-

159 1289 316 1381 ξάσπηςό
334 1290 542 1364 Ἀσπαθίνεω
557 1298 613 1364 καλ
628 1296 827 1383 Μεγάβαζος
848 1292 866 1365 ὁ
882 1293 1095 1384 Μεγαβάτεω
1112 1296 1170 1362 καὶ

154 1389 535 1482 ἈχαιμένηςὸΔαρείου.
548 1403 606 1482 τῆς
615 1395 678 1482 μέυ
685 1392 788 1475 Ἰάδος
797 1422 833 1465 τε
841 1397 1052 1482 καὶΚαρικῆς
1063 1415 1168 1478 στρα-

157 1498 228 1579 τιῆς
239 1488 447 1583 Ἀριαβίγνης
458 1491 476 1562 ὁ
489 1500 640 1580 Δαρείου
650 1520 686 1562 τε
696 1509 773 1573 παίς
784 1496 839 1564 καὶ
849 1501 907 1581 τῆς
919 1491 1088 1582 Γοβρύεω
1098 1501 1168 1559 θυ-

156 1595 287 1678 γατρός.
302 1598 495 1681 Αἰγυπτίων
505 1596 543 1662 δέ
553 1591 749 1681 ἐστρατήγεε
760 1589 952 1680 Ἀχαιμένης
958 1594 1089 1678 Ξέρξεω
1101 1585 1169 1656 ἐάν

156 1686 216 1757 ἀπ’
231 1685 431 1779 ἀμφοτέρων
445 1687 624 1778 άδελφεδς,
643 1696 702 1778 τῆς
717 1691 753 1760 δέ
764 1689 866 1777 άλλης
878 1695 1033 1778 στρατιῆς
1044 1689 1169 1773 ἐστρα-

157 1790 278 1879 τήγεον
293 1795 329 1859 οί
346 1793 419 1860 δύο.
447 1789 733 1880 τριηκόντεροιδέ
753 1793 810 1860 καὶ
829 1787 1090 1877 πεντηκόντεροι
1111 1785 1169 1851 καὶ

158 1894 333 1979 κέρκουροι
344 1896 399 1961 καὶ
406 1889 583 1981 ἱππαγωγὰ
594 1900 694 1962 πλοία
705 1889 828 1981 σμικρά
840 1887 1052 1960 συνελθόντα
1060 1888 1096 1966 ἐς
1105 1883 1169 1953 τόν

109 2005 144 2062 98
160 1989 309 2079 ἀριθμόν
323 1993 431 2080 ἐφάνη
445 2001 616 2082 τρισχίλια.
643 2000 719 2062 Τιδν
730 1993 766 2061 δὲ
780 1988 1018 2061 ἐπιπλωόντων
1029 1983 1114 2073 μετά
1128 2014 1169 2072 γε

155 2088 235 2170 τούς
248 2089 453 2178 στρατηγούς
464 2096 534 2160 οἵδε
544 2085 633 2180 ἦσαν
647 2096 681 2161 οί
690 2088 983 2178 ούνομαστότατοι,
995 2084 1168 2162 Σιδόνιος

159 2188 409 2276 Τετράμνηστος
426 2186 586 2276 Ἀνύσου,
611 2192 667 2258 καὶ
691 2188 814 2277 Τύριος
827 2178 982 2270 Ματιτὴυ
991 2181 1167 2271 Σιρώμου,

156 2287 211 2354 καὶ
227 2283 379 2373 Ἀράδιος
392 2288 573 2376 Μέρβαλος
591 2284 774 2376 Ἀγβάλου,
796 2289 852 2356 καὶ
866 2291 962 2365 Κίλιξ
979 2286 1168 2359 Συέννεσις

152 2384 407 2473 Ὠρομέδοντος,
429 2389 485 2455 καὶ
504 2386 631 2466 Λύκιος
645 2392 875 2474 Κυβερνίσκος
892 2389 996 2468 Σίκα,
1018 2385 1075 2450 καὶ
1089 2381 1168 2449 Κύ-

154 2504 248 2569 πριοι
257 2481 387 2569 Γόργος
397 2509 432 2551 τε
442 2482 461 2550 ὁ
473 2487 613 2572 Χέρσιος
623 2487 680 2554 καὶ
693 2489 846 2571 Τιμῶναξ
858 2480 877 2550 ὁ
889 2481 1096 2569 Τιμαγόρεω,
1108 2482 1168 2549 καὶ

160 2586 280 2666 Καρῶν
287 2578 439 2663 Ἱστιαίός
452 2610 488 2653 τε
498 2582 516 2653 ὁ
528 2584 670 2672 Τύμνεω
681 2587 737 2653 καί
745 2590 873 2671 Πίγρης
884 2582 1097 2669 όΣελδοόμου
1108 2582 1168 2651 καὶ

105 2692 140 2747 99
153 2684 401 2767 Δαμασίθυμος
412 2679 431 2750 ὁ
444 2684 659 2753 Κανδαύλεω.
683 2689 759 2751 rav
770 2685 832 2769 μέν
842 2707 908 2749 νυν
920 2679 1032 2750 ἄλλων
1044 2677 1087 2748 ού
1098 2704 1167 2747 πα-

155 2781 367 2866 ραμέμνημαι
387 2786 589 2870 ταξιαρχέωυ
606 2782 651 2862 ὡς
667 2779 730 2850 ούκ
746 2778 1031 2868 ἀναγκαζόμενος,
1050 2777 1166 2867 Ἀρτε-

154 2882 266 2964 μισίης
280 2880 334 2965 δέ,
348 2885 407 2966 τῆς
422 2879 564 2967 μάλιστα
573 2886 680 2964 θῶμα
708 2886 867 2965 ποιεῦμαι
881 2880 933 2947 ἐπὶ
949 2875 1011 2965 τὴν
1019 2876 1166 2947 Ἑλλάδα
1190 2958 1194 2967 Ι

154 2981 441 3063 στρατευσαμένης
459 2980 629 3065 γυναικός,
638 2976 710 3065 ἥτις
721 2974 956 3058 άποθαυόυτος
965 2984 1027 3046 τοῦ
1037 2974 1166 3066 άνδρός

155 3072 240 3163 αύτή
258 3100 295 3143 τε
314 3080 436 3162 ἐχουσα
454 3075 516 3164 τὴν
537 3080 722 3161 τυραννίδα
741 3078 797 3143 καί
817 3074 936 3155 παιδός
952 3074 1165 3167 ὑπάρχοντος

153 3183 293 3264 νεηνίεω
311 3174 377 3245 ύπδ
394 3175 539 3263 λήματός
554 3178 661 3245 τεκαὶ
675 3174 833 3264 ἀνδρηίης
847 3177 1078 3263 ἐστρατεύετο,
1102 3173 1165 3243 ού-

153 3280 268 3359 δεμιῆς
282 3273 402 3360 ἐούσης
412 3279 447 3341 οί
455 3272 645 3360 ἀναγκαίης.
666 3272 795 3361 ούυομα
805 3276 867 3361 μὲν
879 3272 920 3362 δὴ
932 3267 977 3362 ἦν
988 3270 1074 3363 αὐτῇ
1085 3269 1162 3360 Ἀρ-

151 3377 297 3457 τεμισίη,
311 3369 467 3460 θυγάτηρ
482 3374 519 3439 δὲ
530 3362 577 3459 ἦν
586 3374 788 3460 Λυγδάμιος,
803 3375 900 3460 γένος
912 3374 948 3441 δέ
960 3375 993 3455 ἐξ
1003 3370 1166 3459 Ἀλικαρ-

151 3467 425 3554 υησσούτοὶπρδς
439 3470 579 3557 πατρός,
600 3467 641 3537 τά
661 3472 833 3560 μητρόθεν
850 3474 887 3542 δέ
902 3478 1051 3560 Κρῆσσα.
1080 3470 1149 3563 ἡγε
