2500 3925
272 255 357 312 ΗΒ.
389 257 414 312 11
454 256 553 314 cAP.
585 265 653 330 121,
676 263 754 318 4.-
769 267 829 322 1²³
994 261 1057 328 179

64 428 156 476 σαντα
165 411 279 479 έλθείν
290 435 376 497 προς
386 437 489 479 αντον
499 410 738 501 Ραμψίνιτον
748 419 786 488 δὲ
796 417 948 506 μεγαλοις
980 435 1052 496 θω-

63 504 168 592 μάσαι,
187 513 249 575 καί
259 504 341 578 οί
305 534 370 596 την
380 482 554 598 θυγατέρα
563 513 691 602 ταύτην
701 517 924 590 συνοικίσαι’
902 547 947 601 ως
960 529 1055 592 πλεί-

62 622 114 669 στα
133 604 337 696 ἐπισταμένῳ
356 601 568 694 ἀνθρώπων·
597 615 806 696 Αἰγυπτίους
818 612 942 701 μέν
901 641 968 704 γαρ
986 622 1056 684 τῶν

60 696 158 768 ἀλλων
171 709 434 791 προκεκρίσθαι,
456 706 587 774 έκείνον
601 708 699 777 θὲί
652 717 685 776 Α
684 715 858 795 ί.γυπτίων
903 707 1002 780 Μετά
1017 712 1053 780 δέ
1069 725 1117 780 m

57 805 148 866 ταῦτα
162 806 281 887 ἔλεγον
297 806 420 869 τοῦτον
432 798 494 870 τάν
509 807 649 891 βασιλέα
664 803 750 887 ζωὸν
763 812 949 928 καταβῆναι
962 806 1052 876 κάτω

57 922 85 974 ες
96 923 151 964 τον
164 897 227 968 οί”
217 907 370 985 Ελληνες
383 896 484 986 ἀίδην
503 907 675 1026 νομίζρυσι
690 901 792 986 εἶναι,
816 901 951 974 κάκείθι
968 923 1052 992 συγ-

53 999 194 1086 κυβεύειν
221 1007 267 1090 τῇ
295 1001 466 1127 Δρμητρι,
496 1002 612 1072 καὶ
573 1029 616 1073 τα
641 1002 704 1092 μὲν
730 1009 829 1074 νικᾶν
855 1001 980 1092 αὐτὴν,
1013 1003 1053 1072 τά

53 1100 84 1168 δε
106 1102 289 1171 ἑσσοῦσθαι
320 1100 384 1172 υπ’
414 1100 538 1191 αὐτῆς,
569 1111 630 1173 καί
658 1131 716 1192 μιν
742 1105 844 1174 πάλιν
874 1100 1054 1176 ἀπικέσθαι

56 1208 152 1289 σάρον
171 1208 294 1290 έχοντα
313 1201 394 1290 παρ’
412 1200 516 1289 αὐτῆς
532 1205 775 1291 χειρόμακτρον
794 1203 947 1290 χρύσεον.
981 1197 1048 1271 ἀπό

55 1304 85 1372 d}
96 1311 148 1391 τῆς
161 1301 380 1391 Ῥαμψινίτου
393 1303 613 1392 καταβάσιος,
636 1301 681 1383 ὡς
694 1302 798 1372 πάλιν
812 1300 965 1393 ἀπίκετο,
988 1301 1048 1392 ὁρ-

54 1399 105 1488 τὴν
123 1400 162 1490 δὴ
182 1400 328 1488 ἀνάγειν
343 1407 551 1488 Αἰγυπτίους
571 1407 718 1488 έφασαν,
740 1398 803 1489 τὴν
822 1405 878 1472 καί
892 1398 957 1488 έγά
973 1399 1048 1469 οἶδα

54 1508 92 1568 ἔτι
103 1503 156 1570 καί
169 1505 204 1582 ές
222 1503 280 1588 ἐμὲ
297 1502 525 1579 ἐπιτελέοντας
545 1496 686 1580 αὐτούς·
720 1497 762 1568 οὐ
781 1502 894 1588 μέντοι
915 1510 981 1569 είτε
1001 1496 1046 1568 δι’

53 1599 119 1670 ἀλλο
133 1627 165 1670 τι
186 1611 254 1672 εἴτε
275 1598 331 1669 ἀιά
344 1606 450 1669 ταῦτα
463 1597 639 1688 ὁρτάζουσι
653 1604 716 1687 έχω
735 1602 855 1688 λέγειν.
889 1604 997 1686 φάρος
1011 1599 1048 1666 δέ

52 1695 230 1788 αὐτημερὸν
250 1697 478 1787 ἐξυφήναντες
502 1701 538 1765 οἱ
552 1699 640 1785 ίρέες
659 1694 733 1766 κατ’
757 1689 807 1768 ἀν
829 1701 953 1784 ἔδησαν
974 1693 1048 1776 ένάς

52 1795 149 1866 αὐτῶν
161 1805 265 1887 μίτρῃ
278 1797 359 1885 τούς
374 1795 593 1884 ὀφθαλμούς,
607 1793 791 1883 ἀγαγόντες
807 1797 847 1865 δέ
857 1821 916 1882 μιν
930 1800 1047 1882 ἔχοντα

50 1893 80 1962 τὸ
99 1904 203 1984 φᾶρος
229 1899 264 1977 ές
287 1893 373 1967 ὁδὸν
396 1896 571 1984 φέρουσαν
592 1896 627 1976 ές
649 1892 726 1982 ίρόν
747 1893 926 1983 Δήμητρος
951 1887 1047 1958 αὐτοὶ

50 1992 309 2066 ἀπαλλάσσονται
322 1992 445 2064 ὀπίσω·
467 1991 529 2062 τὸν
543 1995 581 2063 δέ
593 1995 668 2080 λρέα
686 2002 808 2064 τοῦτον
825 1989 1044 2075 καταδεθεμέ·

50 2092 192 2175 κοντοὺς
208 2089 411 2181 ὀφθαλμοάς
422 2092 558 2178 λέγουσι
571 2088 639 2161 ὑπὸ
655 2092 717 2161 δύο
728 2090 844 2163 λύκων
854 2085 997 2173 ἀγεσθαι
1012 2086 1045 2163 ές

49 2187 79 2255 τὸ
97 2190 170 2280 ίράν
187 2199 250 2281 τῆς
268 2191 449 2281 Δήμητρος
474 2181 599 2276 ἀπέχον
620 2196 679 2276 τῆς
699 2189 814 2269 πόλιος
840 2196 944 2257 είκοσι
963 2204 1044 2252 στα-

49 2292 143 2379 δίους,
165 2296 223 2362 καὶ
245 2284 340 2370 αὖτις
359 2288 467 2359 ὀπίσω
490 2292 527 2359 έκ
546 2297 609 2358 τοῦ
629 2294 706 2376 ίροῦ
728 2288 872 2379 ἀπάγειν
891 2313 951 2376 μιν
963 2284 1044 2365 τοὺς

49 2389 159 2471 λύκους
172 2394 207 2471 ές
220 2388 328 2461 τάυτό
343 2395 478 2478 χωρίον.

122 2494 217 2559 Τοῖσι
231 2495 295 2577 μέν
306 2516 375 2557 νυν
386 2481 447 2557 ἀπ’
465 2493 663 2575 Αἰγυπτίων
675 2489 886 2574 λεγομένοισι
905 2484 1045 2573 χράσθω
1059 2500 1109 2556 12³

50 2580 118 2675 ὅπερ
130 2585 173 2655 τά
190 2593 329 2657 τοιαῦτα
343 2586 477 2656 πιθανά
497 2590 582 2656 έστι·
605 2587 677 2673 ἐμοὶ
697 2585 734 2653 δὲ
752 2583 843 2674 παρά
861 2585 971 2654 πάντα
985 2582 1046 2653 τὸν

50 2680 138 2766 λόγον
151 2680 352 2773 ἀποκέεται,
381 2683 432 2753 ὅτι
456 2682 499 2753 τά
524 2683 690 2771 λεγόμενα
710 2680 769 2752 ὑπ’
793 2684 941 2753 ἑκάστων
962 2680 1047 2773 ἀκοῇ

50 2777 164 2863 γράφω.
198 2780 436 2870 ἀρχηγετεάειν
458 2781 495 2851 δὲ
515 2788 583 2850 τῶν
606 2780 697 2849 κάτω
713 2780 893 2868 Αἰγύπτιοι
910 2783 1045 2867 λέγουσι

50 2876 198 2967 Δήμητρα
210 2885 268 2951 καί
279 2882 464 2952 Διόνυσον.
487 2890 614 2971 πρῶτοι
631 2884 668 2953 δὲ
681 2884 737 2951 καὶ
750 2881 851 2951 τάνδε
864 2878 925 2951 τὸν
939 2879 1043 2965 λόγον

50 2978 216 3099 Αθγάκτιοί
230 2987 295 3051 είσι
314 2988 350 3051 οί
374 2980 586 3069 είπόυτες,’
564 3008 609 3062 ως
630 2980 819 3090 ἀνθρώπου
841 2977 931 3067 ψυχὴ
951 2976 1043 3048 ἀθά-

49 3078 134 3157 νυτάς
147 3084 232 3168 ἐστι,
253 3090 315 3179 τοῦ
328 3084 480 3171 σώματος
491 3083 528 3152 δὲ
539 3080 810 3171 καταφθίνοντος
820 3086 853 3162 ές
863 3080 945 3150 ἀλλο
957 3085 1043 3171 ζῷον

50 3180 102 3247 αίεί
118 3180 299 3270 γινόμενον
313 3184 484 3254 έσθάεται·
513 3182 616 3253 έπεάν
637 3184 674 3254 θλ
694 3185 858 3274 περιέλθῃ
877 3180 987 3249 πάντα
1000 3176 1042 3249 τά

50 3296 171 3366 χερσαῖα
186 3282 291 3353 καί
254 3312 296 3354 τα
312 3286 485 3356 θαλάσσια
505 3284 616 3355 καὶ
578 3313 620 3355 τα
645 3284 797 3409 πετειμά,
819 3276 913 3362 αὖτις
930 3280 1000 3374 ές’
981 3306 1041 3350 ccv·

49 3382 180 3501 θράπου
198 3393 292 3475 σωμα
302 3387 494 3476 γινόμενον
514 3387 687 3473 έσάἀνειν,
709 3382 772 3505 τὴν
789 3384 989 3470 περιήλυσιν
1005 3384 1043 3451 δέ

51 3475 122 3570 “fan
107 3487 286 3569 γίνεσθαι
301 3488 338 3554 έν
352 3491 562 3573 τρισχιλίοισι
575 3490 672 3555 ἔτεσι.
694 3470 803 3571 τοάτφ
817 3504 871 3630 τρεῃ
849 3478 1013 3607 λόγωι
982 3504 997 3545 ε
999 3481 1044 3546 coz
