2500 3925
371 191 456 248 LIB.
488 189 525 246 V.
561 188 661 246 cAP.
694 194 838 249 49—51.
1070 182 1111 248 23

96 344 282 436 Ἀρμενίων
298 347 334 416 δέ
349 349 520 436 Ματιηνοὶ
536 346 650 434 χεόμην
668 345 771 434 τήνθε
784 352 923 433 ἔχοντες.
952 352 1059 433 ἔχεται
1074 346 1111 414 θλ

101 445 233 514 τούτων
253 452 296 536 γή
317 444 378 534 ἡιλε
391 453 531 534 Κισσίη,
554 449 592 514 έν
610 453 652 535 τῇ
668 444 710 534 66
727 445 819 534 παρὰ
839 444 992 534 ποταμόν
1011 445 1111 514 τόνδε

102 544 265 632 Χοάσπην
276 545 413 634 κείμενά
428 547 497 614 ἐστι
513 543 554 614 τοὶ
569 553 689 615 Σοῦσα
704 553 827 633 ταῦτα,
849 551 936 615 ἔνθα
952 542 1110 633 βασιλεύς

102 671 138 713 τε
152 648 254 732 μέγας
265 650 397 716 δίαιταν
411 650 573 733 ποιέεται,
590 649 647 714 καὶ
662 653 732 714 τῶν
744 647 924 737 χρημάτων
935 650 969 714 ολ
976 657 1111 732 θησαυ-

103 747 155 831 ροὶ
172 744 324 812 ένθαῶτά
347 749 426 814 είσι·
459 744 592 824 ἑλόντες
612 747 650 812 δὲ
669 745 796 833 ταύτην
816 743 880 833 τὴν
900 745 1002 815 πόλιν
1021 754 1111 827 θαρ·

103 846 236 922 σέοντες
246 841 311 930 ἤδη
322 849 368 934 τῷ
378 847 438 912 Διλ
451 843 602 912 πλούτου
616 845 693 929 πέρι
707 845 836 930 ἐρίζετε.
859 840 945 914 ἀλλὰ
960 843 1036 930 περὶ
1049 841 1111 928 μἐν

103 943 212 1030 χεόρης
233 939 299 1030 ἀρα
326 939 368 1010 06
390 949 514 1029 πολλῆς
537 939 616 1015 οόθέ
645 942 734 1012 οὑτω
759 952 902 1032 χρηστῆς
921 945 977 1012 καλ
997 940 1113 1025 οὔρων

104 1047 256 1128 σμικρῶν
268 1039 378 1126 χρεῶν
393 1041 461 1108 έσει
475 1037 579 1126 ὑμέας
592 1042 698 1129 μάχας
711 1040 965 1132 ἀναβάλλεσθαι
979 1039 1064 1124 πρός
1077 1064 1112 1107 τε

103 1145 320 1227 Μεσσηνίους
336 1138 453 1219 ἐόντας
467 1143 663 1228 ἰσοπαλέας,
678 1143 734 1212 καὶ
744 1139 906 1227 Ἀρκάδας
918 1165 955 1208 τε
968 1140 1024 1207 καὶ
1035 1134 1112 1220 Ἀρ-

102 1243 231 1328 γείους,
258 1252 344 1307 τοῖσι
368 1235 446 1308 οὔτε
470 1244 600 1324 χρυσοῦ
626 1239 787 1328 ἐχόμενόν
813 1242 881 1309 ἐστι
908 1236 1010 1307 οὐδὲν
1034 1232 1112 1302 οὔτε

102 1335 273 1424 ἀργύρου,
297 1342 366 1404 τῶν
380 1336 457 1423 πέρι
474 1343 534 1405 καί
546 1362 623 1406 τινα
642 1337 756 1424 ένάγει
776 1342 950 1427 προθυμίη
966 1332 1113 1422 μαχόμε-

104 1463 166 1507 νον
181 1432 430 1522 ἀποθνήσκειν·
457 1437 603 1521 παρέχον
618 1436 655 1503 δὲ
674 1443 732 1522 τῆς
750 1433 860 1522 Ἀσίης
872 1432 981 1520 πάσης
997 1429 1112 1518 ἄρχειν

103 1531 283 1620 εὐπετέως,
306 1529 388 1600 ἀλλο
409 1558 441 1599 τι
458 1531 657 1620 αίρήσεσθες
675 1531 911 1622 Ἀρισταγόρης
931 1535 995 1619 μέν
1008 1535 1112 1598 ταῦτα

104 1633 424 1718 έλεξε,Κλεομένης
442 1629 478 1697 δέ
495 1627 649 1718 ἀμείβετο
665 1635 805 1700 τοισίδε·
836 1623 878 1698 Ὦ
896 1633 982 1710 ξεῖνε
998 1623 1113 1711 Μιλή-

104 1749 172 1817 σιε,
194 1726 430 1817 ἀναβάλλομαί
439 1754 492 1795 τοι
512 1729 545 1808 ές
565 1733 681 1815 τρίτην
695 1726 824 1816 ἡμέρην
837 1724 1110 1814 ὑποκρινέεσθαι.
1185 1750 1188 1755 ·

107 1827 190 1896 Τότε
203 1826 266 1913 μέν
280 1828 314 1905 ές
329 1831 470 1894 τοσοῦτο
490 1822 637 1912 ἤλασαν,
667 1828 775 1894 ἐπείτε
801 1828 838 1892 66
853 1821 874 1911 6
890 1828 990 1910 κυρίη
1006 1817 1112 1906 ἡμέρη
1127 1845 1163 1896 50

104 1930 236 2014 ἐγένετο
256 1933 314 2013 τῆς
337 1923 534 2013 ὑποκρίσιος
556 1926 612 1993 καὶ
632 1917 744 2011 ἡλθον
763 1925 797 2004 ές
815 1920 854 1992 τό
881 1925 1112 2008 συγκείμενον,

106 2035 211 2111 εἴρετο
228 2020 246 2093 6
262 2027 453 2111 Κλεομένης
467 2020 529 2093 τόν
540 2020 797 2112 Ἀρισταγόρην,
815 2020 948 2092 ὁκόσων
961 2016 1112 2107 ἡμερέων
1234 2024 1238 2031 ’

105 2122 171 2193 ἀπο
160 2122 359 2210 θαλάσσης
372 2128 430 2209 τῆς
449 2119 572 2190 Ἰοόνων
592 2119 671 2202 ὁδὸς
687 2132 737 2210 είη
753 2147 845 2210 παρα
832 2119 1014 2208 βασιλέα
1042 2141 1060 2184 ο
1048 2112 1114 2181 δὲ

103 2214 337 2311 Ἀρισταγόρης
355 2214 460 2289 τᾶλλα
478 2219 545 2289 έῶν
566 2219 673 2309 σοφός
693 2224 750 2289 καλ
769 2219 962 2338 διαβάλλων
983 2218 1114 2284 έκείνον

104 2314 145 2390 εὑ
161 2324 198 2389 έν
218 2320 326 2411 τούτω
343 2319 490 2406 ἐσφάλη·
512 2317 621 2407 χρεῶν
639 2320 706 2407 γάρ
726 2345 787 2405 μιν
800 2343 845 2405 μη
834 2314 978 2402 ’λέγειν
991 2337 1029 2381 το
1017 2309 1114 2398 ⁸666,

57 2426 61 2437 '
103 2388 317 2508 βουλόμενόὺ
332 2444 371 2505 γε
377 2420 599 2537 Σπαρτιήτας
613 2422 787 2505 ἐξαγαγεῖν
801 2413 882 2496 ές“
846 2442 909 2501 την
919 2412 1044 2500 Ἀσίην,
1059 2414 1115 2481 λε’·

104 2545 157 2606 γει
179 2516 209 2586 6’
238 2512 287 2585 ῶν
310 2524 414 2605 τριῶν
438 2524 556 2604 μηνῶν
580 2516 647 2604 φάς
668 2513 814 2584 εἶναι’
778 2541 841 2601 την
863 2512 998 2581 ἀνοὸον.
1032 2507 1051 2579 6
1078 2507 1115 2577 δὲ

104 2615 306 2703 ὑπαρπάσας
326 2612 387 2682 τόν
413 2618 586 2683 ἐπίλοιπον
606 2616 726 2702 λόγον,
759 2610 820 2679 τόν
841 2608 860 2679 6
879 2606 1115 2694 Ἀρισταγόρης

107 2714 241 2803 ῶρμητο
258 2715 370 2799 λέγειν
385 2716 461 2798 περὶ
481 2721 538 2799 τῆς
553 2710 653 2800 6606,
677 2711 763 2781 ε·ἶπε
796 2706 836 2779 Ὦ
852 2714 939 2791 ξεῖνε
953 2706 1114 2792 Μιλήσιε,

105 2814 350 2884 ἀπαλλάσσεο’
333 2838 369 2881 εκ
381 2810 540 2901 Σπάρτης
555 2810 620 2902 πρό
638 2814 759 2892 τλάντος
774 2810 889 2898 ἡλίου
911 2806 1035 2876 οὐδένα
1049 2801 1115 2924 γάρ

106 2915 209 3001 λόγον
223 2908 344 2979 εὐεπέα
357 2913 463 2995 λέγεις
474 2914 781 2997 Λακεδαιμονίοισι,
793 2910 922 2976 ἐθέλων
932 2907 1037 2992 σφέας
1049 2895 1115 2970 ἀπὸ

105 3013 280 3098 θαλάσσης
300 3018 403 3097 τριῶν
419 3018 537 3097 μηνῶν
557 3010 641 3082 ὑάόν
660 3010 808 3099 ἀγαγεῖν.
836 3036 855 3078 ο
842 3006 936 3095 μέν
950 3003 991 3092 66
1005 3011 1114 3071 Κλεο-
1130 3022 1161 3074 51

106 3118 208 3202 μένης
230 3115 334 3179 ταῦτα
357 3106 492 3187 είπας”
470 3136 521 3196 ηιε
542 3112 575 3189 ές
598 3106 640 3178 τά
660 3116 765 3196 οἰ,κία
786 3104 805 3176 6
827 3109 865 3176 δέ
881 3102 1117 3221 Ἀρισταγόρης

109 3208 259 3299 λαβῶνί
257 3214 413 3295 κετηρίην
439 3204 491 3292 ἡιε
519 3210 552 3286 ἐς
576 3214 638 3276 τοῦ
644 3209 882 3293 Κλεομένεος,
908 3198 1059 3271 έσελθῶν
1080 3198 1118 3268 δέ

107 3306 225 3379 έσω”
201 3333 260 3377 ατε
284 3304 445 3374 ἱκετεύων
471 3307 655 3374 ἐπακοῦσαι
677 3307 809 3373 ἐκέλευε
830 3298 892 3371 τόν
913 3299 1117 3385 Κλεομένεα,

108 3406 352 3491 ἀποπέμψαντα
367 3429 403 3472 το
393 3391 567 3473 ’παιδίον
589 3404 813 3492 προσεστήκεε
823 3398 889 3489 γάρ
900 3398 984 3490 66
953 3426 999 3468 τω
984 3403 1119 3467 Κλεο-
