2500 3925
357 260 513 316 LIB..V.
548 260 647 317 cAP.
678 263 819 318 38-43.
1055 255 1096 320 19

83 419 120 486 δέ
134 414 175 484 ού
195 425 325 487 πολλοῦ
345 417 543 496 διελθόντος
562 414 583 504 ἡ
601 415 782 498 ἐσύστερον
797 417 989 485 ἐπελθοῦσα
1006 415 1095 504 γυνή

83 521 183 582 τίκτει
197 512 258 582 τόν
277 512 319 602 δή
337 519 528 602 Κλεομένεα
549 522 681 584 τοῦτον.
714 516 770 582 καὶ
790 513 876 602 αὕτη
896 543 932 585 τε
953 522 1096 603 έπεδρον

83 616 221 700 βασιλέα
232 614 463 705 Σπαρτιήτῃσι
478 613 661 701 ἀπέφαινε,
676 617 732 681 καί
742 611 765 700 ἡ
776 618 921 702 προτέρη
936 614 1024 704 γυνή
1034 613 1096 683 τόν

85 712 250 798 πρότερον
264 711 390 800 χρόνον
410 712 530 792 ἀτοκος
551 715 655 781 ἐοῦσα
669 711 744 780 τότε
766 737 835 790 κως
853 714 992 801 ἐκύησε,
1011 735 1096 781 συν-

84 817 180 900 τυχίη
192 813 297 902 ταύτῃ
312 816 513 900 χρησαμένη.
538 819 683 899 ἔχουσαν
696 815 733 880 δέ
747 810 854 898 αύτήν
868 812 990 902 ἀληθέι
1005 815 1096 906 λόγῳ

87 915 120 978 οί
131 917 190 996 τῆς
205 910 415 996 ἐπελθούσης
433 909 594 999 γυναικός
609 909 731 996 οἰκήιοι
751 911 942 997 πυθόμενοι
959 911 1096 1000 ὤχλεον,

88 1008 234 1095 φάμενοι
255 1005 363 1095 αὐτήν
385 1011 545 1095 κομπέειν
565 1007 675 1086 ἀλλως
695 1013 907 1096 βουλομένην
928 1007 1098 1098 ὑποβαλέ-

86 1117 178 1175 σθαι.
204 1106 298 1175 δεινά
316 1111 353 1178 δέ
372 1109 562 1177 ποιεύντων
577 1105 708 1194 αύτῦν,
729 1115 792 1176 τοῦ
806 1106 932 1195 χρόνου
946 1109 1097 1195 συντόμ-

88 1235 223 1294 νοντος,
245 1205 306 1276 ὑπ’
325 1207 477 1297 ἀπιστίης
499 1214 532 1279 ol
545 1216 664 1298 ἔφοροι
682 1217 863 1278 τίκτουσαν
875 1207 938 1296 τήν
952 1222 1097 1294 γυναλκα

87 1307 310 1393 περιιζόμενοι
331 1309 511 1395 ἐφύλαξαν.
544 1307 566 1396 ἡ
591 1309 629 1377 δὲ
651 1307 695 1388 ὡς
716 1314 806 1376 ἐτεκε
820 1313 972 1395 Δωριέα,
994 1310 1098 1386 ίθέως

88 1415 171 1494 ἴσχει
182 1413 372 1494 Λεωνίδην,
388 1413 443 1478 καὶ
456 1407 539 1497 μετὰ
553 1417 676 1478 τοῦτον
690 1409 791 1486 ίθέως
805 1417 887 1493 ίσχει
898 1407 1098 1495 Κλεόμβρο-·

89 1529 162 1571 τον·
191 1509 225 1572 οί
244 1505 281 1572 δέ
299 1508 354 1572 καὶ
374 1507 538 1591 διδύμους
560 1509 695 1592 λέγουσι
717 1503 956 1592 Κλεόμβροτόν
978 1531 1016 1572 τε
1039 1505 1097 1573 καὶ

89 1606 263 1688 Λεωνίδην
277 1595 453 1688 ’γενέσθαι
486 1601 508 1691 ἡ
532 1607 568 1672 δὲ
592 1607 784 1690 Κλεομένεα
810 1610 954 1671 τεκοῦσα
979 1601 1096 1672 καὶτὸ

91 1701 251 1785 δεύτερον
265 1703 456 1771 ἐπελθοῦσα
471 1715 574 1791 γυνή,
591 1705 695 1771 ἐοῦσα
707 1699 864 1788 θυγάτηρ
879 1703 1097 1788 Πρινητάδεω

91 1825 151 1865 του
138 1804 412 1888 Δημαρμένου,
427 1798 539 1869 ούκέτι
555 1806 661 1868 ἔτικτε
675 1827 713 1868 το
702 1798 896 1884 δεύτερον.
927 1798 964 1866 ‘0
978 1801 1041 1885 μέν
1055 1798 1097 1886 δή
1112 1811 1146 1866 42

90 1899 339 1988 Κλεομένης,
318 1928 365 1981 ως
383 1897 572 2025 λέχεται,’
550 1929 595 1991 ην
609 1928 646 1971 τε
665 1899 708 1971 ού
722 1899 893 2025 φρενήρης
906 1896 1099 1987 ἀκρομανής

94 2024 143 2085 τε,
163 1996 234 2067 ὁδε
247 1995 436 2084 Δωριεύς
414 2028 458 2087 ην
470 2028 539 2069 των
551 2001 680 2089 ηλίκων
692 2002 831 2069 πάντων
843 2023 991 2087 πρωτος,
1007 1990 1047 2065 εά
1062 2021 1099 2064 τε

91 2050 250 2183 ήτίίστατο
277 2095 350 2164 κατ’
374 2096 608 2187 ἀνδραγαθίην
632 2097 733 2179 αάτός
759 2100 893 2186 σχήσων
913 2094 977 2184 τήν
1000 2103 1099 2183 βασι-

93 2200 199 2284 ληίην.
223 2193 308 2265 ωστε
323 2224 372 2265 ων
389 2196 477 2266 οὕτω
492 2200 664 2287 φρονέων,
679 2194 827 2283 έπειδη”
806 2223 872 2265 οτε
882 2194 1099 2278 Ἀναξανδρί-

93 2301 152 2383 δης
175 2294 326 2365 ἀπέθανε
343 2302 457 2369 καίί
423 2328 440 2368 ο
442 2299 729 2386 [Λακεδαιμόνιοι
748 2297 976 2387 χρεόμενοι
944 2302 991 2363 τό
1005 2293 1099 2383 νόμρι

92 2396 272 2517 ἐστήσαντο
287 2403 425 2485 βασιλέα
438 2425 499 2467 τον
513 2397 745 2485 πρεσβύτατον
755 2389 1000 2480 Κλεομένεα,
985 2418 1004 2459 ο
1019 2402 1100 2460 Δω-

93 2492 186 2580 ριεύς
200 2496 316 2565 δεινόν
328 2522 365 2563 τε
379 2494 580 2582 ποιεύμενος
594 2498 651 2562 καὶ
670 2491 734 2560 ούκ
749 2488 882 2571 ἀξιοῦν’
865 2513 932 2557 οπο
920 2488 1100 2574 Κλεομέ-

92 2617 169 2671 νεος
189 2593 497 2680 βασιλεύεσθαι,α
476 2592 612 2679 αἰτήσας
638 2590 723 2675 ληόν
745 2587 959 2675 Σπαρτιήτας
982 2578 1101 2672 ήνεὲς

93 2688 266 2776 ἀποικίην,
289 2688 368 2757 οὔτε
385 2715 431 2778 τω
416 2691 487 2758 ἐν
500 2698 666 2776 Δελφοῖσι
679 2690 866 2775 χρηστηρίφ
879 2682 1098 2771 χρησόμενος,

93 2786 165 2867 ἐς”
142 2814 262 2875 ηντινα
275 2794 341 2877 γῆν
354 2758 478 2857 κτίσων
493 2796 544 2877 ίη,
559 2784 637 2855 ούτε
650 2785 791 2871 ποιήσας
805 2779 907 2849 οῦδὲν
919 2786 989 2849 τόν
1002 2803 1102 2863 υομν-
1132 2811 1136 2816 ·

94 2889 250 2975 ζομένων
274 2914 291 2955 ο
294 2886 328 2957 [a
343 2888 379 2957 δὲ
394 2892 523 2975 βαρέως
537 2890 668 2973 φέρων,
688 2880 779 2951 ἀπίει
793 2876 876 2959 ἐς
840 2906 903 2967 την
913 2875 1047 2965 Λιβύην
1058 2877 1101 2941 τά

94 2994 208 3054 πλοῖα·
231 2992 431 3075 κατηγέοντο
447 2990 532 3055 δέοί
545 2984 666 3070 ανδρες
676 2991 826 3069 Θηραῖοι
848 2969 1099 3061 ἀπικόμενοςδ’

96 3091 129 3163 ἐς
147 3092 281 3153 Κίνυπα
303 3096 408 3155 οίιιισε
432 3092 542 3172 χῦρον
564 3082 744 3152 κάλλιστον
766 3084 836 3145 τόν
850 3073 990 3161 Λιβύων
1010 3064 1101 3151 παρὰ

95 3186 256 3271 ποταμόν.
280 3186 494 3266 ἐξελαθεὶςδέ
505 3185 778 3269 ἐνθεῦτεντρίτφ
793 3170 939 3245 §mim
927 3170 1101 3239 Μακέων

94 3308 131 3352 τε
147 3284 288 3373 Λιβύων
303 3288 359 3353 καὶ
371 3287 614 3371 Καρχηδονίων
629 3277 766 3347 ἀπίκετο
778 3262 814 3353 ἐς
827 3269 1101 3354 Πελοπόννησον.

91 3380 260 3451 Ἐνθαῦτα
271 3386 311 3451 δέ
320 3388 354 3452 οί
362 3378 588 3469 ’Λντιχύρης’
570 3376 656 3465 ανὴρ
668 3374 841 3452 Ἐλεώνιος
855 3368 1104 3457 συνεβούλευσε
1115 3377 1150 3432 43

95 3483 135 3550 εἰι
151 3489 220 3550 τῶν
235 3489 344 3552 Λαΐου
359 3487 518 3571 χρησμῶν
526 3478 729 3565 Ἡράκλειαν
745 3470 808 3560 τήν
824 3472 862 3539 ἐν
877 3473 1016 3620 Σιχιελίχ
1032 3467 1104 3533 ml·
