2500 3925
103 280 108 289 ·
204 234 269 297 364
583 236 839 294 HERODOTI

141 412 192 467 160
206 415 332 483 στησαν
346 391 404 462 ἀπ’
421 390 537 462 αὐτού.
579 391 713 461 Τούτου
727 396 765 461 ἀὲ
778 400 840 461 τοῦ
852 394 984 464 Βάττου
996 403 1128 483 γίνεται
1139 407 1196 473 ταῖς

202 492 433 578 Ἀρκεσίλεως,
455 488 493 571 ός
513 489 716 579 βασιλεύσας
730 497 845 579 πρῶτα
861 506 947 561 τοῖσι
967 496 1099 563 ἑωυτοῦ
1119 489 1195 563 ἀσελ-

208 605 318 676 φεοῑσι
338 592 527 676 ἐστασίασε,
548 590 582 667 ές
605 585 625 655 ὅ
643 615 704 675 μιν
723 582 819 657 ούτοι
839 588 1063 672 ἀπολιπόντες
1084 600 1196 679 οίχονιο

208 691 242 769 ές
256 686 359 757 ἀλλον
372 695 484 777 χῶρον
498 693 557 774 τῆς
569 686 701 774 Λιβύης
719 690 776 756 καὶ
789 686 843 756 ἀπ’
861 692 996 758 έωυτάν
1012 691 1197 778 βαλλόμενοι

208 794 343 857 έκτισαν
357 786 458 855 πόλιν
472 786 617 874 ταύτην,
638 783 660 873 ἢ
674 786 749 854 τότε
763 790 820 856 καί
834 794 900 855 νύν
916 788 1031 878 Βάρκη
1045 793 1196 860 καλέεται·

208 893 372 970 κτίζοντες
386 883 417 954 δῖ
441 884 511 973 ἅμα
531 883 641 974 αύτὴν
660 882 819 955 ἀπιστᾶσι
837 884 904 956 ἀπό
926 895 995 957 τῶν
1009 895 1199 979 Κυρηναίαν

207 985 287 1066 τούς
301 992 438 1075 Λίβυας.
461 982 543 1073 μετὰ
565 987 601 1053 δὲ
618 981 832 1074 Ἀρκεσίλεως
853 989 887 1065 ές
906 986 986 1068 τούς
1005 986 1202 1074 όποδεξαμέ·

207 1111 290 1166 νους
302 1110 339 1153 τε
352 1090 422 1153 τῶν
437 1084 578 1174 Λιβύων
597 1087 654 1153 καὶ
669 1080 879 1164 ἀποστάντας
898 1083 978 1165 τούς
994 1083 1125 1167 αύτούς
1137 1087 1201 1154 τού

207 1208 287 1263 τους
303 1182 534 1269 ἐστρατεύετο·
556 1188 592 1251 ολ
601 1185 638 1252 δὲ
649 1189 773 1270 Λίβυες
784 1181 1073 1263 δείσαντεςαύτόν
1084 1194 1203 1271 οἴχοντο

208 1286 394 1375 φεύγοντες
408 1281 493 1372 πρός
505 1280 586 1363 τούς
598 1280 715 1371 ἠοίους
727 1290 797 1353 τῶν
810 1284 959 1373 Λιβύων.
982 1282 1001 1353 ὁ
1016 1285 1054 1353 δὲ
1067 1282 1203 1373 Ἀρκεσί-

207 1396 291 1466 λεως
311 1388 420 1455 εἵπετο
442 1384 625 1473 φεύγουσι,
648 1385 682 1463 ές
698 1380 718 1452 ό
735 1387 772 1452 έν
786 1384 947 1453 Λεύκωνί
956 1410 994 1452 τε
1012 1390 1073 1471 τῆς
1087 1381 1220 1471 ΛιβύαςΙ

207 1489 334 1576 έμίνετο
348 1485 537 1555 έπιόιύκων
552 1486 607 1554 καί
622 1488 714 1565 ἔδοξε
733 1498 820 1554 τοῖσι
834 1489 958 1573 Λίβυσι
973 1486 1158 1551 ἐπιθέσθαι
1171 1485 1203 1547 οί.
1218 1485 1220 1500 “

209 1586 438 1675 συμβαλόντες
448 1587 486 1654 δὲ
496 1588 655 1671 ἐνίκησαν
664 1581 744 1664 τούς
751 1589 966 1672 Κυρηναίους
976 1587 1122 1650 τοσοῦτο
1135 1578 1207 1647 ὥστε

209 1687 472 1772 ἑπτακισχιλίους
501 1680 637 1765 ὁπλίτας
662 1690 867 1773 Κυρηναίων
892 1684 1042 1756 ἐνθαῦτα
1070 1684 1205 1751 πεσέειν.

207 1780 289 1874 μετά
307 1782 344 1852 δὲ
362 1780 399 1851 τό
416 1789 530 1871 τρῶμα
553 1788 652 1851 τοῦτο
665 1780 883 1872 Ἀρκεσίλεων
904 1783 967 1870 μέν
986 1780 1165 1870 αάμνοντά
1180 1804 1208 1847 τι

207 1886 263 1953 καὶ
274 1883 455 1973 φάρμακον
468 1882 646 1953 πεπωκότα
660 1879 856 1971 ὁάόελφεός
865 1885 1013 1970 Λέαρχος
1021 1878 1207 1967 ἀποπνίγει,

207 1985 359 2072 Λέαρχον
374 1979 447 2071 δὲὴ
468 1979 555 2070 γυνὴ
576 1980 597 2070 ἡ
615 1980 812 2070 Ἀρκεσίλεω
833 1982 920 2072 δόλῳ
935 1987 1076 2068 κτείνει,
1097 1987 1143 2069 τῇ
1157 1975 1211 2045 ού-

142 2094 189 2152 161
205 2109 293 2169 νομα
309 2075 354 2171 ἦν
367 2081 502 2168 Ἐρυξύ.
547 2085 726 2163 Διεδέξατο
741 2083 778 2150 δὲ
791 2079 854 2169 τὴν
868 2085 1048 2170 βασιληίην
1061 2086 1128 2148 τού
1141 2076 1210 2159 ’Λρ-

206 2187 345 2250 κεσίλεω
367 2177 385 2250 ὁ
407 2193 485 2261 παῖς
499 2180 642 2266 Βάττος,
662 2174 1026 2266 χωλόςτεέύνκαὶούκ
1041 2175 1211 2265 ἀρτίπους.

206 2286 241 2350 ολ
271 2282 307 2348 δὲ
333 2287 522 2368 Κυρηναῖοι
547 2277 632 2368 πρὸς
656 2277 720 2366 τὴν
751 2283 1008 2367 καταλαβοῦσαν
1031 2272 1212 2396 συμφρρίμ

207 2387 356 2470 ἔπεμπον
386 2385 419 2460 ές
441 2379 600 2468 Δελφούς
622 2372 959 2499 έπειρησομένους,”
940 2400 1060 2444 οντινα
1086 2376 1216 2463 τρόπον

207 2481 493 2569 καταστησόμενοι
507 2481 668 2550 κάλλιστα
685 2473 729 2546 ἀν
743 2481 893 2547 οἰκέοιεν.
922 2473 998 2563 ἡδὲ
1009 2481 1131 2561 Πυθίη
1148 2475 1220 2577 ἐκέ-ρ

207 2593 285 2654 λευε
300 2584 337 2650 έκ
352 2585 546 2669 Μαντινέης
564 2586 622 2668 τῆς
639 2575 812 2667 Ἀρκάδων
826 2581 1070 2663 καταρτιστῆρα
1090 2569 1188 2660 ἀγαγ

207 2695 298 2754 σθαι.
322 2693 434 2752 αίτεον
449 2676 497 2752 ἀν
514 2688 549 2753 οί
556 2690 762 2770 Κυρηναῖοι
778 2684 878 2750 καλοί
863 2675 1077 2754 ίΜαντινέες
1091 2678 1179 2742 έόοσ

196 2781 314 2872 ἀνδρα
331 2809 399 2851 των
416 2781 528 2851 ἀστῶν
548 2781 848 2903 δοκιμώτατον,
816 2786 862 2847 τῶ
879 2776 1010 2863 ούνομα
1024 2766 1071 2864 ἦν
1086 2779 1220 2871 Ama&

206 2887 276 2963 ναξ.
311 2875 411 2961 οὗτος
432 2875 480 2950 ἀν
504 2877 595 2968 ἀνὴρ
617 2878 821 2967 ἀπικόμενος
841 2874 929 2957 ές
893 2903 956 2964 την
974 2872 1145 2961 Κυρηνην

205 2977 329 3068 μαθών
355 2983 476 3049 ἕκαστα
501 2985 600 3047 τοῦτο
632 2980 695 3065 μὲν
719 2975 905 3064 τριφύλους
934 2970 1071 3058 ἐποίησέ
1094 2988 1196 3056 σφεα

204 3083 284 3168 τῇδε
306 3081 452 3165 διαθεὶς,
482 3083 641 3165 Θηραίων
663 3077 726 3163 μὲν
752 3080 809 3144 καὶ
833 3080 902 3142 τεόν
927 3076 1108 3160 περιοίκων
1137 3056 1220 3157 μίαά

205 3193 328 3267 μοῖραν
342 3184 491 3266 ἐποίησε,
513 3177 619 3266 ἀλλην
637 3181 673 3248 δὲ
686 3179 971 3263 Πελοποννησίων
986 3174 1043 3239 καὶ
1056 3168 1220 3258 Κρητῶν,Ξ

205 3284 319 3365 τρίτην
331 3280 366 3346 δὲ
378 3282 569 3365 νησιωτέων
580 3279 729 3363 πάντων,
741 3283 840 3346 τοῦτο
853 3276 889 3343 δὲ
899 3280 945 3363 τῷ
956 3275 1086 3360 βασιλέι
1092 3268 1220 3360 ΒοὶττςρΙ

203 3369 342 3460 τεμένεα
362 3374 484 3456 έξελάν
504 3380 560 3445 καὶ
586 3377 746 3465 ίροσύνας
766 3372 807 3443 τά
823 3371 909 3442 ἀλλα
921 3369 1050 3456 πάντα,
1068 3367 1108 3438 τά
1129 3370 1220 3463 πρύμΙ

139 3483 187 3538 162
199 3495 299 3557 τερον
316 3469 405 3557 εἶχον
420 3477 454 3541 οί
468 3475 635 3562 βασιλέες,
658 3476 692 3553 ές
708 3476 811 3566 μέσον
825 3477 871 3566 τῷ
885 3469 980 3559 δήμῳ
994 3473 1104 3555 ἔθηκε.
1149 3467 1220 3539 'm
