2500 3925
338 248 421 305 κιο.
453 248 501 303 1v.
535 246 633 305 οΛΡ.
665 252 839 311 ιιι-τεο
1026 244 1088 311 ³⁷1

111 404 204 492 ἑωυτῷ
216 408 332 473 δοῦναι
348 402 409 472 τόν
423 408 582 491 τρίποδα,
597 404 753 493 φάμενόν
764 429 825 496 σφι
836 414 891 479 καλ
903 408 965 479 τδν
979 409 1089 495 πόρου

109 503 197 580 δεξειν
215 503 267 570 καλ
291 500 464 591 ἀπήμονας
484 501 706 573 ἀποστελέειν.
737 513 946 594 πειθομένου
966 509 1003 578 δέ
1026 516 1088 577 τοῦ

105 595 227 685 Ἰήσονος
241 599 330 669 οὕτω
344 599 385 689 δή
401 602 462 671 τόν
472 628 508 670 τε
519 605 697 671 διέκπλοον
707 610 776 671 τῶν
786 611 938 693 βραχέων
952 606 1089 675 δεικνύ-

108 724 151 764 ναι
164 696 222 767 ’τόν
245 701 398 787 Τρίτωνά
423 721 501 787 σφι,
527 704 582 769 καί
604 698 666 770 τὸν
686 706 827 788 τρίποδα
845 713 961 771 θεῖναι
980 706 1018 771 ἐν
1041 710 1088 794 τῷ

105 801 214 866 ἑαυτοῦ
233 804 295 889 ἱρῷ
310 800 572 870 ἐπιθεσπίσαντά
586 826 621 867 τε
642 807 688 890 τῷ
701 806 834 886 τρίποδι
851 807 907 872 καλ
919 817 1006 873 τοῖσι
1022 802 1088 871 σύν

102 893 202 982 Ἰήσονι
217 896 411 986 σημήναντα
425 898 486 968 τόν
499 900 609 967 πάντα
624 899 745 985 λόγον,
767 898 812 979 ὡς
826 899 929 969 ἐπεάν
942 898 1003 969 τόν
1015 910 1089 989 τρί-
1174 903 1183 920 ”

103 998 174 1063 ποδα
186 1004 360 1084 κομίσηται
374 1006 443 1067 τῶν
456 1025 506 1078 τις
519 998 671 1084 ἐκγόνων
683 1005 753 1066 τῶν
772 1003 810 1067 ἐν
824 1006 864 1088 τῇ
876 997 991 1087 Ἀργοῖ
1001 1020 1089 1086 συμ-

103 1095 286 1182 πλωόντωυ,
308 1097 382 1166 τότε
404 1097 523 1167 ἑκατόν
553 1096 650 1177 πόλις
676 1104 809 1186 οίκήσαι
832 1102 910 1185 περί
928 1097 991 1187 τήν
1008 1106 1090 1186 Τρι-

102 1197 207 1263 τωνίδα
223 1202 347 1283 λίμνην
361 1195 553 1285 Ἑλληνίδας
566 1204 672 1265 πᾶσαι
693 1196 778 1265 εἶναι
793 1194 955 1285 ἀνάγκην.
982 1204 1089 1265 ταῦτα

101 1288 295 1373 ἀκούσαντας
314 1296 394 1374 τούς
416 1299 611 1383 ἐπιχωρίους
631 1303 700 1363 τόν
719 1296 858 1383 Λιβύων
880 1296 1006 1383 κρύφαι
1025 1293 1087 1366 τόν

100 1395 230 1476 τρίποδα.

173 1489 314 1557 Τούτων
328 1490 364 1559 δέ
381 1497 511 1578 ἔχονται
525 1497 594 1557 τάν
608 1491 783 1577 Μαχλύων
798 1489 964 1571 Αὐσέες.
993 1484 1088 1559 οὗτοι
1106 1510 1155 1567 18⁰

99 1588 129 1655 δὲ
145 1591 197 1659 καλ
216 1594 251 1658 ολ
269 1590 430 1677 Μάχλυες
452 1594 545 1673 πέριξ
561 1588 624 1677 τήν
648 1595 833 1675 Τριτωνίδα
855 1596 978 1679 λίμνην
998 1594 1089 1660 οίτιέ-

99 1706 178 1773 ουσι,
204 1686 242 1756 τό
266 1692 369 1775 μέσον
393 1692 432 1757 δέ
451 1708 512 1775 σφι
532 1685 655 1777 οὐρίζει
675 1686 694 1757 ὁ
715 1696 853 1775 Τρίτων.
886 1690 942 1759 καλ
966 1694 1000 1758 οί
1024 1691 1087 1776 μέν

97 1785 244 1873 Μάχλυες
259 1786 301 1855 τὰ
316 1785 422 1857 ὀπίσω
436 1790 595 1875 κομέουσι
608 1796 667 1875 τής
681 1795 844 1876 κεφαλῆς,
860 1793 896 1857 οί
908 1792 946 1857 δέ
960 1786 1088 1868 Αὐσέες

44 1904 46 1919 ’
97 1881 127 1949 τά
142 1890 320 1972 ἔμπροσθε.
344 1884 425 1978 ὁρτῇ
447 1889 484 1955 δὲ
498 1890 651 1973 ἐνιαυσίῃ
667 1883 847 1974 Ἀθηναίης
865 1890 904 1953 αι’
919 1886 1087 1972 παρθένοι

96 1983 194 2053 αὐτῶν
215 1992 291 2073 δίχα
308 1991 483 2056 διαστᾶσαι
505 1987 667 2073 μάχονται
688 1983 773 2071 πρὸς
796 1981 941 2073 ἀλλήλας
961 1990 1091 2054 λίθοισί

96 2086 195 2153 τεκαὶ
216 2086 365 2172 ξύλοισι,
385 2093 426 2174 τῇ
447 2084 615 2172 αὐτιγενέι
632 2091 704 2175 θεῷ
723 2086 881 2170 λέγουσαι
901 2082 942 2152 τά
962 2084 1086 2167 πάτρια

94 2179 293 2269 ἀποτελέειν,
313 2181 377 2270 τήν
391 2181 576 2270 Ἀθηναίην
595 2185 767 2269 καλέομεν.
800 2179 860 2262 τάς
879 2185 916 2251 δὲ
933 2180 1090 2268 ἀποθνη-

95 2281 229 2362 σκούσας
242 2289 313 2350 τῶν
327 2285 509 2370 παρθένων
523 2285 559 2350 ἐκ
573 2287 642 2348 τοῖιν
653 2281 837 2368 τρωμάτων
850 2282 1089 2366 ψευδοπαρθέ-

93 2403 164 2458 νους
189 2382 359 2449 καλέουσι.
393 2383 473 2468 πρὶν
495 2377 527 2448 δ’
554 2377 685 2448 ἀνεῖναι
700 2376 804 2458 αὐτάς
823 2379 989 2466 μάχεσθαι
1009 2377 1090 2446 τάδε

94 2486 234 2549 ποιεῦσι·
258 2488 355 2568 κοινῇ
369 2484 544 2566 παρθένον
558 2476 621 2567 τήν
634 2477 920 2548 καλλιστεύουσαν
934 2477 1090 2545 ἑκάστοτε

92 2580 313 2666 κοσμήσαντες
323 2585 427 2669 κυνέη
437 2605 473 2648 τε
483 2586 654 2667 Κορινθίχ
669 2581 724 2646 καλ
737 2585 905 2665 πανοπλίη
913 2574 1090 2662 Ἑλληνικῇ

93 2681 140 2744 καὶ
166 2676 220 2746 ἐπ’
247 2676 338 2766 ἅρμα
364 2676 630 2765 ἀναβιβάσαντες
654 2676 853 2762 περιάγουσι
878 2673 941 2762 τήν
967 2680 1090 2760 λίμνην

93 2776 207 2867 κύκλφ.
241 2772 365 2844 ὁτέοισι
388 2776 424 2845 δὲ
444 2774 482 2844 τό
505 2777 608 2844 πάλαι
628 2774 790 2860 ἐκόσμεον
816 2770 875 2851 τάς
895 2775 1089 2859 παρθένους

92 2877 163 2960 πρὶν
175 2874 200 2964 ἤ
214 2896 276 2962 σφι
283 2873 445 2964 Ἕλληνας
458 2882 739 2962 παροικισθῆναι,
754 2870 817 2941 οὐκ
831 2877 894 2959 ἔχω
912 2869 1011 2956 εἶπαι,
1029 2874 1089 2937 δο-

93 2979 149 3044 κέω
164 2976 196 3046 δ’
219 2971 269 3045 τόν
282 2983 495 3063 Αἰγυπτίοισι
510 2976 644 3045 ὅπλοισι
658 2978 861 3061 κοσμέεσθαι
876 2968 997 3050 αὐτάς·
1020 2965 1087 3037 ἀπό

91 3073 149 3162 γάρ
165 3076 341 3162 Αίγύπτου
356 3078 411 3143 καλ
424 3074 486 3162 τήν
500 3072 623 3142 ἀσπίδα
640 3076 696 3142 καί
710 3071 747 3141 τό
763 3071 888 3160 κράνος
909 3070 994 3155 φημί
1010 3065 1089 3134 ἀπλ-

91 3184 164 3253 χθαι
185 3177 220 3253 ἐς
234 3171 314 3253 τούς
328 3171 497 3259 Ἕλληνας.
526 3169 589 3258 τήν
608 3173 646 3241 δέ
662 3170 846 3258 Ἀθηναίην
866 3168 949 3254 φασί
964 3172 1089 3233 Ποσει-

92 3267 211 3353 δέωνος
225 3271 310 3341 εἶναι
323 3276 496 3358 θυγατέρα
510 3274 564 3340 καλ
584 3279 643 3360 τής
660 3273 862 3358 Τριτωνίδος
877 3271 1012 3353 λίμνης,
1035 3268 1094 3332 καί

92 3395 145 3452 μιν
159 3371 375 3458 μεμφθεῖσάν
387 3398 419 3440 τι
433 3377 479 3462 τῷ
494 3375 593 3457 πατρὶ
607 3376 729 3439 δοῦναι
740 3363 869 3453 ε’ωντήυ
879 3371 925 3456 τῷ
935 3362 1013 3450 Διί,
1029 3359 1090 3430 τόν

93 3466 124 3534 δὲ
146 3475 214 3538 Δία
234 3473 361 3538 ἑωυτοῦ
381 3497 440 3556 μιν
460 3471 667 3555 ποιήσασθαι
687 3467 868 3551 θυγατέρα.
891 3468 1007 3611 {afta
1027 3459 1092 3544 μέν
