2500 3925
389 278 527 336 ΗΒΑ.
561 276 660 334 ΟΑΡ.
699 284 843 345 02-86.
1081 286 1123 351 45

114 441 253 524 ενείκας,
282 444 321 529 τῇ
346 430 390 527 ήν
416 439 578 522 ἐπίμαχον
606 428 657 519 [σὸ
684 442 806 522 χορίον
822 442 881 525 τῆς
897 436 1122 531 ἀκροπόλιος],

114 535 244 623 κατηλόη
256 544 426 624 ησετοῠτο
439 532 489 615 ’ἀς
504 531 561 603 ἐὰν
573 531 707 621 ἀμαχύν
729 563 766 607 τε
779 542 835 609 καλ
849 537 1037 631 ἀπότομον·
1053 547 1123 615 ἐστι

114 638 145 708 δέ
160 635 244 726 πρὸς
257 644 319 707 τοῦ
339 636 480 725 Τμοόλου
495 637 728 723 τετραμμένον
741 644 800 727 τῆς
813 640 939 723 πόλιος.
979 639 998 711 δ
1014 635 1065 711 ἀν
1079 639 1121 730 δή

117 736 275 827 Ῥροιάδης
291 730 389 819 οὗτος
404 734 422 807 δ
440 738 582 825 Μάρδος
602 732 686 805 ίδιδν
711 744 753 830 τῇ
768 747 950 831 προτεραίῃ
963 748 1032 811 τῶν
1044 767 1121 810 τινα

116 842 232 907 Λυδῶν
256 834 338 909 κατὰ
360 844 458 907 τοῦτο
480 843 538 925 τῆς
554 833 764 924 ἀκροπόλιος
782 839 975 927 καταβάντα
992 842 1045 909 ἐπί
1059 866 1122 909 κυ-

115 941 190 1025 νέην
211 934 350 1006 ἀνωθεν
372 944 678 1005 κατακυλισθεῖσαν
702 940 758 1007 καλ
782 934 992 1025 ἀνελόμενον
1014 938 1122 1027 ἐφρύ-

112 1046 177 1123 σθη
195 1037 251 1104 καὶ
268 1038 301 1115 ἐς
308 1032 431 1123 θυμόν
445 1034 591 1123 ἐβάλετο.
623 1033 702 1102 τότε
718 1034 813 1124 δέδή
832 1033 985 1117 αύτόςττ
999 1032 1121 1125 ἀνεβε-

111 1135 208 1223 δήκεε
225 1136 280 1202 καὶ
296 1130 363 1203 κατ’
380 1130 485 1203 αύτδν
499 1132 595 1201 ἀλλοι
608 1138 779 1233 Περσίαν,
788 1132 984 1225 ἀνέβαινον·
1013 1156 1121 1225 προσ-

111 1235 244 1325 βάντανν
263 1237 303 1303 ’δέ
326 1246 459 1323 συχνῶν
479 1234 570 1305 οὕτω
593 1232 634 1323 δή
656 1235 808 1323 Σάρδιές
824 1264 859 1307 τε
874 1234 1050 1327 ἡλώκεσαν
1064 1241 1121 1308 καί

109 1342 177 1403 τάν
200 1332 237 1403 τδ
255 1332 341 1405 ἀστυ
356 1336 550 1421 ἐπορθέετο.
592 1331 677 1403 ‚m
699 1332 806 1405 αάτδν
820 1338 857 1405 δέ
874 1345 1022 1424 Κροῖσον
1039 1336 1161 1407 τάδεθα

108 1436 249 1521 ἐγένετο.
275 1428 327 1523 ήν
343 1439 377 1504 οί
388 1448 481 1532 πασς,
498 1439 559 1501 τοῦ
573 1436 629 1502 καί
642 1435 814 1525 πρότερον
828 1436 1062 1526 ἐπεμνήσθην,
1078 1464 1119 1505 τα

106 1536 170 1615 μὲν
184 1530 270 1603 ἀλλα
285 1532 447 1621 ἐπιεικής,
469 1530 606 1619 ἀφωνις
627 1535 672 1602 δέ.
716 1536 807 1624 ἐντῇ
829 1527 879 1603 όν
899 1535 1119 1623 παρελθούσῃ

109 1630 242 1701 εύεστοδ
261 1628 279 1700 ὁ
298 1629 494 1722 Κροῖσος-τὸ
513 1638 582 1699 πᾶν
599 1633 633 1709 ἐς
649 1628 760 1702 αύτδν
775 1633 969 1723 ἐπεποιήκεε
984 1632 1069 1704 ἀλλα
1083 1657 1119 1699 τε

109 1739 375 1822 ἐπιφραςομενος
392 1736 453 1803 καὶ
474 1730 515 1822 δή
532 1735 587 1802 καὶ
605 1734 638 1811 ἐς
650 1732 813 1822 Δελφούς
827 1739 903 1824 περὶ
917 1733 1024 1805 αὐτοῦ
1041 1736 1119 1803 ἐπε-

110 1832 241 1921 πόμφεε
256 1836 491 1920 χρησομένους.
522 1829 543 1920 ή
563 1833 599 1900 δέ
613 1838 733 1920 Πυθίη
750 1837 784 1902 οί
799 1831 870 1902 εἷπε
886 1833 981 1901 τάδε·

146 1933 239 2004 Λυδέ
253 1934 368 2020 γένος,
379 1938 521 2032 ’πολλῶν
538 1936 694 2021 βασιλεῦ,
714 1934 798 2021 μέγα
814 1933 915 2022 νήπιε
930 1938 1064 2021 Κροῖσε,

147 2029 209 2121 Μή
225 2033 353 2122 βούλευ
370 2033 580 2124 πολύευκτον
594 2029 650 2120 ίήν
664 2029 733 2102 ἀνά
747 2028 868 2121 δείματ’
885 2028 1024 2101 ἀκούειν

147 2131 279 2213 Παιδδς
294 2138 542 2223 φθεγγομένου.
576 2130 613 2202 τό
631 2135 671 2201 δέ
683 2153 738 2203 σοι
755 2133 843 2206 πολύ
860 2135 963 2204 λωίον
976 2131 1080 2222 ἀμφὶς

137 2234 319 2322 Ἕμμεναι·
351 2231 491 2322 αὐδήσει
505 2229 570 2321 γάρ
586 2234 623 2300 έν
640 2227 743 2317 ἤματι
757 2240 891 2322 πρῶτον
908 2230 1051 2325 ἀνόλβφ.

108 2332 336 2420 ἁλισκομένου
357 2333 394 2401 δὲ
408 2340 470 2400 τοῦ
484 2339 622 2419 τείχεος,
648 2327 700 2416 ήιε
722 2329 788 2419 γὰρ
809 2340 877 2401 τῶν
898 2358 947 2414 τις
959 2334 1120 2421 Περσίαν

79 2487 82 2492 -
106 2424 328 2520 ἀλλογνώσας
342 2440 490 2518 Κροῖσον
507 2431 551 2512 ὡς
566 2430 796 2520 ἀποκτενέων,
819 2441 963 2523 Κροῖσος
977 2437 1040 2522 μέν
1054 2457 1121 2501 ννν

106 2531 219 2618 ὁρέων
241 2529 379 2601 ἐπιόντα
399 2528 465 2601 ὑπὸ
487 2539 544 2620 τῆς
565 2529 758 2618 παρεούσης
772 2539 948 2621 συμφορῆς
968 2557 1121 2621 παρημε-

106 2632 226 2720 λήκεε,
253 2628 336 2700 ούδέ
353 2637 388 2700 τί
405 2635 440 2700 οί
458 2635 591 2717 διέφερε
611 2633 772 2716 πληγέντι
795 2627 999 2699 ἀποθανεῖν·
1047 2627 1121 2700 ὁδε

104 2745 187 2810 ταῖς
203 2721 336 2810 οὗτοςδ
354 2727 490 2816 ἄφωνος
508 2727 553 2808 ὡς
567 2728 634 2797 εἶδε
650 2729 788 2798 ἐπιόντα
803 2726 864 2796 τὸν
877 2731 1030 2816 Πέρσην,
1053 2725 1118 2796 ὑπὸ

105 2833 209 2908 δέονς
223 2853 260 2897 τε
274 2833 329 2898 καλ
344 2837 450 2898 κακοῦ
467 2831 584 2917 ἔρρηξε
599 2824 739 2916 φωνήν,
757 2828 827 2898 εἷπε
842 2832 894 2896 δέ·
922 2826 1119 2915 Ὦνθραπε,

105 2928 151 3018 μὴ
170 2944 282 3000 κτεῖνε
293 2937 450 3018 Κροῖσον.
479 2923 578 3008 οὗτος
592 2930 655 3017 μὲν
669 2926 710 3017 δή
728 2936 826 2999 τοῦτο
843 2935 978 3017 πρῶτον
992 2931 1117 3016 ἐφθέγ-

107 3031 207 3116 ξατο,
222 3025 305 3116 μετὰ
322 3029 358 3098 δέ
372 3036 471 3098 τοῦτο
487 3026 551 3117 ήδη
568 3028 698 3116 ἐφώνεε
716 3027 776 3097 τὸν
792 3030 902 3098 πάντα
918 3029 1043 3115 χρόνον
1061 3033 1119 3115 τῆς

109 3127 197 3215 δότε.

198 3229 242 3297 Οί
266 3227 303 3295 δέ
322 3230 449 3315 Πέρσαι
470 3227 529 3307 τάς
548 3253 584 3297 τε
605 3223 646 3312 δή
671 3227 800 3315 Σάρδις
819 3233 917 3313 ἔσχον
937 3231 993 3298 καλ
1013 3224 1163 3296 αύτόνδδ

112 3330 262 3412 Κροίσου
277 3325 487 3416 ἐζώγρησαν,
503 3325 649 3413 ἄρξαντα
666 3332 740 3395 ἔτεα
756 3332 1049 3416 τεσσερεσκαίδεκα
1064 3332 1120 3397 καὶ

111 3431 406 3514 τεσσερεσκαίδεκα
424 3423 549 3516 ἡμέρας
568 3428 856 3516 πολιορκηθέντα,
877 3423 961 3494 κατὰ
984 3423 1021 3493 τδ
1037 3452 1116 3512 χρη·

111 3524 251 3612 οτήριύν
273 3553 309 3594 τε
331 3526 591 3596 καταπαύσαντα
613 3521 677 3613 τήν
694 3529 821 3594 ἑαυτοῦ
836 3523 987 3608 μεγάλην
1002 3518 1117 3607 ἀρχήν,
