2500 3925
337 271 421 327 ΗΒ.
455 272 503 329 Ν.
535 272 635 331 w.
666 280 807 335 ω-δό.
1013 274 1077 341 δδῑ

90 452 149 495 ται·
169 438 255 515 ἰχνος
263 426 444 516 Ἡρακλέος
464 436 624 517 φαίνουσι
641 434 680 500 έν
699 434 802 522 πέτρη
816 433 930 525 ivadv,
952 434 990 508 τό
1005 435 1076 510 οἰτιι

90 530 142 615 μὲν
158 527 276 617 βήματι
297 525 437 617 ἀνδρός,
460 535 529 599 ἔστι
548 532 585 598 δὲ
601 527 640 599 τό
654 535 804 618 μέγαθος
818 536 958 625 δίπηχυ,
984 535 1075 624 παρά

90 626 139 695 τάν
154 626 264 716 Τύρην
279 628 440 715 ποταμόν.
462 635 561 697 τούτο
575 630 639 715 μέν
651 656 719 698 νυν
731 634 866 702 τοιοῦτό
883 636 970 723 ἐστι,
991 632 1077 705 ἀνα·

87 724 215 816 βήσομαι
232 729 270 797 δέ
285 730 319 807 ές
333 724 394 796 τόν
407 724 483 796 κατ’
500 723 604 816 άρχάς
616 725 674 815 ἤια
686 731 793 811 λέξων
807 729 920 819 λόγον.

155 832 501 917 Παραοκευαζομένον
517 836 669 915 Δαρείου
688 832 742 899 έπί
762 829 843 912 τούς
854 833 1000 914 Σκύθας
1020 838 1075 906 καλ
1088 850 1124 908 83

86 931 315 1015 ἐπιπέμποντος
345 924 507 1014 ἀγγέλους
532 927 747 1009 ἐπιτάξοντας
768 944 855 999 τοῖσι
881 933 946 1020 μέν
974 930 1075 1015 πεζόν

85 1026 229 1113 στρατόν,
244 1040 332 1095 τοῖσι
346 1027 382 1095 δὲ
396 1029 474 1105 νέας
488 1030 661 1113 παρέχειν,
674 1042 761 1096 τοῖσι
774 1027 812 1099 δέ
823 1030 1003 1117 ζευγνύναι
1014 1028 1074 1100 τόν

84 1136 231 1217 Ορηίκιον
244 1127 434 1213 Βόσπορον,
445 1122 649 1215 Ἀρτάβανος
661 1122 897 1216 όῬστάσπεος,
910 1128 1074 1219 ἀδελφεός

82 1225 435 1325 έάυΔαρείου,έχρήιζε
446 1231 604 1314 μηδαμῶς
614 1222 720 1295 αὐτόν
730 1235 910 1317 στρατηίην
920 1233 1075 1303 &22:213-

81 1337 136 1406 θας
147 1329 341 1413 ποιέεσθαι,
363 1327 554 1411 καταλέγων
567 1330 638 1392 τῶν
650 1328 820 1395 Σκυθέων
834 1326 897 1417 τὴν
918 1326 1072 1417 ἀπορίην.

80 1422 143 1495 ἀλλ’
157 1423 200 1495 οά
217 1423 286 1513 γάρ
303 1430 418 1493 ἰπενΟε
430 1423 676 1511 συμβουλεύων
687 1428 723 1493 οἰ
733 1423 875 1514 χρηστά,
890 1423 908 1496 ό
923 1428 987 1514 μέν
997 1429 1074 1497 ἰπέ-

78 1552 190 1615 παντο,
216 1523 307 1612 όδέ,
330 1523 446 1612 έπειδή
466 1530 500 1593 οἰ
517 1522 559 1591 τά
579 1523 690 1593 πάντα
707 1527 976 1616 παρεσκεύαστο,
998 1528 1074 1618 ἰξύ-

78 1634 170 1694 λαυνε
183 1623 247 1694 τόν
262 1620 406 1712 στρατόν
419 1624 455 1691 ἐκ
467 1621 623 1692 Σούσων.
657 1620 823 1693 ἘνΟαύτα
833 1632 902 1695 τῶν
910 1630 1071 1713 Περσέων
1085 1638 1121 1695 84

79 1721 231 1811 Οἰόβαζος
245 1723 370 1813 ἐδεήθη
384 1729 535 1808 Δαρείου
549 1729 654 1812 τριῶν
673 1722 800 1793 έόντων
814 1729 848 1793 οἰ
866 1729 996 1795 παίδων
1016 1731 1073 1797 καλ

77 1826 205 1892 πάντων
220 1824 495 1909 στρατευομένων
511 1824 571 1890 ἕνα
586 1818 677 1916 αύτῷ
691 1830 967 1912 καταλειφθῆναι.
999 1822 1018 1892 δ
1035 1830 1075 1895 δέ

75 1928 104 1993 οἰ
114 1928 176 2013 ἔφη
194 1920 241 2004 ὡς
256 1930 343 2015 φίλφ
358 1921 447 1992 έόντι
463 1922 518 1990 καί
530 1931 676 2011 μετρίων
689 1926 837 2016 δεομέυφ
850 1923 979 2005 πάντας
991 1920 1072 2005 τούς

76 2029 183 2105 παῖδας
207 2030 428 2103 καταλείψειν.
461 2018 560 2108 ὁμέν
581 2019 621 2107 δὴ
640 2022 800 2110 Οἰόβαζος
819 2021 1001 2112 περιχαρὴς
1015 2015 1071 2112 ἦν,

74 2128 208 2208 ἐλπίζων
228 2120 307 2202 τούς
327 2124 419 2200 υἰέας
434 2119 878 2210 στρατηίης-ἀπολελύσθαι,
901 2119 920 2191 ὁ
942 2121 979 2192 δλ
998 2123 1072 2192 έκέ·

76 2232 161 2292 λενοε
181 2219 265 2302 τοάς
285 2223 338 2290 έπί
359 2221 490 2290 τούτων
507 2222 709 2300 ἐπεστεῶτας
729 2219 922 2292 ἀποκτεῖναι
942 2222 1070 2301 πάντας

73 2320 142 2402 τοάς
158 2319 328 2410 Οἰοβάζου
342 2323 470 2399 παῖδας.
493 2321 548 2388 καλ
559 2312 654 2388 οὗτοι
667 2319 730 2406 μὲν
743 2316 993 2408 ἀποσφαγέντες
1006 2318 1071 2390 αύ-

73 2427 125 2488 τοῦ
140 2418 249 2509 ταύτῃ
270 2422 456 2506 έλείποντο,
477 2429 622 2507 Δαρεῖος
642 2419 680 2487 δὲ
706 2422 814 2487 έπείτε
842 2419 1069 2508 πορευόμενος
1083 2439 1120 2496 85

71 2523 102 2588 έκ
115 2520 264 2589 Σούσων
277 2515 412 2588 ἀπίκετο
426 2525 485 2606 τῆς
498 2523 727 2605 Καλχηδονίης
740 2521 794 2588 έπί
809 2515 869 2587 τόν
879 2518 1068 2606 Βόσπορον,

71 2623 120 2686 ἵνα
135 2625 269 2702 ἔζευκτο
283 2614 304 2704 ἡ
317 2619 465 2704 γέφυρα,
488 2620 650 2686 ἐνθεῦτεν
664 2614 765 2704 έσβάς
778 2619 812 2696 ές
822 2619 883 2686 νέα
897 2622 1005 2687 έπλωε
1015 2617 1069 2686 έπλ

71 2719 122 2800 τάς
135 2724 292 2799 Κυανέας
312 2722 533 2806 καλεομένας,
553 2716 613 2798 τάς
628 2719 796 2808 πρότερον
809 2716 978 2808 πλαγκτὰς
991 2717 1069 2790 Ἑλ·

70 2823 161 2906 ληνός
184 2837 268 2906 φασι
291 2815 393 2905 εἰναι,
415 2819 568 2905 ἑζόμενος
589 2820 626 2887 δὲ
647 2821 701 2888 έπί
719 2827 765 2911 τῷ
784 2824 845 2912 ἰρῷ
861 2820 996 2903 έΟηέετο
1009 2815 1069 2886 τάν

70 2919 210 3006 Πόντον,
225 2911 323 2987 έόντα
333 2913 552 3002 ἀξιοθήητον·
569 2920 742 3006 πελαγέων
755 2915 821 3007 γάρ
837 2916 998 2987 ἁπάντων
1008 2915 1070 2982 πέ-

71 3045 153 3102 φυκε
196 3016 474 3104 θωμασιώτατος,
495 3023 557 3084 τοῦ
578 3014 617 3085 τό
641 3018 705 3104 μὲν
724 3018 829 3105 μῆκός
850 3025 913 3088 εἰσι
937 3016 1068 3086 στάδιοι

71 3115 185 3188 ἑκατόν
199 3119 255 3187 καί
267 3123 366 3204 χίλιοι
380 3120 436 3185 καί
450 3114 582 3205 μύριοι,
599 3114 638 3185 τό
653 3118 691 3186 δέ
705 3111 821 3203 εάρος,
836 3122 876 3204 τῇ
887 3113 1068 3202 εὐρύτατος

71 3213 167 3296 αὐτὸς
181 3218 326 3303 ἑαυτοῦ,
348 3217 478 3285 στάδιοι
497 3217 682 3305 τριηκόσιοι
702 3220 758 3286 καί
771 3221 953 3304 τρισχίλιοι.
986 3212 1069 3281 τού-

70 3341 127 3381 του
139 3321 200 3382 τοῦ
214 3314 377 3402 πελάγεος
391 3312 427 3384 τό
444 3315 550 3404 στόμα
564 3319 632 3385 έστί
647 3310 747 3405 εάρος
760 3316 913 3399 τέσσερες
927 3310 1068 3398 στάδιοι,

71 3419 171 3498 μῆκος
187 3415 223 3483 δλ
242 3421 304 3482 τοῦ
320 3413 499 3503 στόματος,
521 3413 539 3484 ό
561 3412 686 3501 αὐχὴν,
707 3411 745 3482 τό
768 3410 808 3500 δη
823 3411 997 3499 Βόσπορος
1010 3411 1068 3478 κέ·

70 3517 199 3599 κληται,
214 3511 288 3581 κατ’
308 3510 327 3582 ἀ
341 3512 381 3600 δὴ
394 3520 524 3596 ἔζευκτο
535 3511 556 3600 ἡ
569 3517 717 3600 γέφυρα,
733 3514 785 3579 ἐπὶ
797 3513 952 3589 σταδίους
963 3517 1068 3576 εἰκοσι
