2500 3925
183 250 246 314 οπο
558 220 807 320 ιιιεοοοει

182 410 201 481 6
223 414 440 533 Ψαμμήνιτος
453 421 557 503 ἔλαβε
578 413 639 483 τὸν
662 413 805 503 μισθόν·
835 410 977 491 άπιστὰς
997 410 1065 500 γάρ
1085 418 1191 499 Αίγν

182 511 397 600 πτίονςῇλω,
412 514 519 582 ἐπείτε
547 511 584 581 δέ
598 514 752 591 ἐπάιστος
765 506 926 597 ἐγένετο
908 536 975 579 υπο
965 508 1189 598 Καμβύσεω
1230 550 1231 603 η

182 605 262 696 αἷμα
277 610 407 697 ταύρου
422 608 511 679 πιάν
526 607 678 678 άπέθανε
689 614 901 695 παραχρῆμα.
926 607 1017 675 οὕτω
1033 604 1077 693 66
1095 599 1190 685 οὗτος

134 722 168 777 16
183 706 382 794 ἐτελεύτησε.
426 708 612 795 Καμβυσης
625 708 662 775 6
675 708 712 775 έκ
723 701 916 793 Μέμφιος’
897 713 1035 774 απίκετο
1052 708 1089 785 ἐς
1104 704 1190 775 Σάιν

180 802 281 872 πόλιν
295 803 501 891 βουλόμενος
521 812 657 891 ποιῆσαι
676 801 717 872 τά
738 800 778 890 66
802 804 857 871 καὶ
881 805 1026 888 ἐποίησε.
1082 806 1191 871 ἐπείτε

181 898 244 987 γάρ
260 903 382 986 ἐσῆλθε
396 904 430 981 ἐς
442 900 484 972 τὰ
498 911 559 971 τοῦ
570 900 724 990 Ἀμάσιος
739 908 843 988 οἰκία,
867 899 987 971 αὐτίκα
1002 904 1143 970 ἐκέλευε
1158 903 1190 967 έκ

179 1006 237 1084 τῇς
250 1006 356 1090 ταφῇς
369 997 430 1067 τὸν
442 998 594 1088 Ἀμάσιος
605 1004 708 1070 νέκυν
719 1001 874 1087 ἐκφέρειν
887 1004 960 1086 ἔξω,
977 997 1022 1079 ὡς
1034 1000 1074 1069 66
1085 997 1190 1068 ταῦτά

180 1102 215 1165 οί
233 1100 382 1169 ἐπιτελέα
402 1102 549 1187 ἐγένετο,
570 1106 756 1187 μαστιγοῦν
776 1102 908 1169 ἐκέλευε
923 1102 978 1166 καὶ
999 1095 1062 1179 τάς
1078 1106 1190 1186 τρίχας

180 1192 369 1266 ἀποτίλλειν
383 1203 437 1267 καὶ
458 1206 622 1285 κευτροῦν
642 1225 677 1265 τε
697 1200 752 1267 καὶ
769 1191 877 1267 τᾶλλα
899 1196 1010 1265 πάντα
1025 1202 1189 1283 λυμαίνεα

180 1304 270 1362 σθαι.
308 1297 416 1364 ἐπείτε
435 1297 472 1364 66
484 1299 540 1365 καὶ
555 1304 659 1365 ταῦτα
678 1302 803 1383 ἔκαμον
822 1302 997 1373 ποιεῦντες
1013 1290 1047 1382 (6
1064 1290 1134 1380 γάρ
1151 1290 1188 1377 66

178 1390 298 1475 νεκρὸς
324 1391 382 1461 άτε
401 1397 671 1482 τεταριχευμένος
696 1392 825 1481 ἀντεῖχέ
846 1418 883 1460 τε
907 1392 962 1459 καὶ
988 1386 1095 1459 οὐδέν
1122 1393 1190 1457 διε-

178 1490 229 1572 χέ
219 1494 301 1575 το),
317 1491 471 1560 έκέλενσέ
479 1519 539 1578 μιν
553 1491 767 1613 ὁΚαμβύσης
780 1496 1006 1575 κατακαῦσαι,
1031 1485 1184 1557 ἐντελλό
1231 1540 1232 1583 ,

178 1610 279 1670 μενος
292 1585 357 1656 οὐκ
377 1589 462 1660 ὅσια.
505 1596 632 1680 Πέρσαι
652 1592 718 1711 γάρ
737 1592 824 1662 θεὸν
843 1598 1018 1679 νομίζουσι
1040 1588 1186 1660 εἶναι
1153 1619 1188 1660 το

177 1688 256 1768 πῦρ
279 1681 317 1752 τό
333 1679 383 1755 ὦν
402 1697 593 1759 κατακαίειν
612 1689 691 1768 τοῦς
707 1688 849 1777 νεκρούς
866 1688 1024 1776 οὐθαμῶς
1038 1690 1138 1759 ἐν’
1093 1718 1188 1782 νομφ

178 1776 385 1870 ούδετέροισί
402 1789 487 1873 ἐστι,
512 1792 661 1875 Πέρσησι
682 1790 744 1873 μέν
769 1785 858 1856 6t'“
838 1812 922 1873 οπερ
943 1797 1092 1875 είρητοιι,
1116 1796 1189 1879 θεῷ

176 1872 218 1944 ού
245 1881 377 1949 δίκαιον
401 1880 486 1951 εἶναι
512 1886 664 1972 λέγοντες
689 1888 804 2003 νέμειν
826 1882 950 1970 νεκρὸν
981 1862 1188 1976 άνθρπέπού,

174 1981 221 2042 Ac
219 1986 388 2061 γυπτίοισι
411 1985 448 2050 66
466 1984 661 2070 νενόμισται
681 1980 718 2051 τὸ
736 1989 804 2066 πῦρ
821 1982 997 2070 θηριονέ
966 2009 1054 2051 εναι
1076 1990 1190 2071 ἐμφυ-

173 2098 244 2160 χον,
259 2075 369 2144 πάντα
383 2077 476 2146 66'
434 2079 515 2148 αυτὸ
531 2087 722 2150 κατεσθίειν
743 2078 847 2166 τάπερ
859 2077 903 2149 άν
913 2078 1013 2168 λάβη,
1029 2085 1189 2168 πλησθεν

173 2172 287 2258 θέτης
310 2178 412 2259 βορῇς
437 2176 729 2295 συναποθνήσκειν
751 2182 799 2266 τῷ
822 2181 1085 2301 κατεσθιομένῳ.
1124 2178 1190 2248 οὐκ

172 2264 222 2339 οἷν
243 2279 392 2358 θηρίοισι
417 2272 518 2360 νόμος
545 2270 703 2363 οὐδαμῶς
729 2284 794 2363 σφί
817 2277 945 2345 ἐστι
910 2307 971 2348 τον
998 2279 1107 2348 νέκυν
1120 2286 1189 2349 ὃι·
1232 2289 1233 2330 ¹

171 2363 284 2451 σόναι,
302 2372 357 2437 καλ
371 2369 427 2438 διὰ
442 2381 546 2442 ταῦτα
559 2375 789 2462 ταριχεύουσι,
807 2381 864 2444 ἵνα
878 2373 923 2464 μὴ
939 2377 1129 2465 κείμενος’
1111 2378 1183 2448 υπὸ

170 2461 297 2548 εὐλέων
318 2476 530 2559 καταβρωθῇ
564 2470 653 2540 οὕτω
678 2471 718 2559 66
746 2473 952 2562 οὐδετέροισι
972 2477 1184 2642 νομμζόμενα

170 2541 355 2630 ἐνετέλλετο
375 2565 540 2635 ποιέειν
524 2595 544 2636 ο
564 2571 757 2658 Καμβύσης.
791 2569 836 2650 ὡς
856 2576 1027 2693 μέγτοιΑ
1028 2576 1182 2662 ίγύπτιοι

168 2662 320 2779 λέγουσι,
344 2659 406 2730 οὐκ
416 2660 599 2751 ’Ἀμασις
577 2694 621 2753 ην
642 2665 661 2786 6
680 2675 784 2738 ταῦτα
806 2669 947 2790 πμθεὸν,
972 2671 1052 2742 ὐλλ
1077 2673 1183 2753 ἄλλος

167 2765 236 2826 τῶν
248 2784 299 2836 τις
309 2765 505 2844 Αἰγυπτίων
521 2769 606 2850 ἔχων
624 2763 687 2852 τὴν
702 2764 808 2854 αὐτὴν
822 2767 959 2854 ἡλικίην
970 2768 1110 2860 Ἀμάσι,
1132 2779 1181 2861 τῷ

166 2858 406 2976 λυμαινόμενοι
419 2863 546 2946 Πέρσαι
564 2862 726 2932 ε’ῦόκεον’
721 2866 834 2952 Αμάσι
851 2874 1091 2953 λυμαίνεσθαι
1122 2840 1181 2939 λέ-

164 2975 263 3040 γουσι
284 2952 368 3041 γάρ,
396 2953 441 3034 ὡς
460 2960 656 3045 πυθόμενος
679 2964 716 3029 ἐκ
740 2971 905 3050 μαντηίου
931 2961 950 3032 6
972 2965 1116 3052 ’Ἀμασις
1137 2967 1180 3037 τά

164 3054 283 3138 περλ’
265 3051 392 3120 εωντόν
421 3051 640 3125 ἀποθανόντα
665 3063 777 3144 μέλλοι
804 3070 979 3182 γίνεσθαι,
1009 3066 1104 3135 οὕτω
1137 3066 1178 3155 66

164 3145 347 3234 ἀκεόμενος
370 3149 410 3217 τά
431 3153 710 3241 ἐπιφερόμενα
675 3184 736 3226 τον
756 3161 820 3246 μὲν
842 3160 1034 3250 ἄνθρωπον
1051 3173 1180 3234 τοῦτον

162 3241 224 3312 τὸν
238 3252 491 3331 μαστιγωθέντα
512 3246 731 3323 ἀποθανόντα
753 3263 862 3340 ἔθαψε
883 3265 937 3330 ἐπὶ
951 3270 1028 3352 τῇσι
1043 3265 1177 3355 θύρῃσι

163 3338 310 3417 ἐντὸς
269 3369 328 3426 της
344 3346 472 3412 ἑωυτοῦ
485 3345 606 3435 θήκης,
618 3350 747 3420 ἐωντὸν
762 3355 798 3423 66
813 3360 1000 3430 ἐνετείλατο
1016 3389 1064 3454 τρο
1050 3368 1177 3433 παιδί

162 3441 200 3505 ἕλ’
213 3445 307 3527 μυλῷ
325 3447 383 3526 τῆς
399 3441 551 3529 θήκης’
529 3470 573 3524 ως
592 3451 735 3534 μάλιστα
755 3463 878 3525 θεῖναι.
908 3464 946 3527 ac
960 3465 1026 3546 μέν
1046 3491 1118 3532 νυν
1141 3470 1178 3535 ἐκ
