2500 3925
279 223 365 277 ΗΒ.
398 221 445 276 lx.
480 220 579 278 cAP.
614 227 787 282 τοι-ωε.
975 222 1039 286 389

31 392 119 451 ὀισι
134 384 313 469 ἐμμενέειν
324 381 426 447 τεκαὶ
438 377 483 465 μὴ
495 376 754 465 ἀποστήσεσθαι.
774 374 962 463 τούτουςδὲ
974 411 1037 454 κα·

31 481 229 570 τλαβόντες
244 477 388 567 ὁρκίοισι
403 484 534 546 ἔπλωον
547 475 606 555 τάς
624 479 775 565 γεφύρας
791 481 965 560 λύσοντες·
989 488 1037 550 ἔτι

31 579 77 667 δερ
102 578 251 648 ἐδόκεον
272 579 488 664 ἐντεταμένας
510 573 677 662 εὑρήσειν.
714 569 818 644 Οὗτοι
838 578 901 664 μέν
922 576 962 664 δὴ
983 577 1035 646 ἐτ’
1055 597 1104 656 107

31 675 270 764 ’λλησπόντου
288 680 436 760 ἔπλωον,
450 681 518 742 τῶν
536 675 572 742 δὲ
587 670 839 760 ἀποφυγόντων
854 676 1036 763 βαρβάρων

31 807 36 844 r
65 775 111 843 τὰ
130 773 223 862 άκρα
240 799 276 841 τε
292 781 349 860 τῆς
363 772 531 858 Μυκάλης
548 778 832 858 κατειληθέντων,
853 774 979 842 ἐόντων
994 772 1036 841 οὐ

31 881 172 959 ολλοῑν,
190 875 314 958 ἐγίνετο
327 868 447 956 κομιδὴ
460 873 494 948 ές
503 871 645 956 Σάρδις·
663 874 901 957 πορευομένων
913 873 949 940 δέ
960 868 1033 939 κατ’

31 969 103 1039 δὸν
119 976 301 1055 Μασίστης
317 966 334 1036 δ
349 975 500 1055 Δαρείου
514 967 717 1057 παρατυχών
736 979 784 1063 τῷ
797 971 904 1039 πάθει
918 977 964 1062 τῷ
977 996 1035 1055 γε-

31 1068 138 1138 ονότι
163 1066 226 1136 τὸν
247 1064 433 1154 στρατηγὸν
453 1064 659 1155 Ἀρταΰντην
681 1075 777 1156 ἔλεγε
793 1071 901 1140 πολλά
923 1097 959 1137 τε
980 1072 1035 1136 καί

31 1167 126 1256 νικά,
144 1167 231 1236 άλλα
245 1194 280 1235 τε
295 1169 351 1234 καὶ
362 1163 525 1253 γυναικός
538 1175 644 1236 κακίω
660 1165 726 1253 φάς
742 1167 847 1237 αὐτόν
865 1168 950 1238 εἶναι
963 1193 1034 1234 τοι-

31 1276 106 1336 ῦτα
125 1267 418 1356 στρατηγήσαντα,
433 1271 488 1335 καὶ
503 1266 598 1348 άξιον
614 1269 699 1337 εἶναι
713 1271 838 1350 παντὸς
853 1279 960 1341 κακοῦ
973 1269 1034 1339 τόν

34 1372 180 1445 ασιλέος
196 1366 290 1434 οίκον
311 1366 517 1434 κακώσαντα.
546 1366 637 1455 παρά
652 1370 688 1436 δὲ
706 1383 791 1438 τοῖσι
804 1375 953 1458 Πέρσησι
969 1395 1033 1455 γν-

31 1464 141 1544 κακὸς
162 1471 268 1534 κακίω
283 1462 426 1532 άκοῦσαι
447 1468 565 1544 δέννος
584 1467 738 1553 μέγιστός
757 1469 836 1539 ἐστι.
871 1465 891 1536 δ
912 1471 948 1536 δέ
963 1472 1033 1537 ἐπεὶ

31 1563 131 1635 τολλδι
147 1565 289 1652 ἤκουσε,
308 1561 403 1631 δεινά
419 1563 619 1650 ποιεύμενος
640 1571 762 1632 σπᾶται
776 1567 828 1632 ἐπὶ
844 1562 904 1632 τδν
918 1571 1032 1632 Μασί-

31 1689 108 1752 στην
119 1661 181 1732 τὸν
192 1661 359 1745 άαινάκην
370 1657 563 1730 ἀποκτείναι
578 1665 715 1731 ἐθέλων.
739 1671 798 1733 καί
805 1690 863 1748 μιν
875 1665 1032 1730 ἐπιθέον-

31 1793 63 1831 ·α
89 1761 254 1850 φρασθεὶς
273 1759 477 1848 Ξειναγόρης
497 1757 514 1828 ὁ
530 1765 704 1847 Πρηξίλεω
720 1752 1033 1847 άνηρἍλικαρνησ-

31 1860 122 1947 τεὺς,
147 1859 269 1930 όπισθε
287 1858 405 1940 ἑστεοδς
419 1858 526 1928 αὐτοῦ
536 1860 760 1950 Ἀρταΰντεω,
776 1861 914 1950 ἁρπάζει
930 1868 1032 1947 μέσον

32 1961 83 2029 ταὶ
94 1962 240 2053 ἐξαείρας
250 1967 339 2028 παίει
351 1962 384 2039 ἐς
393 1957 456 2047 τὴν
466 1968 546 2048 γῆν·
566 1965 621 2030 καὶ
633 1966 670 2030 έν
682 1961 789 2053 τούτῳ
801 1968 835 2031 οί
844 1959 1031 2049 δορυφόροι

33 2065 60 2127 ιί
76 2062 253 2125 Μασίστεω
268 2062 486 2146 προέστησαν.
510 2059 527 2127 ὁ
547 2063 583 2128 δέ
595 2060 799 2148 Ξειναγόρης
812 2067 915 2127 ταῦτα
931 2060 1033 2146 έργά-
1076 2054 1082 2064 “

34 2179 108 2223 τατο
125 2155 240 2241 χάριτα
255 2154 344 2247 αὐτῷ
359 2184 395 2226 τε
408 2165 566 2247 Μασίστη
578 2159 754 2246 τιθέμενος
767 2162 824 2227 καὶ
835 2162 955 2247 Ξέρξη,
977 2160 1032 2224 έκ-

35 2256 143 2337 τοίζων
156 2252 216 2322 τόν
232 2253 398 2342 άδελφεδν
412 2255 474 2326 τόν
486 2260 617 2325 ἐκείνου
626 2247 643 2296 ·’
663 2260 719 2325 καὶ
734 2255 790 2324 διά
804 2265 903 2325 τοῦτο
918 2254 955 2323 τὸ
974 2261 1030 2338 έρ·

36 2382 93 2423 ιον
113 2351 313 2441 Ξειναγόρης
330 2363 480 2443 Κιλικίης
500 2355 608 2443 πάσης
628 2348 707 2443 ἦρξε
727 2358 845 2435 δόντος
867 2360 1028 2443 βασιλέος.

37 2462 100 2523 τῶν
115 2455 149 2521 δέ
165 2451 235 2520 κατ’
252 2451 335 2521 ὁδδν
349 2458 588 2542 πορευομένων
604 2452 705 2521 οὐδὲν
720 2461 768 2521 ἔτι
782 2457 886 2522 πλέον
900 2456 1031 2540 ἐγένετο

38 2552 174 2637 τούτων,
195 2548 267 2619 ἀλλ’
285 2551 499 2622 ἀπικνέονται
519 2556 552 2633 ές
565 2554 702 2637 Σάρδις.
732 2554 769 2619 έν
789 2550 826 2619 δέ
845 2558 919 2639 τῇσι
936 2550 1032 2635 Σάρ-

38 2658 103 2721 δισι
117 2651 269 2737 ἐτύγχανε
283 2648 349 2719 έδν
363 2649 520 2740 βασιλεὺς
536 2654 569 2731 ἐξ
584 2655 716 2719 ἐκείνου
730 2657 792 2718 τοῦ
808 2650 945 2736 χρόνον,
962 2650 1035 2716 έπεί

39 2780 70 2821 τε
83 2755 113 2832 ἐξ
123 2748 287 2837 Ἀθηνέων
296 2758 522 2839 προσπταίσας
531 2758 571 2839 τῇ
579 2756 745 2839 ναυμαγίη
754 2747 875 2836 φυγάν
884 2746 1028 2817 άπίκετο.

124 2856 235 2917 ΤΟΤΕ
248 2846 289 2937 δὴ
304 2852 341 2919 έν
352 2859 427 2941 τῇσι
440 2851 585 2935 Σάρδισι
605 2847 671 2917 έεδν
688 2848 754 2938 άρα
767 2848 832 2937 ἤρα
846 2857 904 2938 τῆς
918 2857 1031 2917 Μασί-
1048 2865 1098 2918 108

41 2970 120 3015 στεω
133 2945 302 3036 γυναικδς,
328 2951 447 3037 έούσης
467 2954 525 3018 καί
542 2948 664 3034 ταύτης
684 2952 842 3018 ἐνθαῦτα.
878 2947 922 3028 ὡς
942 2953 982 3017 δέ
1000 2953 1032 3017 οί

42 3044 276 3128 προσπέμποντι
298 3043 361 3113 οὐκ
381 3047 522 3115 ἐδύνατο
539 3052 825 3133 κατεργασθῆναι,
856 3043 935 3113 οὐδὲ
953 3052 1031 3132 βίην

44 3144 214 3228 προσέφερε
222 3147 496 3233 προμηθεόμενος
506 3144 567 3214 τδν
576 3140 1030 3230 άδελφεονΜασίστηντάν-

45 3239 81 3309 τὸ
97 3242 129 3307 δὲ
141 3248 229 3311 τούτο
246 3241 309 3330 εἶχε
323 3247 379 3313 καὶ
392 3241 453 3331 τὴν
467 3259 627 3331 γυναῖκα·
651 3237 691 3311 τό
705 3240 770 3330 γάρ
784 3241 943 3330 ἠπίστατο
957 3248 1031 3329 βίης
1046 3290 1049 3296 ·

49 3338 88 3407 οὐ
101 3345 297 3430 τευξομένη,
322 3346 471 3413 ένθαῦτα
491 3342 532 3431 δὴ
548 3345 671 3429 Ξέρξης
690 3339 869 3428 ἐργόμενος
889 3347 956 3408 τῶν
970 3337 1031 3407 άλ·

50 3446 113 3507 λων
125 3439 250 3527 πρήσσει
265 3438 325 3510 τόν
338 3440 448 3528 γάμον
462 3450 582 3511 τοῦτον
594 3448 641 3533 τῷ
655 3441 749 3508 παιδὶ
758 3446 804 3531 τῷ
819 3441 946 3570 έωυρον
957 3448 1030 3507 Λα-

840 3540 874 3591 22
