2500 3925
162 256 225 321 274
538 261 787 321 HERODOTl

162 416 225 488 ούκ
247 416 359 489 ὁσίου·
388 417 466 487 οὔτε
486 419 550 506 γάρ
571 446 602 489 τι
622 420 746 491 παθύν
760 422 838 493 ούτε
858 422 1005 503 άκούσας
1019 419 1159 510 μάταιον

163 522 240 595 έπος
255 513 340 601 πρὸς
349 516 584 604 Πολυκράτεος
594 526 656 587 τοῦ
666 527 800 607 Σαμίου
811 520 888 589 οὔτε
899 518 982 591 ίδάν
996 521 1158 609 πρότερον

163 614 355 701 ἐπεθύμησε
371 611 486 702 λαβάν
505 611 610 683 αύτὸν
631 613 807 705 ἀπολέσαι,
830 615 874 697 ὡς
888 621 951 705 μὲν
972 623 1006 687 οί
1020 623 1160 693 πλεῦνες

162 718 314 803 λέγουσι,
331 711 387 782 διά
402 714 536 802 τοιήνδε
551 713 627 783 τινά
641 723 765 805 αἰτίην·
788 721 919 788 ἐπὶτῶν
929 722 1082 807 βασιλέος
1092 726 1159 785 θν-

163 823 250 900 ρέιον
263 814 452 901 κατήμενον
467 813 577 882 τόντε
591 812 742 901 Ὀροίτην
754 818 809 885 καί
824 815 928 887 ἄλλον
941 820 1093 905 Πέρσην,
1114 819 1159 905 τῷ

162 913 293 1001 οὕνομα
310 912 394 981 εἶναι
410 914 642 1003 Μιτροβάτην,
659 924 767 1003 νομοῦ
788 916 932 1006 ἄρχοντα
953 924 1015 985 τοῦ
1035 918 1072 985 έν
1086 924 1157 985 Δα-

162 1019 321 1103 σκυλείῳ,
342 1012 482 1091 τούτους
497 1014 533 1080 έκ
546 1013 659 1101 λόγων
673 1017 706 1093 ές
724 1022 834 1084 νείκεα
848 1027 1049 1103 συμπεσεῖν·
1086 1038 1159 1096 κρι-

162 1112 315 1198 νομένων
326 1108 1020 1204 δὲπερδύρετήςείπείντδνΜιτροβάτηντῷ
1032 1111 1160 1198 Ὀροίτη

162 1209 390 1294 προφέροντα·
411 1206 466 1276 Σύ
479 1206 545 1296 γὰρ
557 1212 594 1279 έν
609 1209 745 1301 ἀνδρῶν
755 1214 855 1305 λόγῳ,
870 1210 907 1293 δς
916 1215 1046 1301 βασιλέϊ
1055 1217 1160 1297 νῆσον

161 1305 281 1391 Σάμου
295 1301 379 1391 πρὸς
389 1311 434 1395 τῷ
445 1311 494 1397 σῷ
503 1314 596 1399 νομῷ
609 1316 854 1397 προσκειμένην
868 1307 910 1379 ού
920 1308 1160 1399 προσεκτήσαο,

163 1396 228 1471 ὦδε
242 1402 283 1489 δή
298 1428 328 1470 τι
344 1404 467 1470 έοῦσαν
482 1402 619 1474 εύπετέα
634 1414 856 1495 χειρωθῆναι,
869 1405 933 1496 τήν
944 1414 1012 1476 τῶν
1023 1434 1074 1486 τις
1088 1408 1153 1475 ἐπι·

162 1510 294 1591 χωρίων
307 1507 544 1572 πεντεκαίδεκα
558 1501 711 1596 ὃπλίτησι
722 1504 908 1586 ἐπαναστάς
924 1512 1012 1593 ἔσχε,
1028 1508 1083 1575 καὶ
1093 1511 1161 1572 νῦν

161 1598 263 1688 αύτής
277 1600 481 1688 τυραννεύει.
514 1606 559 1670 Os
567 1605 630 1689 μὲν
641 1603 684 1690 δή
694 1610 752 1690 μίν
764 1622 844 1691 φασι
856 1610 954 1671 τούτο
969 1601 1160 1670 ἀκούσαντα

161 1701 217 1769 καί
236 1696 427 1787 ἀλγήσαντα
452 1706 498 1791 τῷ
526 1696 649 1794 ὀνείδει
671 1703 875 1789 ἐπιθυμῆσαι
905 1698 966 1769 ούκ
990 1698 1080 1767 οὕτω
1101 1696 1161 1766 τὸν

162 1806 300 1867 εἴπαντα
314 1805 418 1866 ταῦτα
433 1802 606 1887 τίσασθαι,
628 1796 672 1879 ὡς
688 1800 906 1888 Πολυκράτεα
920 1798 1053 1877 πάντως
1074 1793 1160 1864 ἄπο-

96 1914 143 1971 121
160 1899 270 1987 λίσαι,
292 1896 339 1968 δι’
356 1897 473 1968 ὅντινα
495 1904 605 1978 κακῶς
620 1895 754 1987 ἤκουσε.
790 1903 835 1968 Ol
854 1898 889 1966 δὲ
909 1896 1088 1974 ἐλάσσονες
1105 1898 1162 1962 λε’-

160 2121 216 2174 τος
229 2095 434 2181 δεησόμενον
449 2092 508 2183 (ού
527 2092 592 2183 γάρ
616 2088 666 2162 ύν
682 2094 722 2183 δή
742 2095 842 2163 τοῦτό
863 2121 901 2181 γε
922 2096 1083 2182 λέγεται),
1107 2092 1165 2159 καὶ

160 2189 220 2260 τδν
230 2193 570 2280 Πολυκράτεα-τυχεῖν
584 2200 822 2280 κατακείμενον
836 2195 873 2262 ἐν
884 2190 1060 2279 ἀνδρεῶνι,
1073 2215 1166 2277 παρ-

163 2306 249 2360 εῖναι
264 2293 303 2358 δέ
316 2294 351 2358 οί
368 2292 423 2359 καλ
433 2288 653 2377 Ἀνακρέοντα
667 2289 727 2360 τὸν
745 2293 856 2379 Τήιον.
886 2297 946 2360 καί
962 2317 1028 2370 κως
1045 2287 1106 2358 εἶτ’
1128 2292 1166 2358 έκ

161 2394 319 2477 προνοίης
342 2385 447 2455 αύτδν
473 2392 715 2477 κατηλογέοντα
736 2387 776 2458 τά
797 2386 948 2475 Ὀροίτεα
971 2389 1167 2479 πρήγματα,

161 2498 226 2558 εἴτε
241 2489 297 2556 καὶ
320 2494 480 2575 συντυχίη
501 2514 550 2568 τις
569 2490 707 2578 τοιαύτη
723 2493 894 2579 ἐπεγένετο
911 2531 955 2543 -
967 2491 1028 2560 τύν
1045 2517 1081 2559 τε
1096 2489 1168 2578 γὰρ

160 2588 292 2676 κήρυκα
311 2583 370 2654 τδν
382 2584 534 2672 Ὀροίτεω
549 2589 765 2674 παρελθόντα
779 2593 1008 2676 διαλέγεσθαι,
1028 2591 1085 2657 καὶ
1103 2587 1170 2658 τὸν

159 2686 379 2773 Πολυκράτεα
400 2693 528 2775 (τυχεῖν
548 2682 613 2772 γάρ
629 2688 897 2774 ἐπεστραμμένου
916 2682 1000 2774 πρὸς
1013 2683 1075 2754 τὸν
1092 2702 1170 2756 τοί-

97 2809 146 2863 m
160 2791 235 2874 χον)
252 2784 330 2854 οὔτε
344 2811 375 2853 τι
390 2789 660 2872 μεταστραφῆναι
677 2783 754 2853 ούτε
766 2781 1024 2873 ὑποκρίνασθαι.
1048 2790 1171 2853 Αἰτίαι

160 2886 223 2972 μιν
236 2882 278 2972 δή
293 2877 393 2954 αὗται
402 2883 555 2969 διφάσιαι
566 2885 719 2969 λέγονται
734 2890 794 2952 τοῦ
805 2884 959 2952 θανάτου
972 2887 1035 2949 τοῦ
1045 2889 1172 2968 Πολυ-

159 2984 298 3071 κράτεος
319 2985 498 3070 γενέσθαι,
524 2981 664 3066 πάρεστι
684 2980 721 3049 δὲ
741 2989 921 3051 πείθεσθαι
947 2976 1090 3069 ὁκοτέρῃ
1116 3009 1174 3060 τις

159 3081 315 3167 βούλεται
330 3076 466 3146 αύτέων.
490 3075 508 3144 ὁ
521 3074 562 3164 δή
578 3070 628 3145 ύν
641 3075 787 3167 Ὀροίτης
800 3080 949 3166 ίζόμευος
962 3081 999 3147 έν
1015 3086 1173 3166 Μαγνη-

159 3181 214 3263 σίη
228 3182 268 3262 τῇ
279 3172 364 3262 ὑπὲρ
374 3173 578 3260 Μαιάνδρου
587 3183 739 3264 ποταμοῦ
750 3178 910 3266 οίκημένη
924 3179 1175 3266 ἔπεμπεΜύρ-

160 3291 221 3339 σον
243 3269 303 3339 τόν
321 3271 440 3358 Ρύγεω
461 3270 569 3359 ἄνδρα
590 3272 705 3345 Λυδὸν
726 3277 758 3354 ές
772 3276 892 3361 Σάμον
912 3271 1074 3361 ἀγγελίην
1102 3279 1175 3361 φέ-

160 3393 273 3454 ροντα,
284 3368 407 3454 μαθάν
421 3376 483 3437 τοῦ
492 3373 727 3460 Πολυκράτεος
740 3369 800 3440 τὸν
814 3372 905 3440 νάον.
939 3372 1177 3460 Πολυκράτης

158 3465 224 3552 γάρ
240 3467 306 3532 έστι
328 3472 458 3579 κράτος
472 3474 540 3534 τῶν
554 3466 648 3556 ἡμεῖς
663 3469 952 3560 ίδμενἙλλήνοιυ,
974 3467 1013 3550 δς
1028 3481 1177 3541 θαλασ-

1231 1618 1232 1683 λ

1231 1758 1232 1792 λ

159 2018 258 2082 γουσι
272 1999 397 2083 πέμψαι
409 1994 561 2084 Ὀροίτην
571 1999 605 2075 ές
617 1997 738 2084 Σάμον
752 1997 883 2084 κήρυκα
897 1991 1016 2082 ὁτευδή
1030 1992 1161 2081 χρήμα-
