2500 3925
349 252 434 310 LlB.
464 253 510 309 ΙΙΙ,
543 250 643 308 ΟΑΡ.
675 254 818 310 ³o—34.
1026 242 1091 307 22⁹

99 408 211 480 καλιὰν
224 408 484 498 μὲνΚαμβύσην
498 408 643 498 ἥδεσθαι
654 407 856 499 θηεύμενον,
870 408 933 499 τήν
947 410 986 481 δλ
999 432 1087 497 παρ-

98 512 206 598 ημένην
220 513 393 593 δααρυειν.
436 510 624 597 Καμβύσην
642 510 679 579 δὲ
694 508 850 595 μαθόντα
871 516 972 583 τοῦτο
996 512 1088 581 έπεί-

96 618 216 696 ρεσθαι,
237 607 326 677 διότι
346 608 503 697 δακρύει,
528 606 591 696 τήν
613 609 651 677 δὲ
674 614 797 697 είπετν,
820 606 865 690 άς
886 614 1006 681 ίδοῦσα
1026 607 1087 679 τὸν

93 706 230 775 σκύλακα
258 713 306 798 τῷ
331 705 484 798 ἀδελφεῷ
513 708 748 795 τιμωρήσαντα
773 707 969 797 δακρύσειε,
1000 734 1088 796 μνη-

92 806 199 875 σθεῖσά
217 833 254 875 τε
266 808 434 894 Σμέρδιος
453 810 510 876 καὶ
529 813 706 894 μαθοῦσα,
724 804 769 887 ὡς
784 809 901 899 έκείνφ
916 804 980 877 ούκ
995 815 1046 893 είη
1066 802 1086 876 ό

90 904 287 992 τιμωρήσων.
331 904 489 993 Ἕλληνες
507 907 571 993 μὲν
586 902 627 993 δή
650 902 705 973 διά
726 912 826 975 τοῦτο
849 903 887 975 τό
905 912 984 986 έπος
1004 908 1088 991 φασὶ

89 1002 187 1093 αύτήν
195 1003 384 1075 ἀπολέσθαι
397 1004 463 1074 ὑπὸ
476 1007 684 1095 Καμβύσεω,
695 1005 876 1092 Αἰγύπτιοι
892 1008 929 1075 δὲ
947 1002 992 1085 ὥς
1005 1030 1087 1091 τρο-

87 1110 158 1195 κέζη
179 1109 455 1193 περικατημένων
478 1112 651 1194 λαβοῦσαν
675 1108 823 1191 θρίδακα
849 1101 912 1193 τήν
941 1117 1087 1192 γυναῖκα

86 1212 241 1290 περιτῖλαι
255 1204 313 1271 καί
329 1206 565 1290 έπανείρεσθαι
579 1200 640 1273 τὸν
655 1200 780 1290 άνδρα,
801 1201 941 1287 κότερον
954 1226 1087 1290 περιτε-

87 1306 213 1389 τιλμένη
232 1299 254 1389 ἢ
271 1304 373 1370 δασέα
393 1300 415 1389 ή
435 1306 558 1387 θρίδαξ
572 1304 676 1369 έοῦσα
696 1310 747 1388 είη
768 1306 931 1387 καλλίων,
953 1295 1087 1369 καὶτὸν

85 1402 185 1487 φάναι
201 1403 344 1485 δασέαν,
364 1398 427 1487 τήν
447 1396 479 1466 δ’
498 1404 620 1467 εἰπεῖν·
664 1397 799 1483 Ταύτην
811 1399 927 1483 μέντοι
944 1400 1019 1467 κοτὲ
1040 1392 1085 1464 σύ

84 1495 140 1583 τήν
158 1499 309 1583 θρίδακα
324 1495 505 1584 ἐμιμήσαο,
525 1492 588 1563 τόν
601 1494 721 1581 Κύρου
741 1492 835 1563 οἶκον
857 1491 1082 1576 άποριλοόσας.

88 1593 151 1662 Τόν
164 1593 201 1663 δέ
221 1596 431 1681 θυμωθέντα
451 1596 638 1680 ἐμπηδῆσαι
654 1589 739 1681 αὐτῇ
760 1591 882 1683 έχούση
903 1595 940 1660 έν
956 1594 1085 1681 γαστρὶ,

82 1700 137 1761 καί
155 1718 216 1778 μιν
236 1688 452 1777 έκτρεόαασαν
471 1688 669 1759 ἀποθανεῖν.
724 1696 837 1757 Ταῦτα
861 1692 925 1777 μὲν
947 1693 981 1771 ές
1007 1687 1086 1768 τούς
1099 1710 1134 1766 aa

83 1798 226 1878 οίκηίονς
240 1788 258 1860 ὁ
274 1792 459 1879 Καμβύσης
474 1788 696 1878 ἐξεμάνηείτε
711 1784 751 1874 δή
768 1784 823 1855 διὰ
837 1784 899 1855 τόν
908 1782 1006 1856 Ἀπιν
1022 1795 1085 1855 εἴτε

77 1901 129 1968 καὶ
153 1897 283 1985 άλλως,
310 1890 366 1966 οἷα
391 1897 498 1966 πολλοὶ
526 1900 612 1965 ίωθε
639 1889 845 1984 ἀνθρώπους
872 1886 957 1956 κακά
985 1911 1088 1954 κατα·

79 1999 273 2088 λαμβάνειν·
310 1997 369 2066 καὶ
394 1997 460 2086 γάρ
483 2023 557 2066 τινα
581 1998 619 2064 έκ
645 1998 763 2082 γενεῆς
786 1994 914 2062 νούσον
939 1986 1089 2078 μεγάλην

81 2106 206 2188 λέγεται
221 2106 310 2188 ἔχειν
323 2096 342 2168 ὁ
357 2095 558 2185 Καμβύσης,
573 2091 636 2181 τήν
649 2089 728 2178 ἱρήν
745 2085 970 2174 ούνομάζουσι
984 2087 1081 2163 τινές.

82 2201 120 2268 ού
131 2202 200 2270 νύν
213 2225 267 2270 τοι
278 2198 386 2278 άεικὲς
396 2194 499 2265 οὐδὲν
508 2187 552 2282 ήν
562 2197 624 2260 τοῦ
636 2190 788 2277 σώματος
798 2192 926 2255 νοῦσον
935 2181 1085 2280 μεγάλην

79 2302 254 2378 νοσέοντος
270 2296 353 2385 μηδὲ
366 2293 426 2375 τάς
439 2295 566 2381 φρένας
582 2289 758 2376 ὑγιαίνειν.
807 2281 895 2352 Τάδε
909 2279 941 2350 δ’
957 2283 990 2361 ές
1004 2277 1084 2357 τούς
1100 2305 1134 2360 ςς

79 2399 199 2479 ἄλλους
209 2403 343 2486 Πέρσας
357 2392 514 2481 ἐξεμάνη·
535 2391 667 2476 λέγεται
681 2383 747 2474 γάρ
763 2390 867 2453 είπεϊν
882 2377 987 2448 αὐτόν
1000 2372 1085 2459 πρὸς

78 2497 299 2583 Πρηξάσπεα,
320 2491 382 2562 τόν
401 2495 495 2579 έτίμα
511 2514 547 2556 τε
567 2487 710 2574 μάλιστα
731 2489 791 2553 καί
806 2484 841 2549 οί
857 2478 915 2558 τάς
929 2475 1084 2564 άγγελίας

79 2594 197 2684 ἐφόρεε
215 2585 331 2679 οὗτος,
351 2590 476 2660 τούτου
495 2613 532 2654 τε
551 2583 570 2654 ό
591 2598 670 2662 παῖς
690 2579 840 2666 οίνοχόος
860 2571 905 2666 ἦν
921 2583 967 2668 τῷ
987 2581 1085 2662 Καμ-

77 2696 182 2785 βύση,
204 2689 283 2780 τιμή
306 2693 342 2760 δὲ
363 2692 419 2759 καί
439 2687 525 2774 αὕτη
546 2683 587 2753 ού
609 2679 749 2771 σμικρή,
772 2686 877 2749 εἰπεῖν
899 2674 935 2744 δὲ
956 2674 1086 2761 λέγεται

77 2793 171 2861 τάδε·
194 2791 413 2878 Πρήξασπες,
425 2786 521 2855 κοῖόν
535 2788 579 2872 μέ
589 2809 665 2852 τινα
680 2784 850 2867 νομίζουσι
861 2777 989 2861 Πέρσαι
1001 2771 1086 2840 εἶναι

78 2889 202 2978 ἄνδρα,
224 2895 319 2967 τίνας
337 2912 374 2956 τε
393 2886 517 2973 λόγους
537 2885 613 2970 περὶ
637 2883 713 2967 έμέο
735 2882 924 2957 ποιεύνταις
960 2869 1029 2940 Τὸν
1051 2871 1087 2937 δὲ

79 2994 198 3056 εἰπεῖν·
227 2981 267 3055 Ὦ
283 2989 443 3071 δέσποτα,
467 2981 508 3051 τά
526 2982 588 3069 μὲν
602 2979 687 3049 άλλα
702 2977 812 3046 πάντα
826 2972 978 3061 μεγάλως
992 2971 1088 3038 ἐπαι-

78 3091 184 3176 νέεαι,
212 3097 253 3178 τῇ
276 3088 313 3156 δὲ
339 3093 490 3175 φιλοινίη
515 3093 553 3153 σε’
576 3103 660 3172 φασι
681 3079 831 3158 πλεόνως
851 3075 1086 3164 προσκέεσθαι.

81 3184 148 3254 Τόν
163 3190 228 3274 μὲν
243 3185 284 3276 δή
301 3190 411 3274 λέγειν
430 3192 536 3254 ταῦτα
549 3185 625 3271 περὶ
638 3181 817 3267 Περσέων,
835 3171 897 3243 τόν
911 3174 947 3239 δὲ
966 3179 1088 3256 θυμω-

78 3287 182 3354 θέντα
207 3291 332 3356 τοισίδε
353 3283 569 3374 ἀμείβεσθαι·
609 3288 689 3350 Νῦν
710 3276 777 3365 άρα
799 3275 843 3360 μέ
860 3288 942 3357 φασι
961 3268 1090 3356 Πέρσαι

78 3391 159 3475 οίνφ
169 3391 417 3474 προσκείμενον
427 3383 678 3472 παραφρονέειν
689 3379 745 3446 καὶ
756 3370 818 3442 ούκ
831 3369 915 3438 εἶναι
923 3367 1087 3484 νοήμονα.

78 3476 153 3548 τύδ’
170 3481 237 3570 άρα
252 3489 367 3572 σφέων
382 3489 416 3553 οί
428 3482 587 3572 πρότεροι
601 3477 697 3564 λόγοι
711 3467 799 3561 ήσαν
813 3467 963 3554 ἀληθέες·
995 3471 1086 3547 Πθθ·
