2500 3925
305 216 392 274 Llss.
424 216 496 271 vm.
529 214 627 272 σΑΡ.
661 220 836 277 ιιι-ιιι.
967 228 970 233 ·
1015 216 1077 281 281

66 375 206 464 ὁκότερα
222 370 553 467 βούλονταιέλέσθαι
569 371 719 458 τούτων,
737 378 852 467 ἑωυτῷ
868 374 890 465 ή
905 376 963 445 ἀτε
978 378 1079 465 μάντι

63 475 221 562 χρέεσθαι
235 470 325 561 ήάτι
339 473 513 564 συμμάχῳ,
528 476 589 540 τού
601 473 717 560 ἑτέρου
728 469 971 561 ἀπεχομένους
996 480 1030 545 oc
1038 478 1075 545 δὲ

64 572 239 661 σύμμαχόν
249 599 308 659 μιν
318 575 447 642 εἴλοντο
460 570 553 639 εἶναι.
569 566 624 637 διὰ
635 576 735 637 τοῦτο
745 572 808 657 μὲν
820 572 883 642 οὐκ
895 578 999 655 ἔξεστι
1006 586 1077 663 Θη-

63 678 170 758 βαίων
181 668 294 739 οὐδενί
306 667 429 740 αὐτόθι
442 672 781 757 ἐγκατακοιμηθῆναι.
808 669 894 738 Τόδε
918 665 961 736 δὲ
972 671 1077 759 θύμά
1089 685 1140 741 135

61 796 120 856 μοι
130 773 288 855 μέγιστον
299 771 459 855 γενέσθαι
472 770 604 853 λέγεται
617 761 685 832 ὑπὸ
698 772 866 854 Θηβαίων,
882 772 996 838 έλθεῖν
1009 768 1075 857 ἀρα

62 866 123 934 τόν
133 864 299 956 Εὐρωπέα
310 874 406 956 Μῦν,
416 860 869 950 περιστρωφεόμενονπάντα
880 865 920 935 τά
930 868 1076 956 χρηστή-

60 990 136 1052 ρια,
151 966 207 1033 καὶ
223 967 256 1045 ἐς
270 975 333 1035 τού
345 967 469 1035 Πτιόου
482 963 692 1042 ’Λπόλλωνος
705 961 742 1031 τό
755 968 900 1052 τέμενος,
923 976 1022 1036 τοῦτο
1038 968 1075 1035 δὲ

59 1060 98 1132 τδ
116 1060 193 1150 ίρδν
207 1068 359 1134 καλέεται
372 1066 435 1153 μὲν
444 1070 577 1149 Πτῶον,
594 1067 663 1130 έστι
675 1061 712 1129 δὲ
722 1070 899 1151 Θηβαίων,
917 1068 1026 1134 κέεται
1037 1068 1075 1133 δὲ

58 1157 147 1247 ὑπὲρ
162 1168 221 1248 τῆς
231 1168 411 1243 Κωπαίδος
421 1169 539 1250 λίμνης
554 1158 640 1244 πρός
650 1159 746 1247 οὐρεῖ
758 1159 929 1249 ἀγχοτάτω
941 1161 1074 1253 Ἀκραι-

59 1266 140 1346 φίης
153 1262 278 1342 πόλιος.
301 1266 334 1342 ές
347 1270 447 1331 τοῦτο
458 1260 495 1331 τδ
512 1259 589 1349 ἱρόν
610 1262 718 1329 ἐπείτε
728 1269 923 1349 Ιπαρελθεῖν
936 1261 997 1331 τόν
1011 1290 1074 1331 κα-

60 1363 224 1449 λεόμενον
244 1371 366 1432 τοῦτον
382 1371 483 1450 Μύν,
505 1365 650 1432 ἕπεσθαί
663 1365 698 1429 οί
708 1368 776 1428 ταῖν
794 1358 905 1429 ἀστῶν
921 1363 1074 1452 αίρετούς

58 1462 187 1548 ἀνδρας
200 1473 289 1549 τρεῖς
302 1458 368 1529 ἀπό
384 1468 446 1529 τού
457 1462 577 1530 κοινοῦ
589 1458 634 1538 ὡς
645 1455 947 1545 ἀπογραψομένους
957 1458 998 1529 τά
1009 1472 1073 1529 θε-

58 1563 190 1628 σπιέειν
207 1566 331 1647 ἔμελλε.
369 1563 425 1628 καὶ
449 1561 596 1645 πρόκατε
615 1554 678 1625 τόν
698 1556 888 1644 πρόμαντιν
912 1557 1072 1650 βαρβάρφ

58 1657 194 1747 γλιόσση
214 1665 300 1745 χρᾶν
315 1663 371 1728 καί
389 1657 470 1739 τούς
485 1662 548 1746 μὲν
568 1660 753 1744 ἑπομένους
772 1663 842 1725 τῶν
859 1666 1017 1744 Θηβαίων
1034 1661 1072 1726 έν

58 1756 193 1842 θαύματι
209 1758 347 1842 ἔχεσθαι
370 1756 557 1837 ἀκούοντας
567 1757 743 1846 βαρβάρου
752 1756 906 1846 γλώσσης
916 1755 990 1828 ἀντὶ
998 1756 1053 1826 Ἑλ

57 1855 170 1941 λόδος,
187 1852 268 1924 οὐδὲ
283 1862 371 1944 ἔχειν
385 1857 406 1926 ό
421 1885 453 1927 τι
466 1859 648 1945 χρήσονται
662 1862 708 1947 τῷ
720 1858 880 1942 παρεόντι
892 1857 1071 1945 πρήγματι,

57 1951 118 2023 τόν
133 1954 170 2022 δὲ
181 1949 348 2042 Εὐρωπέα
367 1958 445 2026 Νῦν
456 1956 688 2046 έξαρπάσαντα
698 1951 779 2042 παρ’
793 1952 906 2025 αὐτῶν
919 1955 981 2044 τήν
992 1958 1072 2044 ε’φέ-

57 2078 159 2136 ροντο
175 2054 311 2141 δέλτον,
333 2053 375 2124 τὰ
391 2055 556 2143 λεγόμενα
570 2053 638 2124 ὐπὸ
654 2061 716 2123 τού
729 2054 909 2143 προφήτεω
925 2054 1072 2143 γράφειν

56 2157 90 2230 ἐς
100 2147 223 2239 αὐτήν,
240 2153 347 2239 φάναι
363 2153 399 2222 δὲ
409 2161 520 2244 Καρίη
534 2182 594 2241 μιν
607 2153 743 2242 γλύσση
757 2159 852 2239 χρᾶν,
870 2153 1072 2240 συγγραψά-

54 2275 161 2336 μενον
176 2248 212 2318 δὲ
229 2260 382 2338 οἴχεσθαι
400 2249 543 2324 ἀπιόντα
557 2254 591 2331 ἐς
601 2256 798 2337 Θεσσαλίην.
822 2251 1022 2337 Μαρδόνιος
1033 2252 1070 2318 δὲ
1084 2256 1136 2314 136

55 2349 291 2436 ἐπιλεξάμενος
302 2348 323 2418 ό
333 2378 364 2420 τι
377 2349 418 2439 δή
427 2344 474 2439 ήν
484 2355 625 2439 λέγοντα
635 2349 676 2421 τά
687 2351 880 2439 χρηστήρια,
895 2350 976 2438 μετά
988 2359 1071 2420 ταύ-

54 2477 96 2518 τα
107 2455 234 2535 έπεμψε
245 2448 390 2535 ἄγγελον
401 2453 435 2529 ές
446 2449 590 2537 Ἀθήνας
601 2448 820 2536 Ἀλέξανδρον
830 2447 890 2517 τόν
900 2447 1069 2535 Ἀμύντεω

54 2549 166 2636 ἀνδρα
179 2549 384 2638 Μακεδόνα,
401 2549 470 2638 ἀμα
485 2553 548 2638 μέν
562 2550 614 2620 ότι
632 2557 667 2620 οί
678 2553 882 2640 προσκηδέες
896 2555 930 2620 οί
941 2556 1069 2636 Πέρσαι

54 2637 144 2735 ήσαν
159 2642 396 2736 ’Ἀλεξάνδρου
411 2648 477 2736 γάρ
493 2648 834 2739 ἀδελφεήνΡνγαίην,
846 2647 1014 2737 Ἀμύντεω
1032 2651 1068 2720 δὲ

54 2747 245 2833 θυγατέρα,
269 2749 449 2836 Βουβάρης
465 2746 552 2836 ἀνήρ
566 2752 699 2837 Πέρσης
715 2753 805 2836 ἔσχε,
825 2749 862 2816 ἐκ
875 2755 933 2836 τής
948 2754 981 2818 οἱ
995 2752 1069 2837 έγε-

54 2850 153 2937 γόνεε
165 2845 329 2937 Ἀμύντης
349 2847 418 2920 ὁέν
432 2858 472 2940 τή
490 2849 598 2941 Ἀσίη,
619 2858 704 2939 ἔχων
726 2847 762 2918 τό
779 2847 909 2937 οὐνομα
925 2857 987 2919 τού
1003 2877 1069 2937 μη-

53 2949 277 3040 τροπάτορος,
292 2956 339 3042 τῷ
350 2947 391 3038 δή
404 2954 441 3019 έκ
452 2952 606 3038 βασιλέος
620 2957 678 3037 τῆς
689 2955 839 3036 Φρυγίης
854 2947 959 3033 ἐδόθη
971 2943 1069 3017 Ἀλά-

54 3052 163 3135 βανδα
174 3047 270 3126 πόλις
281 3049 409 3136 μεγοὶλη
420 3052 615 3136 νέμεσθαι,
632 3047 700 3135 ἅμα
712 3048 749 3116 δὲ
760 3045 778 3115 ὁ
791 3046 990 3133 Μαρδόνιος
1000 3070 1068 3115 πυ·

55 3144 201 3232 θόμενος
212 3145 263 3214 ότι
274 3148 450 3235 πρόξεινός
461 3173 497 3215 τε
507 3156 558 3233 εἴη
570 3149 625 3215 καί
637 3144 810 3234 εὐεργέτης
822 3141 839 3212 ὁ
853 3142 1067 3230 Ἀλέξανδρος

55 3252 186 3331 ἔπεμπε.
202 3245 282 3326 τούς
293 3247 359 3337 γὰρ
371 3247 573 3336 Ἀθηναίους
583 3245 673 3316 οὐτω
685 3246 797 3317 ἐδόκεε
806 3245 948 3332 μα’λιστα
959 3267 1067 3331 προσ-

54 3345 256 3433 κτήσεσθαι,
271 3348 361 3416 λειόν
374 3375 410 3418 τε
423 3346 551 3418 πολλόν
566 3346 632 3435 ἀρα
648 3345 785 3417 ἀκούων
799 3343 885 3414 εἶναι
900 3346 952 3413 καὶ
969 3343 1066 3414 ἀλκι-

51 3469 136 3531 μον,
156 3443 198 3511 τό
214 3469 250 3512 τε
264 3445 349 3516 κατὰ
363 3445 427 3535 τήν
440 3448 621 3518 θάλασσαν
642 3443 852 3534 συντυχόντα
873 3467 934 3530 σφι
950 3439 1066 3527 παθή-
