<?xml version="1.0" encoding="UTF-8"?>
<!DOCTYPE html PUBLIC "-//W3C//DTD XHTML 1.0 Transitional//EN"
    "http://www.w3.org/TR/xhtml1/DTD/xhtml1-transitional.dtd">
<html xmlns="http://www.w3.org/1999/xhtml" xml:lang="en" lang="en">
 <head>
  <title>
</title>
<meta http-equiv="Content-Type" content="text/html;charset=utf-8" />
  <meta name='ocr-system' content='tesseract 3.04.00' />
  <meta name='ocr-capabilities' content='ocr_page ocr_carea ocr_par ocr_line ocrx_word'/>
</head>
<body>
  <div class='ocr_page' id='page_1' title='image "./herodotihistori00dietgoog_0242.png"; bbox 0 0 2500 3925; ppageno 0'>
   <div class='ocr_carea' id='block_1_1' title="bbox 189 219 819 285">
    <p class='ocr_par' dir='ltr' id='par_1_1' title="bbox 189 219 819 285">
     <span class='ocr_line' id='line_1_1' title="bbox 189 219 819 285; baseline -0.01 0"><span class='ocrx_word' id='word_1_1' title='bbox 189 219 255 285; x_wconf 75' lang='lat'><strong><em>240</em></strong></span> <span class='ocrx_word' id='word_1_2' title='bbox 565 223 819 281; x_wconf 83' lang='lat' dir='ltr'><strong>HERODOTI</strong></span> 
     </span>
    </p>
   </div>
   <div class='ocr_carea' id='block_1_2' title="bbox 145 379 1228 3536">
    <p class='ocr_par' dir='ltr' id='par_1_2' title="bbox 145 379 1228 3536">
     <span class='ocr_line' id='line_1_2' title="bbox 145 379 1196 470; baseline -0.004 -18"><span class='ocrx_word' id='word_1_3' title='bbox 145 403 179 459; x_wconf 69' lang='grc' dir='ltr'><strong><em>σε</em></strong></span> <span class='ocrx_word' id='word_1_4' title='bbox 192 380 297 453; x_wconf 78' lang='grc' dir='ltr'><strong><em>αὐτόν</em></strong></span> <span class='ocrx_word' id='word_1_5' title='bbox 307 382 462 470; x_wconf 78' lang='grc' dir='ltr'><strong><em>Προκλέα</em></strong></span> <span class='ocrx_word' id='word_1_6' title='bbox 476 384 531 450; x_wconf 76' lang='grc' dir='ltr'><strong><em>καὶ</em></strong></span> <span class='ocrx_word' id='word_1_7' title='bbox 543 381 716 469; x_wconf 79' lang='grc' dir='ltr'><strong><em>ἐζώγρησε.</em></strong></span> <span class='ocrx_word' id='word_1_8' title='bbox 748 379 833 451; x_wconf 81' lang='grc' dir='ltr'><strong><em>Ἐπεὶ</em></strong></span> <span class='ocrx_word' id='word_1_9' title='bbox 848 380 885 451; x_wconf 75' lang='grc' dir='ltr'><strong><em>δὲ</em></strong></span> <span class='ocrx_word' id='word_1_10' title='bbox 899 389 960 451; x_wconf 84' lang='grc' dir='ltr'><strong><em>τοῦ</em></strong></span> <span class='ocrx_word' id='word_1_11' title='bbox 973 382 1101 469; x_wconf 87' lang='grc' dir='ltr'><strong><em>χρόνον</em></strong></span> <span class='ocrx_word' id='word_1_12' title='bbox 1116 407 1196 469; x_wconf 76' lang='grc' dir='ltr'><strong><em>προ</em></strong></span> 
     </span>
     <span class='ocr_line' id='line_1_3' title="bbox 189 478 1197 572; baseline -0.003 -20"><span class='ocrx_word' id='word_1_13' title='bbox 189 489 365 572; x_wconf 79' lang='grc' dir='ltr'><strong><em>βαίνοντος</em></strong></span> <span class='ocrx_word' id='word_1_14' title='bbox 389 478 465 550; x_wconf 84' lang='grc' dir='ltr'><strong><em>ὅτε</em></strong></span> <span class='ocrx_word' id='word_1_15' title='bbox 486 486 694 567; x_wconf 88' lang='grc' dir='ltr'><strong><em>Περίανδρος</em></strong></span> <span class='ocrx_word' id='word_1_16' title='bbox 717 480 908 567; x_wconf 80' lang='grc' dir='ltr'><strong><em>παρηβήκεε</em></strong></span> <span class='ocrx_word' id='word_1_17' title='bbox 933 482 989 548; x_wconf 79' lang='grc' dir='ltr'><strong><em>καί</em></strong></span> <span class='ocrx_word' id='word_1_18' title='bbox 1012 480 1197 569; x_wconf 87' lang='grc' dir='ltr'><strong><em>συνεγινώ-</em></strong></span> 
     </span>
     <span class='ocr_line' id='line_1_4' title="bbox 190 575 1207 670; baseline -0.004 -21"><span class='ocrx_word' id='word_1_19' title='bbox 190 600 287 649; x_wconf 88' lang='grc' dir='ltr'><strong><em>σκετο</em></strong></span> <span class='ocrx_word' id='word_1_20' title='bbox 301 582 415 670; x_wconf 78' lang='grc' dir='ltr'><strong><em>ἑωυτῷ</em></strong></span> <span class='ocrx_word' id='word_1_21' title='bbox 431 575 543 648; x_wconf 82' lang='grc' dir='ltr'><strong><em>οὐκέτι</em></strong></span> <span class='ocrx_word' id='word_1_22' title='bbox 561 578 647 649; x_wconf 79' lang='grc' dir='ltr'><strong><em>εἶναι</em></strong></span> <span class='ocrx_word' id='word_1_23' title='bbox 662 576 805 659; x_wconf 89' lang='grc' dir='ltr'><strong><em>δυνατός</em></strong></span> <span class='ocrx_word' id='word_1_24' title='bbox 819 577 859 647; x_wconf 85' lang='grc' dir='ltr'><strong><em>τά</em></strong></span> <span class='ocrx_word' id='word_1_25' title='bbox 877 579 1055 668; x_wconf 78' lang='grc' dir='ltr'><strong><em>πρήγματα</em></strong></span> <span class='ocrx_word' id='word_1_26' title='bbox 1072 584 1207 666; x_wconf 82' lang='grc' dir='ltr'><strong><em>ἐπορᾶν.</em></strong></span> 
     </span>
     <span class='ocr_line' id='line_1_5' title="bbox 189 674 1196 767; baseline -0.004 -20"><span class='ocrx_word' id='word_1_27' title='bbox 189 705 225 747; x_wconf 90' lang='grc' dir='ltr'><strong><em>τε</em></strong></span> <span class='ocrx_word' id='word_1_28' title='bbox 239 682 295 747; x_wconf 81' lang='grc' dir='ltr'><strong><em>καλ</em></strong></span> <span class='ocrx_word' id='word_1_29' title='bbox 309 679 453 764; x_wconf 88' lang='grc' dir='ltr'><strong><em>διέπειν,</em></strong></span> <span class='ocrx_word' id='word_1_30' title='bbox 476 680 607 764; x_wconf 78' lang='grc' dir='ltr'><strong><em>πέμψας</em></strong></span> <span class='ocrx_word' id='word_1_31' title='bbox 628 681 661 759; x_wconf 85' lang='grc' dir='ltr'><strong><em>ές</em></strong></span> <span class='ocrx_word' id='word_1_32' title='bbox 680 677 743 766; x_wconf 77' lang='grc' dir='ltr'><strong><em>τὴν</em></strong></span> <span class='ocrx_word' id='word_1_33' title='bbox 757 682 937 767; x_wconf 81' lang='grc' dir='ltr'><strong><em>Κέρκυραν</em></strong></span> <span class='ocrx_word' id='word_1_34' title='bbox 958 674 1123 746; x_wconf 73' lang='grc' dir='ltr'><strong><em>ἀπεκάλεε</em></strong></span> <span class='ocrx_word' id='word_1_35' title='bbox 1140 674 1196 744; x_wconf 87' lang='grc' dir='ltr'><strong><em>τόν</em></strong></span> 
     </span>
     <span class='ocr_line' id='line_1_6' title="bbox 189 776 1196 869; baseline -0.004 -20"><span class='ocrx_word' id='word_1_36' title='bbox 189 778 398 865; x_wconf 82' lang='grc' dir='ltr'><strong><em>Λυκόφρονα</em></strong></span> <span class='ocrx_word' id='word_1_37' title='bbox 418 780 471 847; x_wconf 79' lang='grc' dir='ltr'><strong><em>έπέ</em></strong></span> <span class='ocrx_word' id='word_1_38' title='bbox 489 776 553 865; x_wconf 79' lang='grc' dir='ltr'><strong><em>την</em></strong></span> <span class='ocrx_word' id='word_1_39' title='bbox 566 783 767 867; x_wconf 76' lang='grc' dir='ltr'><strong><em>τυραννίδα·</em></strong></span> <span class='ocrx_word' id='word_1_40' title='bbox 792 781 829 848; x_wconf 93' lang='grc' dir='ltr'><strong><em>έν</em></strong></span> <span class='ocrx_word' id='word_1_41' title='bbox 844 776 909 865; x_wconf 80' lang='grc' dir='ltr'><strong><em>γάρ</em></strong></span> <span class='ocrx_word' id='word_1_42' title='bbox 930 776 970 866; x_wconf 78' lang='grc' dir='ltr'><strong><em>δη</em></strong></span> <span class='ocrx_word' id='word_1_43' title='bbox 986 786 1032 869; x_wconf 75' lang='grc' dir='ltr'><strong><em>τῷ</em></strong></span> <span class='ocrx_word' id='word_1_44' title='bbox 1050 786 1196 867; x_wconf 79' lang='grc' dir='ltr'><strong><em>πρεσβυ-</em></strong></span> 
     </span>
     <span class='ocr_line' id='line_1_7' title="bbox 190 873 1197 969; baseline -0.006 -22"><span class='ocrx_word' id='word_1_45' title='bbox 190 879 274 969; x_wconf 76' lang='grc' dir='ltr'><strong><em>τέρῳ</em></strong></span> <span class='ocrx_word' id='word_1_46' title='bbox 288 884 356 945; x_wconf 82' lang='grc' dir='ltr'><strong><em>τών</em></strong></span> <span class='ocrx_word' id='word_1_47' title='bbox 375 882 506 945; x_wconf 77' lang='grc' dir='ltr'><strong><em>παίδων</em></strong></span> <span class='ocrx_word' id='word_1_48' title='bbox 521 875 583 946; x_wconf 90' lang='grc' dir='ltr'><strong><em>ούκ</em></strong></span> <span class='ocrx_word' id='word_1_49' title='bbox 600 879 745 965; x_wconf 87' lang='grc' dir='ltr'><strong><em>ἐνεώρα,</em></strong></span> <span class='ocrx_word' id='word_1_50' title='bbox 767 875 853 947; x_wconf 89' lang='grc' dir='ltr'><strong><em>ἀλλά</em></strong></span> <span class='ocrx_word' id='word_1_51' title='bbox 869 882 902 946; x_wconf 79' lang='grc' dir='ltr'><strong><em>οἱ</em></strong></span> <span class='ocrx_word' id='word_1_52' title='bbox 917 883 1137 963; x_wconf 88' lang='grc' dir='ltr'><strong><em>κατεφαίνετο</em></strong></span> <span class='ocrx_word' id='word_1_53' title='bbox 1155 873 1197 942; x_wconf 84' lang='grc' dir='ltr'><strong><em>εἷ-</em></strong></span> 
     </span>
     <span class='ocr_line' id='line_1_8' title="bbox 190 972 1198 1065; baseline -0.004 -19"><span class='ocrx_word' id='word_1_54' title='bbox 190 1004 247 1046; x_wconf 86' lang='grc' dir='ltr'><strong><em>ναι</em></strong></span> <span class='ocrx_word' id='word_1_55' title='bbox 257 977 481 1064; x_wconf 76' lang='grc' dir='ltr'><strong><em>νωθέστερος·</em></strong></span> <span class='ocrx_word' id='word_1_56' title='bbox 503 975 521 1047; x_wconf 84' lang='grc' dir='ltr'><strong><em>ό</em></strong></span> <span class='ocrx_word' id='word_1_57' title='bbox 534 982 570 1046; x_wconf 75' lang='grc' dir='ltr'><strong><em>δὲ</em></strong></span> <span class='ocrx_word' id='word_1_58' title='bbox 576 978 770 1065; x_wconf 85' lang='grc' dir='ltr'><strong><em>Λυκόφρων</em></strong></span> <span class='ocrx_word' id='word_1_59' title='bbox 783 975 863 1046; x_wconf 75' lang='grc' dir='ltr'><strong><em>οὐδὲ</em></strong></span> <span class='ocrx_word' id='word_1_60' title='bbox 874 974 1069 1065; x_wconf 80' lang='grc' dir='ltr'><strong><em>ὑποκρίσιος</em></strong></span> <span class='ocrx_word' id='word_1_61' title='bbox 1080 972 1198 1065; x_wconf 76' lang='grc' dir='ltr'><strong><em>ἠξίωσε</em></strong></span> 
     </span>
     <span class='ocr_line' id='line_1_9' title="bbox 190 1073 1199 1164; baseline -0.005 -19"><span class='ocrx_word' id='word_1_62' title='bbox 190 1074 251 1145; x_wconf 86' lang='grc' dir='ltr'><strong><em>τόν</em></strong></span> <span class='ocrx_word' id='word_1_63' title='bbox 261 1079 407 1163; x_wconf 89' lang='grc' dir='ltr'><strong><em>φέροντα</em></strong></span> <span class='ocrx_word' id='word_1_64' title='bbox 421 1074 484 1163; x_wconf 76' lang='grc' dir='ltr'><strong><em>τὴν</em></strong></span> <span class='ocrx_word' id='word_1_65' title='bbox 493 1074 661 1164; x_wconf 75' lang='grc' dir='ltr'><strong><em>ἀγγελίην.</em></strong></span> <span class='ocrx_word' id='word_1_66' title='bbox 696 1080 905 1164; x_wconf 88' lang='grc' dir='ltr'><strong><em>Περίανδρος</em></strong></span> <span class='ocrx_word' id='word_1_67' title='bbox 917 1074 954 1143; x_wconf 84' lang='grc' dir='ltr'><strong><em>δέ</em></strong></span> <span class='ocrx_word' id='word_1_68' title='bbox 964 1073 1199 1162; x_wconf 82' lang='grc' dir='ltr'><strong><em>περιεχόμενος</em></strong></span> 
     </span>
     <span class='ocr_line' id='line_1_10' title="bbox 189 1173 1198 1263; baseline -0.003 -17"><span class='ocrx_word' id='word_1_69' title='bbox 189 1182 251 1246; x_wconf 83' lang='grc' dir='ltr'><strong><em>τοῦ</em></strong></span> <span class='ocrx_word' id='word_1_70' title='bbox 261 1180 401 1262; x_wconf 85' lang='grc' dir='ltr'><strong><em>νεηνίεω</em></strong></span> <span class='ocrx_word' id='word_1_71' title='bbox 417 1176 557 1263; x_wconf 90' lang='grc' dir='ltr'><strong><em>δεύτερα</em></strong></span> <span class='ocrx_word' id='word_1_72' title='bbox 571 1174 742 1247; x_wconf 85' lang='grc' dir='ltr'><strong><em>ἀπέστειλε</em></strong></span> <span class='ocrx_word' id='word_1_73' title='bbox 757 1174 809 1247; x_wconf 82' lang='grc' dir='ltr'><strong><em>ἐπ’</em></strong></span> <span class='ocrx_word' id='word_1_74' title='bbox 826 1174 931 1245; x_wconf 83' lang='grc' dir='ltr'><strong><em>αὐτόν</em></strong></span> <span class='ocrx_word' id='word_1_75' title='bbox 945 1173 1006 1263; x_wconf 76' lang='grc' dir='ltr'><strong><em>τὴν</em></strong></span> <span class='ocrx_word' id='word_1_76' title='bbox 1018 1173 1198 1263; x_wconf 76' lang='grc' dir='ltr'><strong><em>ἀδελφεὴν,</em></strong></span> 
     </span>
     <span class='ocr_line' id='line_1_11' title="bbox 192 1272 1199 1365; baseline 0.001 -23"><span class='ocrx_word' id='word_1_77' title='bbox 192 1276 320 1342; x_wconf 78' lang='grc' dir='ltr'><strong><em>ἑωυτοῦ</em></strong></span> <span class='ocrx_word' id='word_1_78' title='bbox 347 1272 384 1342; x_wconf 75' lang='grc' dir='ltr'><strong><em>δέ</em></strong></span> <span class='ocrx_word' id='word_1_79' title='bbox 406 1279 596 1363; x_wconf 78' lang='grc' dir='ltr'><strong><em>θυγατέρα,</em></strong></span> <span class='ocrx_word' id='word_1_80' title='bbox 625 1279 752 1345; x_wconf 89' lang='grc' dir='ltr'><strong><em>δοκέων</em></strong></span> <span class='ocrx_word' id='word_1_81' title='bbox 776 1304 835 1365; x_wconf 92' lang='grc' dir='ltr'><strong><em>μιν</em></strong></span> <span class='ocrx_word' id='word_1_82' title='bbox 861 1277 1003 1363; x_wconf 89' lang='grc' dir='ltr'><strong><em>μάλιστα</em></strong></span> <span class='ocrx_word' id='word_1_83' title='bbox 1027 1277 1134 1365; x_wconf 78' lang='grc' dir='ltr'><strong><em>ταύτῃ</em></strong></span> <span class='ocrx_word' id='word_1_84' title='bbox 1161 1273 1199 1343; x_wconf 86' lang='grc' dir='ltr'><strong><em>ἀν</em></strong></span> 
     </span>
     <span class='ocr_line' id='line_1_12' title="bbox 190 1366 1199 1462; baseline 0 -21"><span class='ocrx_word' id='word_1_85' title='bbox 190 1380 380 1442; x_wconf 87' lang='grc' dir='ltr'><strong><em>πείθεσθαι.</em></strong></span> <span class='ocrx_word' id='word_1_86' title='bbox 403 1370 607 1461; x_wconf 86' lang='grc' dir='ltr'><strong><em>ἀπικομένης</em></strong></span> <span class='ocrx_word' id='word_1_87' title='bbox 618 1378 654 1443; x_wconf 82' lang='grc' dir='ltr'><strong><em>δὲ</em></strong></span> <span class='ocrx_word' id='word_1_88' title='bbox 666 1376 787 1461; x_wconf 79' lang='grc' dir='ltr'><strong><em>ταύτης</em></strong></span> <span class='ocrx_word' id='word_1_89' title='bbox 802 1378 857 1443; x_wconf 83' lang='grc' dir='ltr'><strong><em>καὶ</em></strong></span> <span class='ocrx_word' id='word_1_90' title='bbox 871 1375 1050 1462; x_wconf 78' lang='grc' dir='ltr'><strong><em>λεγούσης·</em></strong></span> <span class='ocrx_word' id='word_1_91' title='bbox 1077 1366 1118 1441; x_wconf 74' lang='grc' dir='ltr'><em>Ὦ</em></span> <span class='ocrx_word' id='word_1_92' title='bbox 1131 1388 1199 1458; x_wconf 81' lang='grc' dir='ltr'><strong><em>παῖ,</em></strong></span> 
     </span>
     <span class='ocr_line' id='line_1_13' title="bbox 190 1469 1200 1565; baseline -0.008 -20"><span class='ocrx_word' id='word_1_93' title='bbox 190 1477 330 1565; x_wconf 77' lang='grc' dir='ltr'><strong><em>βούλεαι</em></strong></span> <span class='ocrx_word' id='word_1_94' title='bbox 354 1476 472 1564; x_wconf 75' lang='grc' dir='ltr'><strong><em>τόντε</em></strong></span> <span class='ocrx_word' id='word_1_95' title='bbox 494 1479 679 1561; x_wconf 88' lang='grc' dir='ltr'><strong><em>τυραννίδα</em></strong></span> <span class='ocrx_word' id='word_1_96' title='bbox 705 1478 738 1556; x_wconf 81' lang='grc' dir='ltr'><strong><em>ἐς</em></strong></span> <span class='ocrx_word' id='word_1_97' title='bbox 762 1474 885 1555; x_wconf 83' lang='grc' dir='ltr'><strong><em>ἀλλους</em></strong></span> <span class='ocrx_word' id='word_1_98' title='bbox 908 1476 1040 1543; x_wconf 85' lang='grc' dir='ltr'><strong><em>πεσέειν</em></strong></span> <span class='ocrx_word' id='word_1_99' title='bbox 1062 1469 1200 1541; x_wconf 80' lang='grc' dir='ltr'><strong><em>καὶτὸν</em></strong></span> 
     </span>
     <span class='ocr_line' id='line_1_14' title="bbox 191 1567 1201 1661; baseline -0.003 -19"><span class='ocrx_word' id='word_1_100' title='bbox 191 1572 286 1642; x_wconf 78' lang='grc' dir='ltr'><strong><em>οἷκον</em></strong></span> <span class='ocrx_word' id='word_1_101' title='bbox 302 1581 364 1643; x_wconf 82' lang='grc' dir='ltr'><strong><em>τοῦ</em></strong></span> <span class='ocrx_word' id='word_1_102' title='bbox 380 1572 505 1661; x_wconf 82' lang='grc' dir='ltr'><strong><em>πατρὸς</em></strong></span> <span class='ocrx_word' id='word_1_103' title='bbox 527 1576 778 1661; x_wconf 79' lang='grc' dir='ltr'><strong><em>διαφορηθέντα</em></strong></span> <span class='ocrx_word' id='word_1_104' title='bbox 798 1579 927 1659; x_wconf 80' lang='grc' dir='ltr'><strong><em>μᾶλλον</em></strong></span> <span class='ocrx_word' id='word_1_105' title='bbox 946 1567 968 1659; x_wconf 76' lang='grc' dir='ltr'><strong><em>ἢ</em></strong></span> <span class='ocrx_word' id='word_1_106' title='bbox 988 1569 1090 1650; x_wconf 85' lang='grc' dir='ltr'><strong><em>αάτός</em></strong></span> <span class='ocrx_word' id='word_1_107' title='bbox 1112 1591 1201 1657; x_wconf 77' lang='grc' dir='ltr'><strong><em>σφεα</em></strong></span> 
     </span>
     <span class='ocr_line' id='line_1_15' title="bbox 190 1667 1201 1760; baseline -0.002 -21"><span class='ocrx_word' id='word_1_108' title='bbox 190 1672 478 1760; x_wconf 77' lang='grc' dir='ltr'><strong><em>κατελθώνέχεινς</em></strong></span> <span class='ocrx_word' id='word_1_109' title='bbox 494 1671 594 1741; x_wconf 86' lang='grc' dir='ltr'><strong><em>ἀπνθι</em></strong></span> <span class='ocrx_word' id='word_1_110' title='bbox 610 1675 643 1751; x_wconf 83' lang='grc' dir='ltr'><strong><em>ἐς</em></strong></span> <span class='ocrx_word' id='word_1_111' title='bbox 657 1668 698 1740; x_wconf 83' lang='grc' dir='ltr'><strong><em>τά</em></strong></span> <span class='ocrx_word' id='word_1_112' title='bbox 713 1677 817 1757; x_wconf 89' lang='grc' dir='ltr'><strong><em>οίκιά,</em></strong></span> <span class='ocrx_word' id='word_1_113' title='bbox 835 1677 961 1738; x_wconf 84' lang='grc' dir='ltr'><strong><em>παῦσαι</em></strong></span> <span class='ocrx_word' id='word_1_114' title='bbox 977 1667 1131 1737; x_wconf 85' lang='grc' dir='ltr'><strong><em>σεωυτόν</em></strong></span> <span class='ocrx_word' id='word_1_115' title='bbox 1149 1676 1201 1755; x_wconf 83' lang='grc' dir='ltr'><strong><em>ζη-</em></strong></span> 
     </span>
     <span class='ocr_line' id='line_1_16' title="bbox 191 1764 1201 1859; baseline -0.007 -20"><span class='ocrx_word' id='word_1_116' title='bbox 191 1776 287 1857; x_wconf 87' lang='grc' dir='ltr'><strong><em>μιών.</em></strong></span> <span class='ocrx_word' id='word_1_117' title='bbox 318 1776 488 1857; x_wconf 82' lang='grc' dir='ltr'><strong><em>φιλοτιμίη</em></strong></span> <span class='ocrx_word' id='word_1_118' title='bbox 511 1778 618 1857; x_wconf 78' lang='grc' dir='ltr'><strong><em>κτῆμα</em></strong></span> <span class='ocrx_word' id='word_1_119' title='bbox 639 1770 775 1839; x_wconf 90' lang='grc' dir='ltr'><strong><em>σκαιόν·</em></strong></span> <span class='ocrx_word' id='word_1_120' title='bbox 803 1766 847 1856; x_wconf 77' lang='grc' dir='ltr'><strong><em>μὴ</em></strong></span> <span class='ocrx_word' id='word_1_121' title='bbox 868 1774 914 1859; x_wconf 77' lang='grc' dir='ltr'><strong><em>τῷ</em></strong></span> <span class='ocrx_word' id='word_1_122' title='bbox 931 1775 1022 1859; x_wconf 79' lang='grc' dir='ltr'><strong><em>κακῷ</em></strong></span> <span class='ocrx_word' id='word_1_123' title='bbox 1037 1764 1074 1836; x_wconf 84' lang='grc' dir='ltr'><strong><em>τό</em></strong></span> <span class='ocrx_word' id='word_1_124' title='bbox 1092 1766 1201 1837; x_wconf 86' lang='grc' dir='ltr'><strong><em>κακόν</em></strong></span> 
     </span>
     <span class='ocr_line' id='line_1_17' title="bbox 190 1865 1201 1955; baseline -0.01 -14"><span class='ocrx_word' id='word_1_125' title='bbox 190 1878 239 1941; x_wconf 84' lang='grc' dir='ltr'><strong><em>ίώ.</em></strong></span> <span class='ocrx_word' id='word_1_126' title='bbox 264 1871 390 1949; x_wconf 76' lang='grc' dir='ltr'><strong><em>πολλοὶ</em></strong></span> <span class='ocrx_word' id='word_1_127' title='bbox 416 1875 483 1937; x_wconf 81' lang='grc' dir='ltr'><strong><em>τῶν</em></strong></span> <span class='ocrx_word' id='word_1_128' title='bbox 510 1874 649 1938; x_wconf 90' lang='grc' dir='ltr'><strong><em>δικαίων</em></strong></span> <span class='ocrx_word' id='word_1_129' title='bbox 674 1865 715 1936; x_wconf 82' lang='grc' dir='ltr'><strong><em>τά</em></strong></span> <span class='ocrx_word' id='word_1_130' title='bbox 741 1869 963 1955; x_wconf 87' lang='grc' dir='ltr'><strong><em>ἐπιεικέστερα</em></strong></span> <span class='ocrx_word' id='word_1_131' title='bbox 994 1874 1201 1952; x_wconf 81' lang='grc' dir='ltr'><strong><em>προτιθελσι,</em></strong></span> 
     </span>
     <span class='ocr_line' id='line_1_18' title="bbox 190 1962 1204 2057; baseline -0.009 -18"><span class='ocrx_word' id='word_1_132' title='bbox 190 1971 308 2039; x_wconf 80' lang='grc' dir='ltr'><strong><em>πολλοί</em></strong></span> <span class='ocrx_word' id='word_1_133' title='bbox 319 1967 355 2037; x_wconf 75' lang='grc' dir='ltr'><strong><em>δέ</em></strong></span> <span class='ocrx_word' id='word_1_134' title='bbox 369 1965 432 2056; x_wconf 79' lang='grc' dir='ltr'><strong><em>ἤδη</em></strong></span> <span class='ocrx_word' id='word_1_135' title='bbox 447 1967 487 2037; x_wconf 83' lang='grc' dir='ltr'><strong><em>τά</em></strong></span> <span class='ocrx_word' id='word_1_136' title='bbox 503 1969 653 2057; x_wconf 88' lang='grc' dir='ltr'><strong><em>μητρώια</em></strong></span> <span class='ocrx_word' id='word_1_137' title='bbox 668 1967 836 2056; x_wconf 80' lang='grc' dir='ltr'><strong><em>διζήμενοι</em></strong></span> <span class='ocrx_word' id='word_1_138' title='bbox 851 1962 891 2035; x_wconf 81' lang='grc' dir='ltr'><strong><em>τά</em></strong></span> <span class='ocrx_word' id='word_1_139' title='bbox 906 1965 1055 2051; x_wconf 89' lang='grc' dir='ltr'><strong><em>πατρώια</em></strong></span> <span class='ocrx_word' id='word_1_140' title='bbox 1070 1962 1204 2052; x_wconf 85' lang='grc' dir='ltr'><strong><em>ἀπέβα-</em></strong></span> 
     </span>
     <span class='ocr_line' id='line_1_19' title="bbox 190 2061 1203 2155; baseline -0.008 -18"><span class='ocrx_word' id='word_1_141' title='bbox 190 2078 262 2137; x_wconf 90' lang='grc' dir='ltr'><strong><em>λον.</em></strong></span> <span class='ocrx_word' id='word_1_142' title='bbox 291 2070 451 2154; x_wconf 83' lang='grc' dir='ltr'><strong><em>τυραννὶς</em></strong></span> <span class='ocrx_word' id='word_1_143' title='bbox 470 2075 580 2153; x_wconf 84' lang='grc' dir='ltr'><strong><em>χρῆμα</em></strong></span> <span class='ocrx_word' id='word_1_144' title='bbox 601 2064 789 2155; x_wconf 85' lang='grc' dir='ltr'><strong><em>σφαλερόν,</em></strong></span> <span class='ocrx_word' id='word_1_145' title='bbox 811 2067 928 2134; x_wconf 82' lang='grc' dir='ltr'><strong><em>πολλοὶ</em></strong></span> <span class='ocrx_word' id='word_1_146' title='bbox 949 2063 984 2132; x_wconf 78' lang='grc' dir='ltr'><strong><em>δέ</em></strong></span> <span class='ocrx_word' id='word_1_147' title='bbox 1002 2061 1105 2149; x_wconf 78' lang='grc' dir='ltr'><strong><em>αὐτῆς</em></strong></span> <span class='ocrx_word' id='word_1_148' title='bbox 1123 2065 1203 2148; x_wconf 88' lang='grc' dir='ltr'><strong><em>ἐρα-</em></strong></span> 
     </span>
     <span class='ocr_line' id='line_1_20' title="bbox 191 2157 1204 2253; baseline -0.006 -18"><span class='ocrx_word' id='word_1_149' title='bbox 191 2170 268 2235; x_wconf 91' lang='grc' dir='ltr'><strong><em>σταί</em></strong></span> <span class='ocrx_word' id='word_1_150' title='bbox 289 2170 368 2251; x_wconf 88' lang='grc' dir='ltr'><strong><em>είσι,</em></strong></span> <span class='ocrx_word' id='word_1_151' title='bbox 390 2162 408 2234; x_wconf 88' lang='grc' dir='ltr'>ὁ</span> <span class='ocrx_word' id='word_1_152' title='bbox 432 2164 468 2232; x_wconf 78' lang='grc' dir='ltr'><strong><em>δέ</em></strong></span> <span class='ocrx_word' id='word_1_153' title='bbox 483 2167 593 2251; x_wconf 85' lang='grc' dir='ltr'><strong><em>γέρων</em></strong></span> <span class='ocrx_word' id='word_1_154' title='bbox 614 2191 650 2234; x_wconf 88' lang='grc' dir='ltr'><strong><em>τε</em></strong></span> <span class='ocrx_word' id='word_1_155' title='bbox 669 2163 732 2252; x_wconf 80' lang='grc' dir='ltr'><strong><em>ἤδη</em></strong></span> <span class='ocrx_word' id='word_1_156' title='bbox 754 2165 810 2231; x_wconf 80' lang='grc' dir='ltr'><strong><em>καί</em></strong></span> <span class='ocrx_word' id='word_1_157' title='bbox 829 2161 1046 2250; x_wconf 80' lang='grc' dir='ltr'><strong><em>παρηβηκώς·</em></strong></span> <span class='ocrx_word' id='word_1_158' title='bbox 1068 2157 1116 2248; x_wconf 80' lang='grc' dir='ltr'><strong><em>μὴ</em></strong></span> <span class='ocrx_word' id='word_1_159' title='bbox 1138 2166 1204 2253; x_wconf 82' lang='grc' dir='ltr'><strong><em>δῷς</em></strong></span> 
     </span>
     <span class='ocr_line' id='line_1_21' title="bbox 190 2261 1205 2352; baseline -0.005 -18"><span class='ocrx_word' id='word_1_160' title='bbox 190 2264 230 2334; x_wconf 82' lang='grc' dir='ltr'><strong><em>τά</em></strong></span> <span class='ocrx_word' id='word_1_161' title='bbox 248 2271 398 2333; x_wconf 85' lang='grc' dir='ltr'><strong><em>σεωυτοῦ</em></strong></span> <span class='ocrx_word' id='word_1_162' title='bbox 412 2262 525 2352; x_wconf 89' lang='grc' dir='ltr'><strong><em>ἀγαθά</em></strong></span> <span class='ocrx_word' id='word_1_163' title='bbox 540 2265 678 2336; x_wconf 77' lang='grc' dir='ltr'><strong><em>ἄλλοισι.</em></strong></span> <span class='ocrx_word' id='word_1_164' title='bbox 716 2261 762 2333; x_wconf 87' lang='grc' dir='ltr'><strong><em>Ἡ</em></strong></span> <span class='ocrx_word' id='word_1_165' title='bbox 771 2263 833 2350; x_wconf 74' lang='grc' dir='ltr'><strong><em>μέν</em></strong></span> <span class='ocrx_word' id='word_1_166' title='bbox 848 2261 888 2352; x_wconf 76' lang='grc' dir='ltr'><strong><em>δὴ</em></strong></span> <span class='ocrx_word' id='word_1_167' title='bbox 904 2261 945 2332; x_wconf 80' lang='grc' dir='ltr'><strong><em>τά</em></strong></span> <span class='ocrx_word' id='word_1_168' title='bbox 960 2263 1205 2350; x_wconf 82' lang='grc' dir='ltr'><strong><em>ἐπαγωγότατα</em></strong></span> 
     </span>
     <span class='ocr_line' id='line_1_22' title="bbox 190 2358 1207 2452; baseline -0.004 -20"><span class='ocrx_word' id='word_1_169' title='bbox 190 2368 385 2449; x_wconf 71' lang='grc' dir='ltr'><strong><em>διδαχθεῖσα</em></strong></span> <span class='ocrx_word' id='word_1_170' title='bbox 398 2360 465 2431; x_wconf 74' lang='grc' dir='ltr'><strong><em>ὑπὸ</em></strong></span> <span class='ocrx_word' id='word_1_171' title='bbox 480 2371 541 2432; x_wconf 83' lang='grc' dir='ltr'><strong><em>τοῦ</em></strong></span> <span class='ocrx_word' id='word_1_172' title='bbox 555 2361 680 2450; x_wconf 79' lang='grc' dir='ltr'><strong><em>πατρός</em></strong></span> <span class='ocrx_word' id='word_1_173' title='bbox 696 2369 787 2450; x_wconf 80' lang='grc' dir='ltr'><strong><em>ἔλεγε</em></strong></span> <span class='ocrx_word' id='word_1_174' title='bbox 802 2360 885 2452; x_wconf 83' lang='grc' dir='ltr'><strong><em>πρὸς</em></strong></span> <span class='ocrx_word' id='word_1_175' title='bbox 896 2359 1011 2447; x_wconf 77' lang='grc' dir='ltr'><strong><em>αὐτόν,</em></strong></span> <span class='ocrx_word' id='word_1_176' title='bbox 1025 2358 1043 2430; x_wconf 85' lang='grc' dir='ltr'>ὁ</span> <span class='ocrx_word' id='word_1_177' title='bbox 1059 2363 1096 2428; x_wconf 86' lang='grc' dir='ltr'><strong><em>δέ</em></strong></span> <span class='ocrx_word' id='word_1_178' title='bbox 1114 2359 1207 2430; x_wconf 79' lang='grc' dir='ltr'><strong><em>ὑπο-</em></strong></span> 
     </span>
     <span class='ocr_line' id='line_1_23' title="bbox 189 2455 1202 2550; baseline -0.004 -21"><span class='ocrx_word' id='word_1_179' title='bbox 189 2461 391 2547; x_wconf 86' lang='grc' dir='ltr'><strong><em>κρινάμενος</em></strong></span> <span class='ocrx_word' id='word_1_180' title='bbox 415 2467 479 2549; x_wconf 76' lang='grc' dir='ltr'><strong><em>ἔφη</em></strong></span> <span class='ocrx_word' id='word_1_181' title='bbox 507 2459 639 2550; x_wconf 84' lang='grc' dir='ltr'><strong><em>ούδαμᾶ</em></strong></span> <span class='ocrx_word' id='word_1_182' title='bbox 662 2461 756 2549; x_wconf 80' lang='grc' dir='ltr'><strong><em>ἥξειν</em></strong></span> <span class='ocrx_word' id='word_1_183' title='bbox 781 2463 814 2542; x_wconf 87' lang='grc' dir='ltr'><strong><em>ἐς</em></strong></span> <span class='ocrx_word' id='word_1_184' title='bbox 837 2460 1030 2548; x_wconf 88' lang='grc' dir='ltr'><strong><em>Κόρινθον,</em></strong></span> <span class='ocrx_word' id='word_1_185' title='bbox 1058 2456 1132 2528; x_wconf 77' lang='grc' dir='ltr'><strong><em>ἔστ’</em></strong></span> <span class='ocrx_word' id='word_1_186' title='bbox 1160 2455 1202 2526; x_wconf 85' lang='grc' dir='ltr'><strong><em>ἀι</em></strong></span> 
     </span>
     <span class='ocr_line' id='line_1_24' title="bbox 189 2555 1207 2647; baseline -0.005 -19"><span class='ocrx_word' id='word_1_187' title='bbox 189 2558 407 2645; x_wconf 90' lang='grc' dir='ltr'><strong><em>πυνθάνηται</em></strong></span> <span class='ocrx_word' id='word_1_188' title='bbox 433 2559 610 2646; x_wconf 86' lang='grc' dir='ltr'><strong><em>περιεόντα</em></strong></span> <span class='ocrx_word' id='word_1_189' title='bbox 634 2556 695 2627; x_wconf 85' lang='grc' dir='ltr'><strong><em>τόν</em></strong></span> <span class='ocrx_word' id='word_1_190' title='bbox 720 2559 854 2647; x_wconf 84' lang='grc' dir='ltr'><strong><em>πατέρα.</em></strong></span> <span class='ocrx_word' id='word_1_191' title='bbox 888 2555 1141 2645; x_wconf 75' lang='grc' dir='ltr'><strong><em>ἀπαγγειλάσης</em></strong></span> <span class='ocrx_word' id='word_1_192' title='bbox 1168 2557 1207 2624; x_wconf 78' lang='grc' dir='ltr'><strong><em>δὲ</em></strong></span> 
     </span>
     <span class='ocr_line' id='line_1_25' title="bbox 189 2655 1208 2748; baseline -0.007 -21"><span class='ocrx_word' id='word_1_193' title='bbox 189 2660 312 2745; x_wconf 81' lang='grc' dir='ltr'><strong><em>ταύτης</em></strong></span> <span class='ocrx_word' id='word_1_194' title='bbox 333 2666 436 2726; x_wconf 85' lang='grc' dir='ltr'><strong><em>ταῦτα</em></strong></span> <span class='ocrx_word' id='word_1_195' title='bbox 457 2656 494 2727; x_wconf 85' lang='grc' dir='ltr'><strong><em>τό</em></strong></span> <span class='ocrx_word' id='word_1_196' title='bbox 517 2666 630 2748; x_wconf 89' lang='grc' dir='ltr'><strong><em>τρίτον</em></strong></span> <span class='ocrx_word' id='word_1_197' title='bbox 652 2656 669 2726; x_wconf 87' lang='grc' dir='ltr'>ὁ</span> <span class='ocrx_word' id='word_1_198' title='bbox 690 2661 898 2746; x_wconf 89' lang='grc' dir='ltr'><strong><em>Περίανδρος</em></strong></span> <span class='ocrx_word' id='word_1_199' title='bbox 922 2655 1053 2745; x_wconf 82' lang='grc' dir='ltr'><strong><em>κήρυκα</em></strong></span> <span class='ocrx_word' id='word_1_200' title='bbox 1075 2656 1208 2740; x_wconf 85' lang='grc' dir='ltr'><strong><em>πέμπει</em></strong></span> 
     </span>
     <span class='ocr_line' id='line_1_26' title="bbox 189 2752 1210 2846; baseline -0.006 -21"><span class='ocrx_word' id='word_1_201' title='bbox 189 2758 396 2846; x_wconf 79' lang='grc' dir='ltr'><strong><em>βουλόμενος</em></strong></span> <span class='ocrx_word' id='word_1_202' title='bbox 416 2753 516 2836; x_wconf 82' lang='grc' dir='ltr'><strong><em>αότός</em></strong></span> <span class='ocrx_word' id='word_1_203' title='bbox 537 2759 600 2843; x_wconf 75' lang='grc' dir='ltr'><strong><em>μὲν</em></strong></span> <span class='ocrx_word' id='word_1_204' title='bbox 621 2760 654 2836; x_wconf 86' lang='grc' dir='ltr'><strong><em>ές</em></strong></span> <span class='ocrx_word' id='word_1_205' title='bbox 670 2758 849 2845; x_wconf 84' lang='grc' dir='ltr'><strong><em>Κέρκυραν</em></strong></span> <span class='ocrx_word' id='word_1_206' title='bbox 871 2754 984 2842; x_wconf 77' lang='grc' dir='ltr'><strong><em>ἥκειν,</em></strong></span> <span class='ocrx_word' id='word_1_207' title='bbox 1007 2755 1145 2822; x_wconf 78' lang='grc' dir='ltr'><strong><em>ἐκεῖνον</em></strong></span> <span class='ocrx_word' id='word_1_208' title='bbox 1168 2752 1210 2819; x_wconf 74' lang='grc' dir='ltr'><strong><em>δὲ</em></strong></span> 
     </span>
     <span class='ocr_line' id='line_1_27' title="bbox 190 2853 1210 2945; baseline -0.007 -19"><span class='ocrx_word' id='word_1_209' title='bbox 190 2860 321 2926; x_wconf 84' lang='grc' dir='ltr'><strong><em>ἐκέλευε</em></strong></span> <span class='ocrx_word' id='word_1_210' title='bbox 334 2860 367 2936; x_wconf 87' lang='grc' dir='ltr'><strong><em>ές</em></strong></span> <span class='ocrx_word' id='word_1_211' title='bbox 378 2856 554 2945; x_wconf 85' lang='grc' dir='ltr'><strong><em>Κόρινθον</em></strong></span> <span class='ocrx_word' id='word_1_212' title='bbox 566 2855 774 2944; x_wconf 76' lang='grc' dir='ltr'><strong><em>ἀπικόμενον</em></strong></span> <span class='ocrx_word' id='word_1_213' title='bbox 791 2855 949 2942; x_wconf 79' lang='grc' dir='ltr'><strong><em>διάδοχον</em></strong></span> <span class='ocrx_word' id='word_1_214' title='bbox 964 2853 1130 2941; x_wconf 87' lang='grc' dir='ltr'><strong><em>γενέσθαι</em></strong></span> <span class='ocrx_word' id='word_1_215' title='bbox 1146 2860 1210 2938; x_wconf 84' lang='grc' dir='ltr'><strong><em>τῆς</em></strong></span> 
     </span>
     <span class='ocr_line' id='line_1_28' title="bbox 189 2952 1213 3042; baseline -0.005 -16"><span class='ocrx_word' id='word_1_216' title='bbox 189 2960 397 3042; x_wconf 89' lang='grc' dir='ltr'><strong><em>τυραννίδος.</em></strong></span> <span class='ocrx_word' id='word_1_217' title='bbox 426 2959 683 3036; x_wconf 86' lang='grc' dir='ltr'><strong><em>καταινέσαντος</em></strong></span> <span class='ocrx_word' id='word_1_218' title='bbox 700 2954 732 3024; x_wconf 88' lang='grc' dir='ltr'><strong><em>δ’</em></strong></span> <span class='ocrx_word' id='word_1_219' title='bbox 760 2960 812 3025; x_wconf 78' lang='grc' dir='ltr'><strong><em>ἐπὶ</em></strong></span> <span class='ocrx_word' id='word_1_220' title='bbox 831 2955 979 3024; x_wconf 88' lang='grc' dir='ltr'><strong><em>τούτοισι</em></strong></span> <span class='ocrx_word' id='word_1_221' title='bbox 998 2961 1060 3042; x_wconf 82' lang='grc' dir='ltr'><strong><em>τοῦ</em></strong></span> <span class='ocrx_word' id='word_1_222' title='bbox 1077 2952 1213 3031; x_wconf 83' lang='grc' dir='ltr'><strong><em>παιδὸς</em></strong></span> 
     </span>
     <span class='ocr_line' id='line_1_29' title="bbox 188 3051 1212 3145; baseline -0.007 -18"><span class='ocrx_word' id='word_1_223' title='bbox 188 3057 207 3127; x_wconf 85' lang='grc' dir='ltr'><strong><em>ό</em></strong></span> <span class='ocrx_word' id='word_1_224' title='bbox 222 3062 285 3144; x_wconf 75' lang='grc' dir='ltr'><strong><em>μὲν</em></strong></span> <span class='ocrx_word' id='word_1_225' title='bbox 294 3060 503 3144; x_wconf 87' lang='grc' dir='ltr'><strong><em>Περίανδρος</em></strong></span> <span class='ocrx_word' id='word_1_226' title='bbox 518 3059 685 3124; x_wconf 82' lang='grc' dir='ltr'><strong><em>ἐστέλλετο</em></strong></span> <span class='ocrx_word' id='word_1_227' title='bbox 701 3059 733 3134; x_wconf 87' lang='grc' dir='ltr'><strong><em>ές</em></strong></span> <span class='ocrx_word' id='word_1_228' title='bbox 746 3054 808 3143; x_wconf 77' lang='grc' dir='ltr'><strong><em>τὴν</em></strong></span> <span class='ocrx_word' id='word_1_229' title='bbox 819 3057 1015 3145; x_wconf 84' lang='grc' dir='ltr'><strong><em>Κέρκυραν,</em></strong></span> <span class='ocrx_word' id='word_1_230' title='bbox 1032 3051 1050 3121; x_wconf 89' lang='grc' dir='ltr'>ὁ</span> <span class='ocrx_word' id='word_1_231' title='bbox 1068 3053 1107 3122; x_wconf 73' lang='grc' dir='ltr'><strong><em>δὲ</em></strong></span> <span class='ocrx_word' id='word_1_232' title='bbox 1124 3069 1212 3132; x_wconf 83' lang='grc' dir='ltr'><strong><em>παῖς</em></strong></span> 
     </span>
     <span class='ocr_line' id='line_1_30' title="bbox 189 3152 1215 3244; baseline 0.001 -21"><span class='ocrx_word' id='word_1_233' title='bbox 189 3160 223 3224; x_wconf 85' lang='grc' dir='ltr'><strong><em>οί</em></strong></span> <span class='ocrx_word' id='word_1_234' title='bbox 235 3159 268 3232; x_wconf 82' lang='grc' dir='ltr'><strong><em>ἐς</em></strong></span> <span class='ocrx_word' id='word_1_235' title='bbox 282 3152 345 3242; x_wconf 73' lang='grc' dir='ltr'><strong><em>τὴν</em></strong></span> <span class='ocrx_word' id='word_1_236' title='bbox 359 3156 545 3242; x_wconf 87' lang='grc' dir='ltr'><strong><em>Κόρινθον.</em></strong></span> <span class='ocrx_word' id='word_1_237' title='bbox 568 3156 737 3243; x_wconf 78' lang='grc' dir='ltr'><strong><em>μαθόντες</em></strong></span> <span class='ocrx_word' id='word_1_238' title='bbox 752 3156 788 3224; x_wconf 79' lang='grc' dir='ltr'><strong><em>δέ</em></strong></span> <span class='ocrx_word' id='word_1_239' title='bbox 801 3163 836 3226; x_wconf 84' lang='grc' dir='ltr'><strong><em>οί</em></strong></span> <span class='ocrx_word' id='word_1_240' title='bbox 844 3165 1048 3244; x_wconf 72' lang='grc' dir='ltr'><strong><em>Κερκυραῖοι</em></strong></span> <span class='ocrx_word' id='word_1_241' title='bbox 1065 3155 1215 3224; x_wconf 85' lang='grc' dir='ltr'><strong><em>τούτων</em></strong></span> 
     </span>
     <span class='ocr_line' id='line_1_31' title="bbox 188 3253 1214 3345; baseline 0.002 -23"><span class='ocrx_word' id='word_1_242' title='bbox 188 3257 327 3340; x_wconf 79' lang='grc' dir='ltr'><strong><em>ἕκαστα,</em></strong></span> <span class='ocrx_word' id='word_1_243' title='bbox 347 3253 466 3341; x_wconf 77' lang='grc' dir='ltr'><strong><em>ἵναμή</em></strong></span> <span class='ocrx_word' id='word_1_244' title='bbox 481 3275 542 3340; x_wconf 94' lang='grc' dir='ltr'><strong><em>σφι</em></strong></span> <span class='ocrx_word' id='word_1_245' title='bbox 552 3262 760 3345; x_wconf 88' lang='grc' dir='ltr'><strong><em>Περίανδρος</em></strong></span> <span class='ocrx_word' id='word_1_246' title='bbox 776 3260 809 3336; x_wconf 90' lang='grc' dir='ltr'><strong><em>ές</em></strong></span> <span class='ocrx_word' id='word_1_247' title='bbox 823 3254 884 3343; x_wconf 79' lang='grc' dir='ltr'><strong><em>την</em></strong></span> <span class='ocrx_word' id='word_1_248' title='bbox 898 3257 1011 3343; x_wconf 89' lang='grc' dir='ltr'><strong><em>χώρην</em></strong></span> <span class='ocrx_word' id='word_1_249' title='bbox 1026 3253 1214 3343; x_wconf 88' lang='grc' dir='ltr'><strong><em>ἀπίκηται,</em></strong></span> 
     </span>
     <span class='ocr_line' id='line_1_32' title="bbox 189 3351 1228 3444; baseline 0.007 -27"><span class='ocrx_word' id='word_1_250' title='bbox 189 3356 356 3419; x_wconf 89' lang='grc' dir='ltr'><strong><em>κτείνουσι</em></strong></span> <span class='ocrx_word' id='word_1_251' title='bbox 375 3351 436 3421; x_wconf 86' lang='grc' dir='ltr'><strong><em>τόν</em></strong></span> <span class='ocrx_word' id='word_1_252' title='bbox 455 3362 642 3439; x_wconf 83' lang='grc' dir='ltr'><strong><em>νεηνίσκον.</em></strong></span> <span class='ocrx_word' id='word_1_253' title='bbox 672 3355 745 3425; x_wconf 77' lang='grc' dir='ltr'><strong><em>ἀντὶ</em></strong></span> <span class='ocrx_word' id='word_1_254' title='bbox 766 3356 896 3425; x_wconf 90' lang='grc' dir='ltr'><strong><em>τούτων</em></strong></span> <span class='ocrx_word' id='word_1_255' title='bbox 910 3359 971 3442; x_wconf 80' lang='grc' dir='ltr'><strong><em>μὲν</em></strong></span> <span class='ocrx_word' id='word_1_256' title='bbox 986 3363 1228 3444; x_wconf 62' lang='grc' dir='ltr'><strong><em>Περίανδρος,</em></strong></span> 
     </span>
     <span class='ocr_line' id='line_1_33' title="bbox 193 3454 638 3536; baseline 0.016 -22"><span class='ocrx_word' id='word_1_257' title='bbox 193 3455 420 3532; x_wconf 89' lang='grc' dir='ltr'><strong><em>Κερκυραίους</em></strong></span> <span class='ocrx_word' id='word_1_258' title='bbox 436 3454 638 3536; x_wconf 87' lang='grc' dir='ltr'><strong><em>ἐτιμωρέετο.</em></strong></span> 
     </span>
    </p>
   </div>
   <div class='ocr_carea' id='block_1_3' title="bbox 0 0 1254 3924">
    <p class='ocr_par' dir='ltr' id='par_1_3' title="bbox 0 0 1254 3924">
     <span class='ocr_line' id='line_1_34' title="bbox 0 0 1254 3924; baseline 0 0"><span class='ocrx_word' id='word_1_259' title='bbox 0 0 1254 3924; x_wconf 95' lang='lat' dir='ltr'><strong><em> </em></strong></span> 
     </span>
    </p>
   </div>
  </div>
 </body>
</html>
