2500 3925
161 209 204 276 74
534 213 792 273 HERODOTI

159 377 285 462 ἐσθῆτα
300 371 364 443 οόκ
384 376 547 462 ἐγχωρίην
563 378 698 460 ἐχοντας
713 375 770 442 καὶ
789 370 908 461 αἰχμάς
921 373 1180 464 προσεβήσατο,

159 479 219 543 καί
229 491 291 561 σφι
305 473 535 560 προσελθοῦσι
549 473 765 559 ἐπηγγείλατο
776 472 978 562 καταγωγήν
986 477 1043 544 καὶ
1053 479 1175 555 ξείνια.

159 576 193 642 ot
203 571 239 641 δὲ
246 571 422 658 δεξάμενοι
431 573 487 642 καὶ
494 573 717 651 ξεινισθέντες
727 567 788 638 ὑπ’
797 569 904 641 αὐτοῦ
912 573 1090 660 ἐξέφαινον
1099 577 1178 640 πᾶν

159 676 194 741 oc
201 671 240 742 τό
251 672 425 761 μαντήιον,
440 671 648 759 ἐκφήναντες
661 672 699 739 δέ
709 673 842 740 ἐδέοντο
852 670 961 741 αὐτοῦ
969 678 1017 763 τῷ
1026 677 1099 761 θεῷ
1110 697 1177 756 μιν

157 778 349 846 πείθεσθαι.
395 771 582 839 Μιλτιάδεα
597 771 635 838 δὲ
647 768 841 838 όκοόσαντα
854 777 1045 859 παραυτίκα
1059 774 1177 836 ἐπεισε-

158 869 176 940 ὃ
192 871 292 958 λόγος
302 866 357 939 οἷα
368 867 561 957 ἀχθόμενόν
572 894 608 937 τε
617 876 659 958 τῇ
669 869 913 957 Πεισιστράτου
923 866 1008 956 ἀρχή
1018 868 1075 935 καί
1085 874 1176 954 βου-

157 971 303 1058 λόμενον
319 967 473 1039 ἐκποδών
493 969 587 1038 εἶναι.
617 967 738 1038 αὐτίκα
761 971 798 1038 δέ
820 970 940 1055 ἐστάλη
961 971 994 1048 ἐς
1009 966 1175 1054 Δελφοδς

157 1068 416 1155 ἐπειρησόμενος
429 1067 466 1136 τό
478 1070 697 1157 χρηστήριον,
713 1073 745 1136 εί
755 1071 864 1137 ποιέοι
889 1063 996 1155 τάπερ
1015 1064 1125 1136 αὐτοῦ
1139 1069 1177 1134 οί

108 1193 143 1248 35
157 1165 328 1252 Δόλογκοι
342 1170 574 1253 προσεδέοντο
612 1166 828 1254 Κελευοόσης
837 1167 874 1236 δέ
883 1169 940 1236 καὶ
952 1173 1010 1253 τῆς
1019 1172 1172 1250 Πυθίης,

158 1261 247 1332 οὕτω
262 1260 304 1349 δή
320 1265 509 1352 Μιλτιάδης
529 1264 547 1334 6
564 1268 741 1351 Κυψέλου,
756 1261 919 1352 Ὀλύμπια
933 1260 1175 1352 ἀναραιρηκῶς

156 1361 323 1447 πρότερον
332 1363 465 1431 τούτων
474 1370 660 1455 τεθρίππῳ,
675 1363 751 1432 τότε
759 1362 967 1452 παραλαβὼν
977 1361 1174 1448 Ἀθηναίων

154 1460 267 1530 πάντα
285 1459 347 1530 τόν
361 1461 573 1550 βουλόμενον
587 1466 737 1551 μετέχειν
757 1470 819 1532 τοῦ
833 1463 956 1534 στόλου
976 1468 1085 1532 ἐπλωε
1098 1459 1173 1548 ἅμα

155 1573 242 1630 τοσσι
253 1560 475 1649 Δολόγκοισι,
490 1566 546 1632 καλ
557 1569 632 1650 ἐσχε
642 1562 706 1650 τήν
715 1564 839 1652 χώρην.
861 1571 987 1650 καίμιν
998 1565 1173 1648 οίέπαγα-

154 1662 293 1750 γόμενοι
306 1661 478 1748 τύραννον
493 1663 747 1750 κατεστήσαντο.
768 1661 787 1732 6
802 1664 840 1734 δέ
853 1670 989 1749 πρῶτον
1005 1663 1068 1749 μὲν
1083 1659 1172 1728 άπε·

154 1778 274 1848 τειχισε
290 1757 352 1830 τόν
368 1759 496 1848 ίσθμδν
519 1770 576 1850 τῆς
593 1763 812 1852 Χερσονήσου
828 1767 866 1832 ἐκ
886 1767 1035 1850 Καρδίης
1049 1763 1173 1840 πόλιος

154 1866 188 1942 ἐς
200 1861 379 1948 Πακτύην,
398 1859 510 1950 ἵναμή
523 1866 631 1950 ἐχοιέν
642 1883 748 1951 σφεας
758 1860 970 1945 υίἏψίνθιοι
985 1865 1172 1948 δηλέεσθαι

58 2002 66 2011 ·
153 1962 372 2052 ἐσβάλλοντες
383 1966 416 2043 ἐς
426 1960 489 2051 τήν
503 1961 625 2053 χώρην.
647 1968 710 2033 είσί
724 1964 761 2033 δὲ
772 1955 867 2034 οὗτοι
878 1962 1007 2031 στάδιοι
1018 1964 1053 2041 ἐξ
1065 1987 1101 2029 τε
1113 1965 1172 2029 καὶ

153 2062 333 2150 τριήκοντα
345 2068 407 2129 τοῦ
419 2067 563 2149 ίσθμοῦ·
579 2060 645 2130 άπό
657 2064 694 2131 δὲ
704 2070 765 2131 τοῦ
776 2067 905 2149 ίσθμοῦ
914 2061 1037 2129 τούτου
1047 2057 1069 2147 ἡ
1078 2068 1169 2143 Χερ-

154 2157 298 2244 σόνησος
312 2163 376 2225 ἔσω
392 2157 483 2225 πᾶσά
500 2160 569 2227 ἐστι
586 2163 732 2227 σταδίων
752 2168 858 2228 εἴκοσι
872 2161 928 2227 καί
941 2163 1167 2244 τετρακοσίων

106 2277 140 2335 ςχ
155 2253 193 2321 τδ
211 2262 324 2340 μήτιος.
360 2251 583 2341 ἈποτειχΜας
598 2250 648 2323 τόν
661 2254 722 2325 τόν
737 2254 861 2342 αὐχένα
874 2260 933 2342 τής
944 2253 1169 2342 Χερσονήσου
1247 2325 1248 2330 1

155 2350 173 2419 6
189 2352 378 2439 Μιλτιάδης
392 2355 448 2420 καὶ
461 2350 540 2432 τούς
549 2351 747 2436 Ἀψινθίους
757 2354 869 2445 τρόπφ
880 2352 1022 2444 τοιοότφ
1032 2349 1169 2438 ὠσάμε-

153 2477 213 2529 νος
227 2457 296 2519 τῶν
309 2458 439 2519 λοιπῶν
450 2452 612 2535 πριότοισι
626 2455 809 2540 ἐπολέμησε
818 2461 1086 2540 Λαμψακηνοῖσι.
1111 2480 1170 2523 και

152 2574 240 2635 μινο
242 2551 487 2635 [Λαμψακηνοὶ
500 2552 701 2637 λοχήσαντες
716 2578 737 2618 α
738 2553 867 2637 ίρέουσι
881 2558 1010 2674 ζαιγρίη.
1034 2543 1080 2639 ήν
1098 2548 1167 2619 δέὁ

155 2649 487 2768 ΜιλτιάδηςΚροίσφ
504 2677 549 2742 τῳ
535 2658 663 2743 Λυδῷ
677 2655 715 2720 ἐν
728 2652 847 2741 γνεόμη
862 2653 1027 2773 γεγονφός·
1048 2665 1166 2723 πυθο-

152 2771 252 2832 μενος
274 2772 323 2813 ων
344 2744 362 2814 6
386 2753 531 2835 Κροῖσος
551 2757 656 2818 ταῦτα
678 2752 821 2835 πέμπων
840 2751 1053 2869 προηγόρευε
1077 2766 1167 2820 τοῖσι
1242 2743 1244 2866 ή

151 2849 411 2929 Λαμψακηνοῖσι
424 2850 573 2932 μετιέναι
587 2846 792 2936 Μιλτιάδηνχ
811 2854 841 2915 εί
854 2847 945 2915 δὲ
904 2876 967 2935 μη,
986 2853 1092 2936 σφέας
1108 2858 1167 2919 πί-

149 2968 229 3019 τυος
239 2940 436 3030 τρόπονήπε
438 2951 505 3014 ίλεε
516 2948 693 3033 ἐκτρίψειν
704 2947 1166 3038 πλανεομένωυδὲτωυΛαμ-

149 3050 313 3130 ψακηυῶν
334 3045 370 3111 ἐν
385 3058 471 3111 τοισι
490 3047 637 3133 λόγοισι,
660 3054 695 3115 τί
680 3045 876 3118 ίέθέλει
842 3073 879 3114 το
896 3054 976 3129 ἔπος
997 3047 1099 3139 εἶπαι,
1125 3052 1164 3121 τό

97 3160 99 3173 ·
149 3161 211 3227 σφι
221 3136 427 3258 ήπείλησεν’
412 3167 430 3208 ο
439 3149 593 3230 Κροῖσος,
606 3150 723 3221 πίτυος
732 3144 860 3230 τρόπον
871 3147 1111 3236 ἐκτρίψειν,’
1064 3176 1165 3237 μογις

148 3235 225 3305 κοτὲ
238 3235 362 3322 μαθάν
377 3246 445 3306 τῶν
459 3265 508 3319 τις
522 3246 760 3329 πρεσβυτέρων
775 3240 894 3311 εἷπε
858 3269 896 3317 το
910 3244 1017 3331 ἐον,“
995 3271 1049 3315 οτι
1063 3254 1163 3328 πίτυς

147 3334 259 3419 μούνη
272 3337 440 3421 δενδρέων
450 3338 587 3407 πάντων
598 3343 775 3409 ἐκκοπεῖσα
786 3338 932 3430 θλαστόν
943 3338 1070 3411 οὐδόνα
1080 3372 1163 3431 μετ-

146 3436 207 3515 ίει,
242 3426 327 3499 άλλά
354 3433 573 3521 πανώλεθρος
594 3439 821 3519 ἐξαπόλλυται.
862 3434 1084 3521 δείσαντες
1054 3468 1107 3510 ων
1127 3448 1164 3511 ol
