2500 3925
184 172 247 238 282
557 174 811 233 HERODOTI

184 360 268 405 κατα
294 334 605 422 κατεργασαμένους
629 331 771 418 μάλιστα
793 329 995 419 Ἀθηναίους
1020 333 1217 422 ἠπίστατο.

182 433 311 501 τούτων
328 433 366 501 δὲ
380 433 661 519 προσγενομένων
681 429 857 517 κατήλπιζε
874 429 1037 511 εὐπετέως
1055 438 1124 519 τῆς
1140 442 1219 500 θα-

182 531 306 619 λάσσης
316 530 507 620 κρατήσειν,
523 525 629 615 τόπερ
648 524 693 598 ἀν
707 520 827 616 καλήν,
841 536 921 620 πεζή
931 556 967 598 τε
982 532 1105 601 ἐδόκεε
1120 541 1217 598 πολ-

181 629 244 700 λὸν
265 628 349 698 εἶναι
367 631 527 714 κρέσσων.
555 625 645 697 οὕτω
658 654 694 699 τε
710 629 871 713 ἐλογίζετο
889 629 1091 716 κατύπερθέ
1115 635 1158 699 οί
1172 630 1214 697 τὰ

181 729 358 815 πρήγματα
380 732 517 797 ἔσεσθαι
536 732 605 795 τῶν
619 724 832 813 Ἑλληνικῶν.
862 725 945 813 τόγα
961 725 992 797 δ’
1012 725 1059 797 ἀν
1076 731 1147 797 καὶ
1171 727 1213 794 τό

180 826 362 916 χρηστήρια
374 826 478 896 ταῦτά
494 831 528 895 ot
535 826 704 914 προλέγοι,
720 827 997 914 συμβουλεύοντα
1012 827 1211 913 σύμμαχον

179 923 240 994 τόν
253 922 435 1011 Ἀθηναίου
451 926 643 995 ποιέεσθαι·
672 939 757 995 τοῖσι
774 921 815 1011 δή
832 925 1037 1013 πειθόμενος
1053 932 1205 1012 ἔπεμπε.

114 1038 164 1095 1³7
263 1032 352 1093 Tor
360 1033 425 1095 ΔΕ
434 1021 653 1109 Ἀλεξάνδρου
664 1022 936 1111 τούτονέβδομος
945 1027 1099 1111 γενέτωρ
1107 1031 1208 1107 Περ-

180 1128 295 1209 δίκκης
306 1123 374 1191 ἐστὶ
385 1120 404 1191 5
416 1122 622 1209 κτησόμενος
631 1128 700 1191 τεόν
707 1121 922 1190 Μακεδόνων
931 1119 993 1209 τήν
1004 1127 1206 1209 τυραννίδα

179 1221 293 1312 τρόπῳ
307 1226 443 1314 τοιῷδε·
465 1224 499 1301 ἐξ
510 1218 650 1308 Ἀργεος
660 1226 789 1307 ἔφυγον
800 1222 833 1299 ἐς
845 1216 1028 1308 Ἰλλυριοὺς
1039 1228 1118 1288 τῶν
1135 1229 1206 1307 Τη-

180 1324 285 1408 μένου
300 1318 481 1408 ἀπογόνων
494 1336 583 1409 τρείς
597 1318 764 1412 ἀδελφεοί,
784 1321 942 1409 Γαυάνης
954 1348 990 1389 τε
1005 1325 1062 1390 καί
1080 1321 1204 1410 ’Λέρο-

180 1446 243 1501 πος
257 1422 312 1489 καί
323 1425 521 1510 Περδίκκης,
537 1424 574 1491 ἐκ
589 1423 625 1491 δέ
639 1420 810 1510 Ἰλλυριῶν
824 1420 1074 1510 ὑπερβαλόντες
1087 1426 1128 1503 ἐς
1139 1422 1203 1509 τήν

180 1517 253 1587 ἀνω
269 1523 489 1608 Μακεδονίην
505 1518 666 1589 ἀπίκοντο
683 1524 716 1600 ἐς
730 1528 879 1608 Λεβαίην
899 1521 1009 1589 πόλιν.
1039 1526 1201 1591 ἐνθαῦτα

180 1616 217 1685 δὲ
232 1615 397 1704 ἐθήτευον
412 1620 465 1687 ἐπί
482 1626 594 1709 μισθῷ
615 1616 706 1707 παρὰ
721 1624 767 1711 τῷ
785 1622 931 1708 βασιλέϊ,
953 1617 970 1686 5
986 1620 1049 1705 μὲν
1064 1623 1199 1699 ἵππους

179 1718 310 1802 νέμων,
334 1711 353 1781 5
368 1716 405 1783 δέ
419 1724 518 1803 βοῦς,
539 1713 557 1785 5
574 1719 610 1787 δὲ
632 1715 795 1797 νεότατος
816 1716 929 1786 αὐτῶν
942 1724 1141 1807 Περδίκκης
1158 1717 1196 1787 τό

179 1810 282 1883 λεπτὰ
298 1820 367 1882 νῦν
380 1815 570 1903 προβάτων.
593 1808 682 1904 ήσαν
693 1815 730 1884 δέ
743 1814 780 1883 τό
793 1815 897 1885 πάλαι
911 1819 966 1885 καί
981 1822 1018 1885 αι’
1026 1825 1196 1905 τυραννί-

179 1917 234 1994 δες
247 1918 316 1983 τῶν
333 1910 529 2004 ἀνθρώπων
542 1912 702 1996 ἀσθενέες
715 1913 875 2004 χρήμασι,
890 1912 932 1984 οό
946 1922 1079 2002 μοῦνον
1096 1914 1117 1984 5
1136 1922 1195 2005 δή·

178 2037 249 2099 μος.
277 2009 299 2100 ἡ
314 2014 351 2082 δέ
366 2012 454 2101 γυνή
468 2021 531 2084 τοῦ
545 2017 699 2103 βασιλέος
714 2011 797 2101 αὐτή
812 2012 853 2081 τό
871 2020 958 2083 σιτία
979 2036 1041 2102 σφι
1059 2021 1191 2084 ἔπεσσε.

178 2112 266 2194 ὅκως
280 2115 317 2184 δὲ
332 2111 460 2208 όπτςότο
474 2113 493 2185 5
506 2115 606 2203 ἀρτος
614 2123 676 2184 τοῦ
686 2113 806 2195 παιδός
818 2122 881 2184 τοῦ
892 2120 1007 2204 θητός,
1022 2121 1088 2184 τοῦ
1099 2123 1194 2200 Περ·
1235 2121 1237 2215 ,’

178 2218 316 2300 δίκκεω,
337 2214 511 2300 διπλήσιος
533 2219 661 2303 ἐγίνετο
681 2211 782 2293 αὐτὸς
804 2217 940 2283 ἑωυτοῦ.
975 2217 1046 2284 ἐπεὶ
1067 2216 1107 2283 δὲ
1129 2218 1194 2284 αίεὶ
1234 2291 1235 2303 ,

177 2307 284 2379 τάυτό
301 2319 401 2380 τοῦτο
416 2315 561 2400 ἐγίνετο,
583 2311 653 2382 εἶπε
673 2309 758 2398 πρός
770 2310 832 2379 τόν
849 2308 956 2399 ἄνδρα
973 2309 1034 2380 τόν
1050 2314 1190 2400 ἑωυτῆς.
1233 2379 1234 2391 ,

178 2407 237 2478 τὸν
251 2410 288 2478 δέ
303 2407 496 2480 ἀκούσαντα
512 2415 635 2500 ἐσῆλθε
653 2409 771 2480 αὐτίκα
784 2409 828 2491 ὡς
840 2421 890 2499 είη
907 2414 1004 2500 τέρας
1017 2416 1074 2480 καλ
1089 2417 1191 2499 φέροι
1232 2429 1233 2480 λ

178 2511 210 2587 ἐς
220 2511 305 2595 μέγα
315 2535 356 2578 τι.
375 2512 517 2590 καλέσας
528 2511 565 2580 δέ
576 2509 656 2592 τούς
666 2518 773 2599 θῆτας
784 2511 996 2599 προηγόρευέ
1004 2531 1065 2598 σφι
1076 2511 1189 2581 ἀπαλ-
1231 2505 1232 2567 5

182 2610 363 2680 λα’σσεσθαι
377 2614 414 2679 ἐκ
428 2619 490 2700 γῆς
504 2619 562 2700 τῆς
578 2615 715 2681 ἑωυτοῦ,
740 2617 774 2680 οί
787 2614 823 2682 δὲ
836 2609 897 2680 τὸν
911 2611 1038 2700 μισθόν
1054 2619 1187 2700 ἔφασαν
1230 2603 1231 2656 5

177 2714 299 2778 δίκαιοι
316 2708 401 2780 εἶναι
415 2709 643 2800 ἀπολαβόντες
659 2709 749 2778 οὕτω
764 2715 894 2791 ἐξιέναι.
919 2715 1069 2780 ἐνθαῦτα
1084 2709 1103 2780 5
1122 2720 1184 2800 βα·
1228 2675 1230 2746 A

176 2806 288 2888 σιλεῦς
301 2817 364 2878 τοῦ
379 2817 508 2898 μισθοῦ
524 2810 602 2896 πέρι
618 2807 783 2898 ἀκοόσας,
804 2802 849 2896 ἦν
861 2808 928 2897 γὰρ
944 2807 1027 2878 κατὰ
1045 2807 1108 2896 τήν
1123 2838 1182 2887 κα-

175 2909 348 2996 πνοδόκην
362 2913 396 2990 ἐς
409 2909 470 2979 τόν
485 2909 579 2980 οἶκον
593 2910 717 2998 ἐσέχων
738 2909 755 2978 5
776 2908 887 2999 ἥλιος,
909 2908 979 2978 εἶπε
993 2909 1182 2999 θεοβλαβής

174 3009 372 3096 γενόμενος·
388 3007 532 3079 Μισθόν
543 3009 580 3078 δὲ
591 3007 672 3097 ὑμίν
683 3007 748 3098 ἐγω
760 3007 875 3096 ὑμέων
885 3007 981 3089 ἀξιον
991 3008 1089 3076 τόνδε
1099 3007 1181 3076 ἀπο-

174 3112 312 3196 δίδωμι,
334 3109 430 3190 δέξας
449 3105 510 3176 τόν
529 3105 637 3196 ἥλιον.
668 3105 686 3178 5
706 3107 768 3196 μὲν
789 3105 830 3195 δή
853 3107 1013 3193 Γαυάνης
1032 3132 1067 3174 τε
1087 3111 1139 3176 καί
1162 3105 1178 3173 5

170 3203 328 3290 Ἀέροπος
349 3211 384 3275 οί
407 3206 632 3295 πρεσβύτεροι
658 3208 801 3275 ἕστασαν
825 3205 1105 3292 ἐκπεπληγμένοι,
1137 3205 1179 3284 ὡς

175 3301 325 3387 ἤκουσαν
340 3311 462 3392 ταῦτα,
484 3303 502 3374 5
520 3307 557 3382 δὲ
573 3319 668 3392 παίς,
693 3305 853 3392 ἐτύγχανε
874 3301 940 3392 γὰρ
961 3311 1046 3392 έχων
1062 3304 1177 3391 μα’χαι·

173 3427 248 3487 ραν,
267 3411 361 3483 είπας
372 3405 462 3494 τάδε,
477 3405 672 3492 Δεκόμεθα,
690 3399 717 3476 τό
731 3411 884 3494 βασιλεῦ,
898 3402 939 3472 τά
957 3408 1070 3490 διδοίς,
1086 3431 1175 3492 περι-
