2500 3925
341 228 425 285 ιιο.
457 228 477 284 1.
510 224 609 285 σαν.
645 231 819 289 ιει-ιεο,
904 206 912 223 ’
1041 220 1083 287 85

73 389 183 467 ίκέτας
197 413 266 475 μου
287 390 324 457 ἐκ
344 393 405 457 τοῦ
419 390 504 474 νηοῦ
518 390 695 473 κεραΐζειςς
713 384 941 477 Ἀριστόδικον
962 388 999 457 δέ
1019 383 1083 455 ούιι

74 480 293 574 ἀπορήσαντα
307 482 392 574 π’ρδς
405 491 510 555 ταῦτα
527 488 649 553 είπετν·
667 478 785 573 Ὦναξ,
801 482 903 566 αὐτὸς
915 487 979 607 μὲν
992 482 1083 553 ούτοι

75 598 157 653 τοῖσι
168 586 296 675 ίκέτησι
307 588 481 706 βοηθέεις,
496 588 672 705 Κυμαίους
683 582 720 651 δέ
734 582 882 664 κελεύεις
896 580 957 654 τόν
970 586 1083 672 ίκέτην

75 682 263 766 ἐκδιδόναι,
300 681 369 753 Τόυ
384 675 481 752 δέ
436 708 530 763 αυτις
547 678 755 770 ἀμείψασθαι
768 686 908 752 τοιοίδε·
942 683 1011 752 Ναὶ
1025 707 1084 750 κε-

74 782 179 869 λεόω,
202 784 262 851 ἵνα
275 809 315 870 γε
328 778 553 873 ἀσεβήσαντες
566 787 699 851 θᾶσσον
713 777 904 870 απόλησθε,
921 779 967 862 ὥς
983 777 1028 902 μὴ
1043 763 1081 851 τό

74 877 195 951 λοιπὸν
216 884 293 969 περὶ
320 885 455 951 ίκετέαν
476 879 626 959 ἐκδόσιος
638 887 758 968 ἔλθητε
765 880 862 951 ἐπλτο
869 877 1081 969 χρηστηριον

77 976 229 1048 Ταῦτα’
206 1005 253 1060 ως
268 976 544 1068 ἆπενειχθέντα”
521 996 673 1066 ηκουσαν
688 980 722 1045 οί
730 983 889 1065 Κυμαίοι,
904 1005 946 1047 ου
935 975 1082 1066 ’βουλό-
1100 984 1151 1041 1⁶⁰

74 1106 169 1169 μενοι
185 1078 266 1149 οὔτε
280 1080 433 1160 ἐκδόντες
445 1074 631 1149 ἀπολέσθαι
641 1076 720 1147 οὔτε
729 1074 810 1163 παρ’
824 1080 977 1147 ἑωυτοῖσι
988 1082 1083 1166 έχον-

74 1206 124 1259 τες
141 1181 403 1267 πολιορκέεσθαι
420 1182 453 1258 ἐς
468 1177 671 1266 Μυτιλήνην
686 1172 791 1244 αὐτόν
808 1178 1021 1264 ἐκπέμπουσι.
1050 1182 1085 1248 οί

73 1281 348 1369 δέΜυτιληναῖοι
358 1282 601 1368 ἐπιπέμποντος
609 1276 854 1365 τοῦΜαζοίρεος
865 1273 1083 1366 ἄργελίαςέκ-

74 1381 208 1452 διδόναι
219 1378 448 1470 τδνΠακτύην
459 1380 746 1471 παρεσκευάζοντο
756 1381 809 1448 ἐπὶ
818 1385 931 1471 μισθῷ
951 1377 1082 1471 δσςοδή·

74 1481 112 1553 ού
127 1480 197 1573 γὰρ
213 1488 278 1572 ἔχοι
291 1485 393 1556 τοῦτό
402 1512 442 1572 με
453 1490 558 1555 εἰπεῖν
570 1478 749 1569 ἀτρεκέως·
767 1478 810 1550 ού
822 1478 888 1569 γὰρ
906 1480 1080 1566 ἐτελεώθη.

76 1591 222 1670 Κυμαίου
235 1579 302 1671 μὰρ
318 1581 363 1663 ὡς
377 1589 506 1672 ἔμαθον
519 1589 624 1652 ταῦτα
640 1580 856 1669 πρησσόμενα
871 1584 908 1652 ἐκ
921 1588 990 1651 τοῖν
1000 1588 1083 1650 Μυ-

75 1687 274 1771 τιληναίων,
303 1688 491 1771 πέμψαντες
515 1691 636 1751 πλοῖον
664 1682 697 1759 ἐς
719 1683 851 1767 Λέσβον
875 1682 1084 1769 ἐκκομίζουσι

76 1782 239 1869 Πακτύην
250 1785 382 1862 ἐςΚίον
402 1782 653 1862 ἐνθεῦτενδέἐξ
637 1786 741 1871 ξίροῦ
753 1779 932 1869 Ἀθηναίης
942 1780 1084 1851 πολιού-

76 1908 133 1970 χον
143 1878 409 1964 αποσπασθεδς
391 1908 458 1951 νπο
447 1880 566 1952 Χίων
578 1880 728 1969 ἐξεδόθη.
752 1882 908 1961 ἐξέδοσαν
919 1880 955 1949 δε
965 1884 1000 1949 οί
1007 1889 1085 1949 Κίοι

78 1985 126 2052 έπλ
146 1989 196 2074 τῷ
212 1978 366 2069 Ἀταρνέι
384 1990 513 2077 μισθῷ
539 1989 601 2052 τοῦ
621 1983 658 2053 δέ
675 1981 849 2081 Ἀταρνέος
868 1983 992 2054 τούτου
1016 1984 1084 2052 ἐστὶ

75 2087 182 2169 χοῖρος
204 2085 264 2168 τῆς
279 2087 432 2170 Μυσίης,
452 2085 587 2172 Λέσβου
609 2081 731 2163 αντίος.
766 2075 926 2174 Πακτύην
940 2087 1002 2171 μέν
1017 2109 1083 2152 ναν

76 2178 389 2268 παραδεξάμενοιοί
395 2185 523 2305 Πέρσαι
535 2181 669 2270 είχονέν
676 2179 1083 2272 φυλύκῇ,ἐθέλοντεςΚύ-

77 2306 122 2371 ρῳ
138 2272 351 2360 ἀποδέξαι.
328 2307 373 2368 ην
387 2283 423 2350 δ
438 2280 558 2370 χρόνος
572 2273 672 2361 οὗτος
687 2279 750 2351 ούκ
768 2278 879 2368 ὀλίγος
891 2278 1083 2368 γενόμενος,

77 2377 132 2448 ὅτε
141 2383 239 2448 Κίων
251 2374 360 2459 οὐδεὶς
371 2383 408 2449 έκ
418 2387 480 2448 τοῦ
490 2377 664 2466 Ἀταρνέος
674 2380 797 2456 τούτου
807 2377 884 2448 οὔτε
895 2375 998 2458 ούλίις
1009 2403 1084 2464 κρι-

77 2476 344 2564 θέωνπρόχυσιν
354 2481 499 2548 ἐποιέετο
510 2485 604 2547 θεῶν
613 2474 728 2547 ούδενλ
738 2476 816 2546 οὔτε
826 2482 977 2564 πέμματα
988 2475 1084 2544 ἐπέσ-

78 2598 153 2646 σετο
175 2583 311 2664 καρποῦ
336 2583 398 2646 τοῦ
419 2580 596 2663 ἐνθεῦτεν,
623 2572 775 2662 ἆπείχετό
801 2601 838 2643 τε
856 2580 925 2642 τῶν
948 2570 1085 2642 πόντων

78 2682 161 2766 ίρῶν
180 2677 290 2746 πάντα
301 2675 342 2746 τοὶ
362 2679 398 2745 ἐκ
412 2684 471 2764 τῆς
484 2677 593 2764 χοόρης
603 2675 726 2762 ταύτης
738 2672 911 2762 γινόμενα.
934 2680 1011 2742 Κίοι
1022 2673 1085 2757 μέν
1103 2679 1150 2734 1⁶1

78 2803 143 2845 νυν
153 2773 318 2860 Πακτύην
333 2777 505 2861 ἐξέδοσαν,
523 2774 686 2861 Μαζάρης
703 2771 740 2841 δέ
752 2768 834 2859 μετὰ
849 2778 953 2839 ταῦτα
967 2771 1085 2857 ἐστρα-

79 2877 193 2945 τεύετο
205 2873 258 2944 ἐπί
267 2872 348 2955 τούς
358 2876 715 2963 συμπολιορκήσαντας
728 2872 902 2960 Τάβαλον,
917 2874 1085 2940 καὶτοῦτο

79 2977 139 3063 μέν
160 2975 329 3062 Πριηνέας
350 2976 668 3061 ἐξηνδραποδίσατο,
694 2979 793 3041 τοῦτο
819 2972 856 3040 δὲ
879 2967 1085 3054 Μαιάνδρου

78 3079 196 3145 πεδίον
213 3079 283 3142 πᾶν
294 3074 457 3195 ἐπέδραμε
472 3079 570 3160 ληίην
580 3071 823 3188 ποιεόμενος
791 3076 837 3138 τῶ
848 3073 987 3160 στρατη),
1004 3071 1086 3133 Μα-

78 3179 221 3264 γνησίην
243 3167 316 3240 δέ’
294 3171 461 3250 ασαύτοις.
484 3197 565 3258 μετα
554 3168 744 3239 δὲταῦτα
761 3163 896 3249 αύτίκα
902 3163 1014 3254 νούσῳ
1030 3187 1086 3230 τε-

78 3279 189 3364 λευτᾷ.
215 3268 465 3349 Ἀποθανόντος
487 3269 523 3338 δέ
543 3270 667 3338 τούτου
680 3265 847 3354 Ἀρπαγος
868 3266 989 3350 κατέβη
1011 3260 1086 3380 διρί-
1104 3272 1153 3327 Ιδθ

80 3379 175 3461 δοχος
188 3376 248 3458 τῆς
264 3374 476 3492 στρατηρίης,
498 3371 594 3455 γένος
611 3367 667 3434 καλ
681 3359 783 3440 αὐτὸς
797 3359 862 3430 ἐών
873 3355 1060 3448 Μῆδος,
1026 3384 1086 3427 τον

78 3500 95 3539 ο
83 3471 248 3560 Μήδων
262 3465 421 3558 βασιλεύς
436 3461 653 3553 Ἀστυιίγης’
631 3463 750 3552 αυόμῳ
765 3462 906 3549 τραπέζῃ
924 3453 1081 3543 έδαισε,’
1066 3481 1084 3522 ο
