2500 3925
89 277 91 281 ·
163 250 205 315 34
535 252 787 313 HERODOTI

62 496 64 502 Ι
164 415 256 484 πέων
268 417 332 483 αἰεὶ
346 417 380 482 οί
391 412 626 502 πρεσβύτατοι,
642 414 740 480 πέντε
751 417 840 491 ἔτεος
852 413 1005 500 ἑκάστου,
1019 436 1097 491 τους
1111 415 1167 479 ὀετ

165 520 285 581 τούτου
307 510 368 581 τόν
392 508 565 600 ἐνιαυτόν,
591 508 652 579 τόν
676 509 720 579 ἀν
740 513 849 591 ἐξίωσι
870 513 907 579 ἐκ
934 517 1002 578 τῷν
1023 509 1162 592 ίππέων,

167 614 405 698 Σπαρτιητέων
428 619 474 702 τῷ
499 619 603 703 κοινῷ
632 613 921 698 διαπεμπομένους
944 609 989 698 μή
1016 609 1163 679 ἐλινύειν

121 708 288 789 βδάλλους
309 707 401 799 ἄλλῃ.
447 710 585 779 Τούτων
609 702 659 777 ύν
677 715 746 778 τῶν
766 702 903 795 ἀνδρῶν
917 714 1018 795 Λίχης
1040 704 1163 791 ἀνεῦρε

166 811 203 878 έν
227 808 329 897 Τεγέῃ
349 811 404 876 καλ
424 816 584 899 συντυχίῃ
609 808 816 897 χρησάμενος
831 809 886 875 καὶ
900 812 1011 897 σοφίῃ.
1043 805 1164 889 ἐούσης

165 903 230 994 γὰρ
251 912 372 973 τοῦτον
391 902 451 974 τόν
471 908 596 995 χρόνον
618 910 780 994 ἐπιμιξίης
799 903 884 993 πρὸς
903 902 983 983 τούς
1001 903 1164 992 Τεγεήτας

166 1000 278 1074 ἐλθών
293 1004 326 1081 ές
339 1003 499 1092 χαλκήιον
514 1008 647 1093 έθηέετο
662 1009 800 1093 σίδηρον
814 1000 1091 1090 ἐξελαυνόμενον,
1108 1001 1164 1067 καὶ
1241 1021 1242 1046 ³

167 1103 204 1168 ἐν
236 1095 366 1187 θεάματι
396 1093 440 1189 ἦν
460 1099 567 1189 ὀρέων
582 1102 619 1169 τό
637 1101 848 1189 ποιεύμενον.
877 1097 1000 1186 μαθύν
1014 1103 1054 1168 ὀέ
1067 1123 1125 1185 μιν
1141 1092 1162 1164 ὀ
1242 1153 1243 1170 .

166 1196 305 1285 χαλκεύς
345 1193 607 1287 ἀποθωμάζοντα
644 1199 713 1269 είπε
731 1199 944 1286 παυσάμενος
961 1204 1022 1267 τού
1044 1204 1163 1286 ἐργου·

91 1345 95 1353 .
164 1290 207 1362 Ἡ
226 1320 289 1363 κου
316 1292 376 1383 ἀν,
393 1290 432 1366 ,ό
457 1301 542 1379 ξεῖνε
556 1299 699 1384 Λάκων,
726 1302 817 1383 εἴπερ
843 1293 926 1375 είθες
946 1294 1047 1384 τόπερ
1086 1290 1165 1381 ἐγω,

169 1392 274 1480 κάρτα
288 1387 331 1462 ἀν
358 1392 540 1483 ἐθύμαζες,
569 1395 656 1464 ὅκου
669 1401 736 1462 νύν
750 1392 839 1462 οὕτω
853 1393 1027 1480 τυγχάνεις
1062 1392 1165 1477 θύμα

168 1491 365 1577 ποιεύμενος
377 1490 439 1579 τήν
453 1496 611 1581 ἐργασίην
624 1491 849 1579 τοῦισιθήρου.
876 1490 941 1578 ἐγτό
955 1489 1020 1581 γάρ
1035 1494 1072 1561 έν
1085 1491 1166 1577 τῇδε
1242 1565 1243 1572 ῃ

169 1592 297 1659 ἐθέλων
311 1595 351 1678 τῇ
367 1587 454 1680 αύλή
468 1595 574 1679 φρέαρ
588 1589 812 1678 ποιήσασθαι,
837 1586 993 1676 ὀρύσσων
1007 1590 1166 1673 ἐπέτυχον
1242 1595 1243 1662 λ

169 1696 257 1781 σορῷ
274 1689 465 1777 ἑπταπήχεϊ·
490 1688 557 1760 ὑπὸ
573 1694 610 1759 θὲ
625 1686 777 1775 ἀπιστίης
791 1685 835 1775 μή
850 1687 912 1776 μέν
924 1691 1082 1775 γενέσθαι
1098 1711 1165 1771 μη-
1242 1703 1243 1714 ’

170 1786 258 1877 θαμά
275 1790 412 1876 μέζονας
428 1788 634 1879 ἀνθρώπους
648 1795 717 1857 τῶν
738 1795 805 1856 νύν
824 1785 940 1871 ἄνοιξα
959 1785 1081 1876 αύτήυ,
1108 1788 1169 1854 καλ

170 1889 259 1960 εἶδον
274 1886 334 1959 τόν
348 1887 470 1979 νεκρόν
484 1892 583 1981 μήκει
607 1896 685 1957 ίσον
699 1890 797 1959 ε’όυτα
816 1896 856 1981 τῇ
872 1896 969 1980 σορῷ.
1002 1886 1168 1977 μετρήσας

170 1990 206 2060 δέ
220 1993 390 2076 συνέχωσα
405 1987 519 2061 ὀπίσω.
551 1990 587 2061 ‘0
601 1993 666 2079 μέν
679 1991 721 2077 ὀή
739 1996 773 2058 οί
786 1995 877 2076 ἔλεγε
889 1987 991 2077 τάπερ
1023 1985 1167 2071 ὀπάπεε,

169 2087 187 2154 ὁ
215 2089 251 2154 δὲ
276 2087 422 2168 ἐννύσας
448 2086 488 2159 τὰ
516 2090 682 2176 λεγόμενα
701 2087 922 2175 συνεβάλλετο
937 2083 998 2154 τόν
1015 2082 1172 2173 Ὀρέστην

170 2181 252 2252 κατά
266 2181 303 2251 τό
318 2185 527 2274 θεοπρόπιον
542 2193 666 2254 τοῦτον
680 2183 774 2270 εἶναι,
786 2187 864 2273 τήόε
877 2181 1171 2270 συμβαλλόμενος·
1243 2226 1244 2263 ,

170 2290 230 2351 τοῦ
255 2287 389 2369 χαλκέος
414 2285 475 2352 ὀύο
501 2282 607 2373 ὀρέων
631 2285 742 2370 φύσας
762 2280 842 2361 τούς
861 2279 1005 2368 ἀνέμους
1032 2280 1171 2368 εὕρισκε
1243 2310 1244 2313 “

171 2381 302 2467 ἐόντας,
327 2376 387 2448 τόν
408 2382 444 2449 ὀέ
467 2380 597 2470 ἀκμουα
623 2383 678 2450 καὶ
695 2380 760 2468 τήν
773 2387 908 2467 σφύραν
930 2379 991 2448 τόν
1009 2405 1045 2448 τε
1057 2379 1171 2446 τύπον

171 2480 226 2546 καὶ
249 2476 309 2546 τόν
332 2475 529 2567 ἀντίτυπον,
555 2477 615 2548 τὸν
642 2480 679 2547 δὲ
701 2477 961 2563 ἐξελαυνόμενον
975 2482 1115 2565 σίδηρον
1127 2473 1170 2542 τό
1243 2500 1244 2503 ’

170 2581 262 2663 πήμα
283 2578 335 2644 ἐπί
357 2577 481 2664 πήματι
501 2585 675 2666 κείμενον,
701 2573 784 2646 κατά
811 2575 942 2643 τοιόνδε
963 2603 996 2643 τι
1016 2575 1170 2659 εἰκάζων,

173 2673 216 2754 ὡς
246 2674 299 2742 ἐπὶ
332 2681 423 2767 κακῷ
454 2674 641 2766 ἀνθρώπου
672 2680 807 2763 σίδηρος
838 2671 1028 2762 ἀνεύρηται
1079 2696 1172 2759 συμ-

171 2772 375 2862 βαλλόμενος
395 2773 431 2843 θθ
453 2783 557 2844 ταῦτα
577 2778 633 2846 καί
649 2771 809 2843 ἀπελθὼν
823 2776 856 2853 ἐς
870 2773 1033 2862 Σπάρτην
1047 2779 1172 2859 ἐφραζε

170 2876 461 2958 Λακεδαιμονίοισι
481 2881 549 2943 πᾶν
569 2873 606 2942 τὸ
628 2879 769 2961 πρῆγμα.
811 2875 845 2939 οί
858 2872 895 2940 δὲ
910 2874 946 2940 ἐκ
961 2870 1065 2957 λόγου
1081 2878 1173 2938 πλα-

171 2978 252 3038 στοῦ
269 2973 493 3052 έπενείκαυτές
514 2979 548 3044 οί
567 2978 678 3060 αίτίηυ
692 2974 846 3052 ἐδίωξαν·
870 2966 888 3037 ὁ
909 2969 945 3037 δὲ
967 2966 1173 3055 ἀπικόμενος

172 3070 204 3145 ἕς
222 3072 346 3154 Τεγέην
368 3073 423 3138 καί
437 3071 573 3158 φράζων
588 3069 650 3159 τήν
668 3074 794 3140 ἑωυτοῦ
812 3064 992 3154 συμφορήν
1008 3065 1092 3153 πρός
1107 3065 1174 3133 τὸν

171 3167 291 3250 χαλκέα
326 3167 504 3251 ἐμισθοῦτο
536 3167 616 3258 παρ’
650 3167 712 3238 οόκ
741 3165 928 3243 ἐκδιδόντος
957 3161 1020 3252 τήν
1049 3163 1171 3252 αύλήν.

170 3261 280 3353 χρόνῳ
295 3264 330 3330 θέ
346 3259 390 3340 ὡς
403 3260 583 3354 ἀνέγνωσε,
598 3271 789 3352 ἐνοικίσθη,
806 3261 971 3351 ἀνορύξας
985 3263 1020 3330 θλ
1034 3260 1095 3330 τόν
1108 3262 1173 3329 τά-

172 3381 240 3444 φον
260 3360 316 3427 καλ
334 3357 374 3428 τά
396 3357 492 3429 ὀστέα
514 3368 671 3444 συλλέξας
694 3373 798 3449 οίχετο
815 3364 928 3448 φέρων
949 3361 982 3438 ἐς
994 3359 1162 3446 Σπάρτην

172 3455 228 3526 καί
248 3453 312 3527 ἀπὸ
329 3459 451 3528 τούτου
470 3469 531 3528 τού
545 3463 691 3548 χρόνον,
712 3461 798 3540 ὅκως
818 3459 980 3553 πειρῷατο
1004 3456 1173 3546 ἀλλήλων,
