2500 3925
161 229 183 291 4
534 235 789 292 HERODOTI

160 393 297 482 γόνασι,
319 391 383 480 dyo)
399 393 460 479 μὲν
479 390 541 462 ούκ
559 398 621 480 ἔχω
636 393 905 480 ἐπιφράσασθαι,
924 396 1056 480 γένοιτο
1070 390 1103 462 δ’
1122 390 1164 462 ἀν

160 499 229 558 πᾶν
244 493 281 558 ἐν
294 498 339 581 τῷ
360 498 476 581 μακρῷ
490 491 610 580 χρόνῳ.
639 491 801 575 σιγύυνας
815 487 847 556 δ’
867 483 915 559 τόν
931 493 1089 560 καλέουσι
1103 501 1165 560 Λί-

160 615 238 675 γυες
253 594 287 657 οἰ
298 587 369 657 άνω
384 587 469 675 ὑπὲρ
485 595 683 674 Μασσαλίης
704 592 868 668 οἰκέοντες
888 589 967 670 τούς
984 591 1164 680 καπήλους,

111 693 145 749 10
160 689 307 773 Κύπριοι
325 687 361 754 δέ
378 684 417 754 τά
436 686 570 774 δόρατα.
599 683 657 764 Ὡς
673 685 709 753 δὲ
724 686 865 774 Θρήικες
880 691 1032 774 λέγουσι,
1050 691 1165 775 μέλισ-

160 809 216 854 σαι
237 792 411 873 κατέχουσι
432 785 473 854 τά
496 791 602 872 πέρην
622 792 683 852 τοῦ
696 784 849 872 Ἴστρου,
869 789 924 854 καί
947 783 1013 854 ὑπό
1034 786 1164 854 τούτων

160 883 223 952 ούκ
245 883 328 952 εἰναι
347 889 495 953 διελθεῖν
514 882 551 952 τό
568 887 777 972 προσωτέρω.
812 887 883 971 ἐμοὶ
897 888 960 972 μέν
980 913 1046 953 νυν
1059 890 1163 952 ταῦτα

160 989 311 1070 λέγοντες
326 989 481 1052 δοκέουσι
496 985 603 1070 λέγειν
617 980 681 1050 ούκ
696 983 826 1051 οἰκότα·
847 981 888 1051 τά
903 982 968 1072 γάρ
984 989 1048 1075 ζῷα
1058 989 1164 1050 ταῦτα

160 1089 314 1169 φαίνεται
337 1079 422 1148 εἰναι
444 1083 603 1170 δύσριγα·
626 1080 711 1154 ἀλλά
732 1108 789 1168 μοι
809 1079 848 1149 τά
868 1080 933 1149 ὑπό
954 1079 1016 1170 τήν
1038 1079 1161 1167 ἀρατὸν

159 1179 297 1268 ἀοίκητα
313 1181 420 1249 δοκέει
437 1179 520 1248 εἰναι
537 1179 592 1249 διά
613 1178 654 1248 τά
669 1181 785 1267 ψύχεα.
819 1188 923 1248 ταῦτα
943 1185 1005 1267 μέν
1025 1208 1092 1248 νυν
1105 1187 1163 1264 τῆς

158 1282 267 1368 χύρης
281 1281 403 1368 ταύτης
417 1287 492 1368 πέρι
507 1285 652 1368 λέγεται,
668 1279 708 1349 τά
720 1280 978 1368 παραθαλάσσια
991 1279 1021 1348 δ’
1037 1273 1085 1348 ἀν
1099 1279 1163 1347 αύ-

158 1390 216 1469 τής
230 1382 428 1469 Μεγάβαζος
442 1386 602 1469 Περσέων
616 1382 763 1468 κατήκοα
780 1383 899 1449 ἰποίεε.

112 1502 142 1554 1]
205 1509 212 1522 ·
242 1492 386 1568 Δαρεῖος
413 1485 449 1549 δὲ
473 1480 518 1560 ὡς
539 1478 657 1568 διαβάς
679 1480 815 1566 τάχιστα
839 1477 901 1547 τόν
917 1476 1162 1566 Ἑλλήσποντον

158 1577 292 1648 ἀπίκετο
309 1583 341 1658 ές
352 1579 495 1667 Σάρδις,
511 1580 664 1666 ἐμνήσθη
681 1585 738 1664 τής
752 1580 785 1658 ἐξ
794 1575 949 1646 Ἱστιαίου
964 1602 999 1644 τε
1013 1582 1074 1644 τού
1087 1583 1162 1644 Μι-

158 1683 276 1762 λησίου
291 1675 480 1765 εὐεργεσίης
494 1681 548 1747 καί
559 1685 616 1766 τῆς
628 1677 841 1764 παραινέσιος
853 1682 913 1742 τοῦ
923 1680 1161 1761 Μυτιληναίου

57 1810 61 1816 ·
157 1773 279 1860 Κάεω,
301 1778 597 1863 μεταπεμψάμενος
611 1779 651 1842 δέ
663 1795 767 1861 σφεας
781 1777 814 1853 ές
823 1774 951 1861 Σάρδις
965 1776 1077 1842 ἐδίδου
1095 1771 1159 1840 αύ-

156 1886 240 1939 τοῖσι
255 1875 393 1957 αἰρεσιν.
423 1871 519 1960 ὁμὲν
540 1871 580 1960 δή
595 1870 762 1958 Ἱστιαῖος,
784 1869 842 1939 άτε
863 1871 1081 1956 τυραννεύων
1101 1877 1160 1956 τής

156 1975 329 2061 Μιλήτου,
349 1982 550 2063 τυραννίδος
562 1974 624 2061 μέν
638 1973 794 2061 ούδεμιής
809 1974 1036 2061 προσεχρήιζε,
1059 1974 1158 2040 αἰτέει

156 2073 190 2140 δέ
208 2072 390 2157 Μύρκινον
411 2073 473 2159 τὴν
491 2073 655 2143 Ἠδωνίδα
677 2075 883 2162 βουλόμενος
899 2077 936 2143 ἐν
952 2072 1037 2163 αὐτῇ
1053 2074 1155 2141 πόλιν

63 2213 65 2222 =
155 2177 271 2239 κτίσαι.
296 2164 394 2251 οὗτος
413 2174 476 2258 μὲν
497 2172 537 2259 δή
554 2175 680 2259 ταύτην
695 2176 853 2261 αἱρέεται,
876 2171 894 2242 ὁ
915 2176 952 2242 δὲ
964 2173 1080 2261 Κύης,
1103 2168 1156 2241 οἷά

153 2298 189 2338 τε
202 2267 246 2338 ού
261 2270 427 2358 τύραννος
444 2274 588 2360 δημότης
608 2301 643 2342 τε
665 2272 747 2361 ε’ἀν,
769 2281 868 2344 αἰτέει
886 2278 1083 2365 Μυτιλήνης
1096 2302 1156 2344 τυ-

154 2374 344 2454 ραννεῦσαι.
365 2372 599 2438 τελεωθέντων
614 2372 651 2439 δέ
665 2368 881 2459 ἀμφοτέροισι
892 2366 985 2443 οὗτοι
996 2376 1059 2461 μέν
1072 2372 1156 2442 κατά

109 2477 139 2530 12
156 2468 284 2533 εἵλοντο
300 2466 499 2555 ἐτράποντο,
527 2479 676 2557 Δαρεῖον
691 2472 727 2539 δὲ
745 2471 922 2558 συνήνεικε
936 2480 1070 2557 πρῆγμα
1085 2497 1158 2538 τοι-

152 2564 231 2629 ύνδε
242 2561 399 2647 ἰδόμενον
411 2568 617 2653 ἐπιθυμῆσαι
629 2571 839 2637 ἐντείλασθαι
850 2570 1038 2659 Μεγαβύζῳ
1050 2575 1156 2636 Παίο-

54 2698 56 2703 *
151 2690 213 2741 νοις
234 2664 351 2732 ἑλόντα
380 2662 615 2747 ἀνασπάστους
640 2676 775 2755 ποιήσαι
797 2672 834 2738 ἐκ
854 2676 912 2756 τῆς
932 2666 1098 2755 Εύρύπης
1122 2670 1157 2747 ές

151 2758 212 2847 τήν
229 2757 355 2846 Ἀσίην·
383 2756 427 2848 ἦν
441 2770 570 2852 Πίγρης
590 2769 645 2834 καί
661 2768 841 2853 Μαντύης,
862 2767 983 2853 ἀνδρες
999 2772 1154 2844 Παίονες,

151 2867 199 2947 οἳ,
229 2863 336 2929 ἐπείτε
355 2870 499 2946 Δαρεῖος
517 2866 609 2950 διέβη
631 2866 664 2943 ές
678 2862 740 2952 τήν
751 2862 879 2952 Ἀσίην,
901 2861 996 2933 αύτολ
1015 2868 1155 2933 ἐθέλον-

90 3022 93 3026 .
149 2983 203 3037 τες
222 2956 382 3025 Παιόνων
402 2960 623 3047 τυραννεύειν
644 2960 858 3031 ἀπικνέονται
885 2965 918 3041 ές
937 2963 1065 3049 Σάρδις
1086 2960 1154 3049 ἅμα

109 3079 119 3087 ·
149 3055 310 3143 ἀγόμενοι
324 3056 493 3147 ἀδελφεήν
507 3064 655 3150 μεγάλην
670 3091 705 3132 τε
718 3068 774 3133 καί
785 3062 922 3133 εύειδέοι.
946 3065 1154 3150 φυλάξαντες

149 3156 185 3224 δὲ
206 3168 355 3245 Δαρεῖον
375 3163 658 3249 προκατιζόμενον
681 3169 714 3243 ές
738 3163 775 3232 τό
802 3165 1003 3254 προάστειον
1026 3159 1064 3234 τί)
1085 3171 1154 3233 τῶν
1241 3224 1246 3237 ,

147 3259 272 3323 Λυδῶν
291 3257 452 3344 ἐποίησαν
470 3262 620 3329 τοιόνδε·
652 3265 876 3345 σκευάσαντες
897 3262 959 3353 τήν
984 3263 1153 3353 ἀδελφεήν

148 3349 192 3429 ὡς
208 3350 295 3437 ἐἰχον
310 3352 429 3442 ἀριστα
445 3356 496 3425 ἐπ’
511 3357 604 3449 ὕδωρ
620 3367 770 3449 ἔπεμπον
787 3361 888 3450 άγγος
902 3365 955 3431 έπί
969 3370 1009 3453 τῇ
1023 3370 1153 3453 κεφαλῇ

147 3452 289 3531 ἔχουσαν
316 3455 372 3520 καί
398 3458 434 3522 έκ
456 3463 516 3523 τοῦ
537 3466 714 3547 βραχίονος
739 3464 843 3532 ἵππον
865 3462 1072 3529 ἐπέλκουσαν
1096 3462 1154 3528 καὶ
