2500 3925
391 230 478 286 LIB.
514 230 549 285 V.
583 232 683 292 GAP.
715 236 855 292 54-61.
1083 230 1124 296 27

115 384 181 456 οόκ
201 385 299 455 έόντα
320 389 400 472 πρὶν
415 384 567 474 Ἕλλησι,
590 386 636 468 ὡς
658 393 731 476 έμολ
757 393 903 478 δοκέειν,
925 399 1041 475 πρῶτα
1061 393 1124 479 μὲν

113 501 202 555 τοῖσι
223 487 279 553 καί
297 483 443 563 ἅπαντες
460 489 616 572 χρέονται
638 494 809 568 Φοίνικες·
834 487 916 575 μετά
939 492 976 558 δὲ
996 489 1123 576 χρόνον

115 590 359 671 προβαίνοντος
373 581 443 669 ἅμα
462 589 503 672 τῇ
517 592 616 674 φωνῇ
635 587 819 673 μετέβαλον
839 590 894 655 καλ
907 584 968 656 τδν
985 585 1123 675 ῥυθμόν

113 693 183 754 τάν
198 683 412 771 γραμμάτων.
434 691 628 772 περιοίκεον
638 690 677 755 δέ
689 683 844 772 σφεαςτά
858 684 965 756 πολλά
977 693 1045 755 τῶν
1055 687 1121 773 χά·

115 809 186 867 ρων
201 790 323 852 τοῦτον
338 779 399 851 τδν
411 781 536 870 χρόνον
546 781 851 871 ἙλλήνωνἼωνες,
863 786 1123 873 οἳπαραλαβόνω

114 909 166 961 τες
181 885 299 972 διδαχῇ
309 878 400 967 παρά
411 887 481 950 τόν
491 889 663 951 Φοινίκων
672 880 713 951 τά
723 883 916 971 γράμματα,
928 892 1122 972 μεταρρυθ-

114 982 269 1068 μίσαντές
282 1000 398 1068 σφεων
410 979 505 1068 ὀλίγα
519 984 690 1070 ἐχρέοντο,
704 983 880 1070 χρεόμενοι
893 982 930 1050 δὲ
946 981 1121 1069 έφάτισαν,

114 1079 226 1167 ὥσπερ
243 1085 299 1150 καί
319 1079 356 1149 τδ
379 1085 511 1150 δίκαιον
531 1087 632 1168 ἔφερε
652 1079 887 1168 ἐσαγαγόντων
900 1087 1071 1150 Φοινίκων
1087 1082 1121 1158 ές

112 1177 175 1265 τὴν
185 1178 327 1248 Ἑλλάδα
342 1180 520 1268 Φοινικήια
535 1187 729 1268 κεκλῆσθαι.
758 1184 814 1248 καί
829 1178 889 1259 τάς
908 1186 1046 1269 βίβλους
1066 1184 1120 1250 δι·

109 1279 243 1362 φθέρας
262 1281 420 1346 καλέουσι
438 1276 503 1346 άπὸ
527 1286 589 1346 τοῦ
608 1286 756 1348 παλαιοῦ
776 1278 947 1368 οίἽωνις,
969 1279 1021 1349 ότι
1042 1280 1119 1348 κοτέ

112 1380 151 1444 έν
175 1377 278 1446 σπάνι
304 1385 431 1466 βίβλων
461 1380 613 1468 ἐχρέοντο
639 1383 821 1467 διφθέρῃσι
839 1383 976 1468 αίγέησί
1001 1404 1038 1448 τε
1062 1382 1118 1448 καί

110 1476 231 1563 οίέησι·
253 1481 301 1544 ἔτι
317 1479 353 1546 δδ
367 1481 421 1546 καὶ
435 1476 564 1546 τὸκατ’
581 1479 639 1564 ἐμὲ
657 1481 776 1546 πολλοὶ
792 1483 861 1545 τῶν
881 1476 1065 1565 βαρβάρων
1084 1480 1117 1554 ές

110 1573 265 1654 τοιαύτας
281 1579 446 1664 διφθέρας
461 1578 641 1664 γράφουσι.
674 1575 778 1645 Εἶδον
791 1576 829 1644 δέ
841 1579 897 1644 καλ
911 1571 1012 1654 αάτδς
1021 1577 1115 1644 Καδ·
1130 1586 1165 1642 59

110 1671 193 1760 μήια
209 1673 386 1760 γράμματα
403 1677 440 1744 έν
453 1682 500 1767 τῷ
510 1680 572 1766 ίρῷ
586 1683 648 1743 τοῦ
659 1672 868 1752 ’Λπόλλωνος
877 1678 939 1741 τοῦ
949 1669 1116 1759 Ἰσμηνίου

108 1776 148 1840 έν
163 1773 292 1862 Θήβησι
313 1781 388 1862 τῇσι
401 1775 560 1858 Βοιῳτοδν
579 1777 633 1842 ἐπὶ
655 1779 787 1860 τρίποσι
808 1773 896 1860 τρισί
911 1774 1115 1857 ἐγκεκολαμ-

110 1875 212 1959 μένα,
234 1872 274 1940 τδ
289 1870 396 1941 πολλὰ
415 1871 513 1960 ὁμοία
528 1873 625 1942 ἐόντα
640 1887 726 1942 τοῖσι
742 1870 924 1941 Ἰωνικοῖσι.
954 1868 973 1939 δ
993 1867 1055 1956 μέν
1073 1866 1114 1954 δὴ

111 1968 239 2050 εἷς’τάιν
253 1973 422 2059 τριπόδων
438 1976 707 2061 έπέγραμμαέχει
887 2025 889 2028 -

190 2068 403 2158 Ἀμφιτρύων
416 2068 452 2157 μ’
468 2069 638 2159 ἀνέθηκεν
656 2070 718 2140 δάν
732 2069 798 2139 άπὸ
820 2066 1029 2157 Τηλεβοάων.

110 2175 213 2235 ταῦτα
233 2164 367 2255 ἡλικίην
392 2165 436 2236 άν
458 2178 508 2256 είη
532 2168 615 2239 κατά
636 2170 744 2239 Λάιον
766 2165 828 2237 τδν
848 2165 1031 2254 Λαβδάκου
1051 2171 1114 2233 τοῦ

108 2265 317 2352 ,Πολυδώρου
331 2272 392 2334 τοῦ
406 2270 558 2354 Κάδμου.
593 2266 727 2357 Ἕτερος
741 2267 778 2334 δὲ
792 2271 931 2351 τρίπους
943 2266 982 2332 έν
996 2263 1113 2349 έξοιμέ-
1126 2270 1161 2325 60

105 2388 174 2453 τρῳ
188 2362 276 2454 τόνῳ
290 2368 394 2449 λέγει·

189 2470 315 2540 Σκαῖος
329 2464 530 2549 πυγμαχέων
544 2490 586 2550 με
603 2462 752 2555 ἑκηβόλῳ
763 2460 946 2532 Ἀπόλλωνι

190 2559 342 2647 Νικήσας
352 2558 499 2647 ἀνέθηκε
512 2568 583 2631 τείν
593 2564 788 2649 περικαλλὲς
802 2561 944 2648 άγαλμα.

103 2665 231 2734 Σκαῖος
245 2654 277 2723 δ’
294 2653 338 2723 άν
355 2666 406 2743 εἴη
422 2656 440 2726 ὁ
457 2658 715 2747 Ἱπποκόωντος,
737 2666 768 2728 εί
786 2659 828 2747 δη
842 2654 941 2739 οὗτός
959 2658 992 2746 γ’
1008 2657 1108 2729 έστλὸ

104 2752 245 2831 ἀναθείς
255 2757 310 2822 καλ
321 2752 366 2841 μὴ
379 2755 479 2835 άλλος
488 2753 596 2826 τάυτδ
610 2755 741 2843 οὔνομα
754 2762 839 2843 ἔχων
850 2764 896 2848 τῷ
905 2757 1110 2827 Ἱπποκόων-

102 2876 177 2939 τος,
198 2849 332 2939 ἡλικίην
348 2850 432 2923 κατὰ
448 2859 614 2925 Οίδίπουν
627 2853 688 2923 τὸν
698 2860 815 2923 Λαίον.
851 2860 968 2942 Τρίτος
982 2856 1019 2923 δὲ
1035 2860 1108 2940 τρί-
1122 2856 1151 2909 ⁶¹

102 2974 190 3030 πους
203 2954 291 3038 λέγει
306 2957 361 3021 καὶ
377 2946 476 3036 οὗτος
492 2956 529 3023 έν
543 2956 723 3045 ἑξαμέτρῳ·

187 3050 367 3138 Λαοδάμας
382 3052 513 3140 τρίποδ’
532 3051 634 3133 αότός
647 3052 801 3144 έϋσκόιτῳ
813 3051 996 3121 Ἀπόλλωνι

185 3150 419 3236 Μουναρχέων
433 3149 579 3239 ἀνέθηκε
595 3158 666 3221 τείν
679 3153 876 3238 περικαλλὲς
889 3147 1030 3237 άγαλμα.

101 3246 156 3311 ἐπὶ
172 3244 294 3314 τούτου
306 3246 346 3334 δὴ
362 3256 423 3316 τοῦ
433 3252 674 3338 Λαοδάμαντος
686 3257 749 3319 τοῦ
759 3246 943 3328 Ἐτεοκλέος
955 3273 1107 3335 μουναρ-

101 3346 235 3431 χέοντος
247 3348 468 3426 έξανιστέαται
479 3356 641 3439 Καδμεῖοι
651 3347 710 3417 ὑπ’
726 3346 883 3434 Ἀργείων
893 3349 949 3415 καλ
958 3347 1107 3436 τράπον-

101 3472 156 3513 ται
178 3450 210 3526 ές
225 3444 305 3527 τοὺς
320 3447 503 3541 Ἐγχέλεας,
531 3458 565 3523 οί
583 3454 620 3521 δὲ
634 3459 819 3539 Γεφυραῖοι
843 3444 1107 3534 ὑπολειφθέντες
