2500 3925
149 206 190 272 82
535 211 776 271 HERODOTI

156 382 231 462 σέος
247 385 349 451 τοῦδε
367 385 512 468 εἵνεκεν,
531 374 607 449 ἀλλ’
626 378 691 450 οόκ
708 379 876 450 άυέκαθεν
894 385 941 450 ἐτι
960 387 1103 470 ἔλαβον,
1125 376 1181 447 ὅτι

155 480 219 553 οὐκ
243 487 356 552 ἐπεστι
378 484 554 571 ἐπωνυμίη
571 481 699 572 Περσέι
720 478 862 570 οὐδεμία
880 481 1006 571 πατρὸς
1024 485 1183 568 θνητοῦ,

156 580 268 674 ὥσπερ
282 582 441 672 Ἡρακλέι
452 581 684 672 Ἀμφιτρύων·
703 581 767 671 ήδη
783 575 832 651 όν
848 579 943 675 ὀρθῷ
961 581 1052 674 λόγῳ
1072 606 1182 672 χρεω-

154 685 245 777 μένῳ
258 686 354 772 μέχρι
367 685 516 773 Περσέος
529 683 643 774 ὀρθῶς
657 690 788 773 εἴρηταί
802 701 874 772 μοι·
893 679 959 752 άπὸ
976 682 1014 752 δὲ
1028 680 1184 768 Δανάης

153 791 213 872 τής
226 783 395 874 Ἀκρισίου
408 786 622 871 καταλέγοντι
634 782 713 864 τοδς
727 782 797 854 άνω
815 785 882 854 αἰεὶ
895 784 1041 875 πατέρας
1056 781 1184 851 αὐτῶν

155 892 331 974 φαινοίατο
349 882 393 954 ἂν
411 885 520 966 ἐόντες
538 890 574 954 ολ
588 889 657 953 τῶν
671 885 831 974 Δωριέων
848 882 1012 973 ἡγεμόνες
1032 883 1183 970 Αίγόπ·

103 1004 139 1056 54
155 1013 217 1055 τιοι
235 986 416 1072 ίθαγενέες.
462 992 576 1056 Ταῦτα
598 987 661 1074 μέν
678 1013 745 1054 νυν
761 985 844 1054 κατά
857 983 1016 1074 Ἕλληνες
1035 985 1184 1070 λέγουσι

155 1085 449 1174 γεγενεηλόγηται,
468 1084 512 1167 ὡς
530 1086 569 1155 δέ
586 1084 605 1155 ὁ
623 1086 713 1175 παρὰ
732 1088 893 1176 Περσέων
911 1086 1009 1172 λόγος
1028 1087 1183 1171 λέγεται,

156 1181 288 1266 αὐτόςὸ
304 1185 457 1275 Περσεάς
472 1185 538 1256 ἐάν
546 1185 719 1276 Ἀσσύριος
734 1186 1004 1274 ἐγένετοἝλλην,
1020 1183 1094 1254 ἀλλ’
1113 1183 1184 1253 οὐκ

155 1292 191 1356 ολ
202 1287 349 1375 Περσέος
362 1287 536 1376 πρόγονοι·
552 1286 634 1372 τούς
647 1287 686 1356 δέ
695 1285 860 1375 Ἀκρισίου
873 1315 913 1374 γε
926 1287 1075 1375 πατέρας
1089 1285 1183 1373 ὁμο-

155 1390 333 1473 λογέοντας
356 1384 430 1457 κατ’
456 1388 640 1476 οἰκηιότητα
663 1389 791 1478 Περσέι·
812 1386 933 1475 οὐδέν,
965 1387 1112 1467 τούτους
1139 1385 1184 1455 δὲ

102 1506 138 1559 ὅθ
156 1486 253 1576 εἶναι,
267 1488 572 1579 κατάπερἝλλήνες
583 1491 730 1575 λέγουσι,
746 1494 966 1575 Αἰγυπτίους.
989 1488 1059 1558 Καὶ
1069 1491 1184 1556 ταῦτα

154 1591 217 1678 μέν
229 1617 295 1658 νυν
307 1592 385 1679 περὶ
397 1589 526 1658 τούτων
540 1589 700 1679 εἰρήσθω,
720 1587 739 1658 ὅ
752 1616 782 1657 τι
795 1590 832 1658 δὲ
848 1589 957 1669 ἐόντες
976 1587 1182 1675 Αἰγύπτιοι,

154 1691 211 1758 καὶ
229 1688 248 1758 ὅ
264 1717 295 1759 τι
312 1689 551 1777 ἀποδεξάμενοι
575 1696 695 1778 ἔλαβον
717 1689 775 1770 τάς
794 1691 955 1779 Δωριέων
980 1695 1182 1777 βασιληίας,

155 1790 283 1859 ἄλλοισι
300 1790 365 1880 γάρ
382 1792 460 1879 περὶ
479 1786 595 1858 αὐτόν
612 1801 756 1879 εἴρηται,
784 1790 924 1878 ἐάσομεν
943 1788 1048 1859 αότά·
1075 1789 1119 1858 τά
1140 1789 1183 1860 δέ

155 1889 251 1960 ἄλλοι
268 1889 309 1960 οό
328 1890 568 1978 κατελάβοντο,
586 1891 716 1959 τοότων
733 1891 869 1979 μνήμην
886 1890 1078 1979 ποιήσομαι.

103 2008 139 2061 οδ
232 1993 338 2082 Γέρεά
355 2020 391 2061 τι
417 1990 458 2078 δή
483 1991 564 2061 τάδε
580 2006 665 2060 τοῖσι
687 1998 861 2078 βασιλεῦσι
880 1997 1088 2083 Σπαρτιῆται
1117 1998 1182 2062 δε·

154 2092 295 2161 δάκασι·
315 2092 476 2183 ἐροσόνας
494 2092 570 2178 δυό,
589 2090 671 2171 Διός
689 2118 724 2160 τε
742 2098 996 2181 Λακεδαίμονος
1015 2094 1073 2160 καὶ
1088 2093 1182 2175 Λιός

153 2190 328 2281 οὐρανίου,
347 2193 403 2262 καὶ
417 2192 564 2281 πόλεμόν
577 2219 614 2277 γε
630 2192 782 2281 ἐκφέρειν
797 2191 850 2261 ἐπ’
867 2190 909 2281 ἢν
923 2191 966 2261 άν
979 2192 1183 2280 βοάλωνται

153 2292 283 2382 χώρην,
302 2293 425 2363 τοότου
442 2293 481 2361 δέ
497 2293 626 2381 μηδένα
644 2291 729 2361 εἶναι
743 2294 979 2383 Σπαρτιητέων
999 2298 1181 2364 διακωλυ-

152 2392 225 2481 τήν,
245 2400 277 2463 εί
288 2394 327 2463 δέ
339 2394 397 2483 μή,
416 2391 522 2463 αὐτόν
537 2396 635 2484 ἐντῷ
649 2392 724 2479 άγει·
737 2394 924 2481 ἐνέχεσθαι·
944 2397 1181 2484 στρατευομέ-

153 2523 224 2565 νων
241 2494 280 2565 δέ
293 2495 446 2586 πρώτους
461 2497 546 2564 ἐέναι
559 2493 640 2573 τοδς
652 2494 818 2581 βασιλέας,
838 2489 1004 2575 ὑστάτους
1020 2496 1059 2564 δὲ
1073 2492 1180 2565 άπιέ-

152 2616 222 2665 ναι·
249 2596 369 2666 ἑκατόν
387 2596 425 2666 δὲ
438 2595 564 2686 ἄνδρας
582 2595 728 2681 λογάδας
744 2595 797 2663 ἐπὶ
812 2602 965 2684 στρατιῆς
979 2594 1181 2683 φυλάσσειν

152 2695 293 2779 αότοός·
318 2695 511 2788 προβάτοισι
529 2697 567 2765 δέ
584 2701 729 2784 χρᾶσθαι
753 2698 789 2763 έν
807 2701 884 2784 τήσι
903 2699 1070 2786 ἐξοδίῃσι,
1091 2696 1174 2785 ὁκό·

151 2820 238 2870 σοισι
255 2797 299 2869 άν
318 2801 475 2885 ἐθέλωσι,
501 2804 572 2867 τοῖν
596 2796 634 2865 δέ
652 2798 831 2882 θυομένων
850 2794 1011 2867 ἁπάντων
1029 2798 1071 2866 τά
1091 2799 1179 2889 δέρ-

97 2919 134 2969 57
151 2902 288 2990 ματάτε
301 2903 411 2971 καὶτὰ
425 2906 517 2970 νῶτα
530 2896 712 2986 λαμβάνειν
727 2898 839 2985 σφέας.
859 2898 1040 2987 ταῦταμὲν
1055 2898 1097 2967 τά
1115 2902 1179 2988 έμ-

150 3004 301 3093 πολέμια,
319 3002 360 3072 τά
378 3002 416 3071 δέ
434 3001 517 3070 ἄλλα
530 3000 570 3071 τά
584 3006 736 3091 είρηναλα
750 2998 831 3066 κατά
845 2998 925 3067 τάδε
939 3018 998 3087 σφι
1017 2998 1177 3069 δέδοται·

148 3100 194 3194 ήν
210 3114 338 3193 θυσίην
354 3132 402 3185 τις
420 3102 601 3192 δημοτελέα
615 3101 772 3188 ποιέηται,
792 3100 947 3188 κράτους
967 3101 1020 3167 ἐπὶ
1039 3098 1078 3169 τό
1099 3106 1180 3171 δεῖ·

151 3233 237 3277 πνον
254 3212 333 3289 ἵζειν
350 3204 430 3286 τοός
447 3207 603 3293 βασιλέας
617 3204 674 3273 καὶ
688 3198 754 3269 άπὸ
774 3199 902 3269 τούτων
916 3203 1054 3285 πρῶτον
1069 3200 1179 3293 άρχε-

151 3318 248 3395 σθαι,
282 3306 441 3395 διπλήσια
471 3308 632 3395 νέμοντας
661 3303 804 3394 ἑκατέρω
834 3299 873 3369 τά
900 3300 1010 3369 πάντα
1037 3296 1059 3389 ή
1086 3318 1182 3375 τοῖσι

150 3406 279 3475 ἄλλοισι
314 3406 506 3495 δαιτυμόσι·
548 3406 606 3474 καί
642 3407 868 3491 σπονδαρχίας
903 3400 991 3471 εἶναι
1026 3401 1179 3495 τούτων,

151 3507 209 3574 καλ
227 3511 297 3574 τοῖν
320 3509 495 3576 τυθέντων
512 3507 553 3575 τά
571 3505 727 3594 δέρματα.
761 3506 941 3589 νεομηνίας
959 3504 998 3573 δέ
1017 3502 1084 3573 άνά
1105 3506 1176 3575 πά-
