2500 3925
303 262 390 319 ιιιι.
423 262 468 320 ιιι
500 261 808 322 emam-14⁶.
996 254 1056 323 κδλ

74 412 217 489 ἀπίκοντο
237 420 270 499 ἐς
293 418 358 508 τήν
370 419 492 509 Σάμον
516 424 552 489 οί
571 422 700 507 Πέρσαι
731 419 932 507 κατάγοντες
946 426 1059 491 Συλο-

75 522 186 599 σῶντα,
214 516 291 587 ούτε
310 525 359 599 τίς
379 538 441 606 σφι
464 534 575 606 μοίρας
599 516 824 607 ἀνταείρεται,
849 516 1057 589 ὑπόσπονδοι

74 640 106 681 τε
118 621 240 703 ἐρασαν
260 618 345 687 εἶναι
367 610 489 707 ἐκοίμοι
510 625 545 688 οί
562 628 624 689 τοῦ
644 624 860 709 Μαιανδρίου
881 628 1057 689 στασιῶται

73 713 119 780 καί
132 712 227 796 αύτδς
242 718 457 807 Μαιάνδριος
472 722 656 807 ἐκχωρῆσαι
676 721 713 789 ἐκ
729 726 787 807 τῆς
800 718 917 808 νήσου.
943 746 1058 789 καται-

71 815 215 895 νέσαντος
234 814 267 884 δ’
284 822 338 887 ἐπὶ
350 820 498 889 τούτοισι
509 818 654 891 Ὀτάνεω
674 824 729 889 καί
744 822 969 909 σπεισαμένου
991 830 1059 891 τῶν

71 914 215 998 Περσέων
235 920 271 983 οί
284 925 443 988 πλείστου
464 916 552 999 ἄξιοι
567 918 721 1007 θρόνους
736 921 875 1008 θέμενοι
895 946 1058 989 κατεναν-

69 1017 180 1079 τίον
144 1038 199 1099 της
219 1009 423 1102 ἀκροπόλιος
442 1019 605 1086 ἐκατέατο.
651 1021 854 1110 Μαιανδρίῳ
878 1018 914 1088 δέ
933 1024 979 1140 τῷ
998 1045 1060 1087 τυ-
1079 1034 1127 1091 145

68 1108 170 1201 ράννω
183 1102 228 1198 ήν
242 1108 708 1235 ἀδελφεδςδπομαρμότερος,
724 1121 771 1207 τῷ
787 1113 917 1203 οὕνομα
930 1108 974 1204 ήν
986 1124 1058 1187 Χα-

67 1216 186 1291 ρίλεως·
214 1202 314 1290 οὗτος
329 1208 424 1300 δτιδή
444 1210 639 1300 ἐξαμαρτόν
668 1214 705 1281 ἐν
731 1213 885 1303 μορμύρη
912 1216 1055 1283 ἐδέδετο·

65 1309 112 1375 καὶ
123 1305 164 1397 δή
180 1308 257 1378 τότε
284 1310 474 1391 ἐπακούσας
498 1337 536 1379 τε
554 1308 595 1379 τά
632 1311 847 1428 πρησσόμενα
865 1314 919 1381 καὶ
937 1310 1057 1381 διακύ-

66 1418 120 1485 ρας
138 1403 195 1475 διά
216 1412 276 1494 τῆς
290 1406 479 1494 γοργύρης,
502 1433 548 1487 ως
558 1406 625 1476 εἶδε
644 1433 724 1487 τους
733 1411 866 1495 Πέρσας
883 1415 1058 1497 εἰρηναίως

62 1506 274 1591 κατημένους,
292 1503 373 1591 ἐβόα
383 1530 419 1573 τε
430 1508 485 1573 καὶ
501 1510 567 1592 ἐφη
584 1507 694 1591 λέγων
707 1508 910 1597 Μαιανδρίῳ
926 1506 1058 1575 ἐθέλειν

61 1606 166 1672 ἐλθεῖν
186 1603 366 1690 ἐςλόμους.
400 1605 591 1684 ἐπακούσας
605 1604 641 1673 δέ
663 1603 681 1677 δ
699 1604 913 1691 Μαιάνδριος
930 1603 1056 1673 λύσαν-

59 1728 110 1781 τας
132 1700 241 1771 αὐτόν
260 1702 393 1771 ἐκέλευε
420 1699 518 1788 ἀμειν
544 1700 627 1790 παρ’
652 1702 788 1773 ἑωυτόν.
833 1701 878 1780 ὡς
906 1701 942 1770 δὲ
967 1700 1056 1789 ἤχθη

59 1821 204 1887 ταχιστα,
228 1801 413 1885 λοιδορέων
433 1826 471 1868 τε
491 1803 547 1869 καί
567 1807 711 1882 κακίζων
728 1828 787 1888 μιν
803 1797 962 1868 ἀνέπειθε
983 1800 1057 1867 ἐτι-

58 1906 175 1971 θέσθαι
186 1913 273 1970 τοῖσι
285 1899 453 1992 Πέρσησι,
476 1903 586 1989 λέγων
602 1901 732 1971 τοιοίδε·
760 1898 834 1988 Ἐμέ
852 1895 932 1986 μὲν,
955 1889 1056 1966 οέκό-

56 2023 139 2070 κιστε
149 1999 306 2090 ἀνδρῶν,
321 2001 420 2071 ἐόντα
431 2010 583 2072 σεωυτοῦ
596 1999 765 2092 ἀδελφεὰν
779 2003 834 2070 καί
850 1997 1055 2088 ἀδικήσαντα

57 2097 149 2168 ούδέν
183 2097 281 2180 ἄξιον
303 2103 430 2187 δεσμοῦ
450 2101 556 2188 δήσας
576 2102 748 2188 γοργύρης
765 2097 925 2189 ἠξίωσας,
945 2094 1055 2185 δρέων

55 2201 86 2268 δὲ
98 2197 180 2279 τούς
191 2199 326 2287 Πέρσας
341 2200 567 2288 ἐκβάλλοντάς
585 2201 622 2270 τέ
640 2221 677 2269 σε
695 2203 749 2270 καὶ
765 2198 905 2269 ἄνοικον
914 2203 1054 2266 ποιεῦν-

54 2329 105 2381 τος
124 2302 168 2368 ού
189 2308 315 2390 τολμᾷς
335 2307 509 2389 τίσασθαι,
531 2301 622 2371 οὕτω
645 2294 737 2382 δήτι
761 2299 876 2380 ἐόντας
898 2297 1054 2377 εὐπετέας

52 2407 269 2488 χειρωθῆναι
291 2397 367 2470 ἀλλ’
392 2410 427 2470 εί
443 2427 475 2468 τι
495 2399 541 2469 σύ
562 2421 668 2487 σφεας
685 2398 962 2488 καταρρώδηκας,
982 2397 1054 2483 ἐμοὶ

53 2495 104 2577 δός
117 2496 201 2576 τοδς
217 2498 438 2591 ἐπικούρους,
467 2505 528 2566 καί
544 2518 651 2585 σφεας
669 2495 734 2584 ἐμοὶ
751 2496 979 2585 τιμωρήσομαι
996 2501 1053 2580 τῆς

51 2595 171 2664 ε’νθάδε
188 2592 333 2677 ἀπίξιος·
377 2593 483 2665 αὐτόν
501 2598 539 2666 δέ
560 2618 598 2665 σε
619 2596 784 2683 ἐκπέμψαι
805 2598 841 2664 ἐκ
862 2601 920 2683 τῆς
944 2593 1053 2684 νήσου

52 2697 176 2783 ἕτοιμός
199 2702 275 2783 εέμι.
324 2703 437 2766 Ταῦτα
459 2703 548 2778 ἐλεξε
569 2694 589 2766 δ
611 2702 798 2785 Χαρίλεως·
841 2694 1121 2782 mammem

51 2795 82 2861 δὲ
98 2791 249 2880 ἀπέλαβε
266 2791 328 2863 τόν
347 2794 470 2883 λόγον,
490 2794 535 2876 ὡς
546 2794 609 2881 μέν
623 2791 688 2883 ἐμοὶ
701 2798 817 2883 δοκέω,
835 2791 897 2864 ούκ
911 2799 944 2874 ἐς
954 2798 1052 2862 τοῦτο

51 2891 245 2981 ἀφροσύνης
268 2891 475 2982 ἀπικόμενος
498 2892 544 2975 ὥς
561 2895 656 2976 δόξαι
678 2891 741 2982 τήν
763 2894 891 2962 ἑωυτοῦ
905 2892 1053 2977 δύναμιν

49 2993 264 3081 περιέσεσθαι
285 3000 344 3081 τῆς
358 2993 531 3082 βασιλέος,
550 2989 636 3062 ἀλλά
648 2991 826 3080 φθονήσας
836 2996 964 3078 μᾶλλον
978 2994 1051 3054 Συ-

48 3098 204 3177 λοσιόντι,
238 3088 311 3160 εί’
291 3094 433 3177 απουητδ
462 3096 578 3177 ἔμελλε
606 3089 865 3178 ἀπολάμψεσθαι
892 3082 1051 3168 ἀκέραιον

47 3216 104 3276 την
118 3190 231 3260 πόλιν
277 3183 485 3278 ἐρεθίσας
456 3217 507 3258 ων
526 3187 606 3269 τοδς
618 3191 753 3278 Πέρσας
770 3185 873 3275 ἤθελε
884 3179 928 3260 ὥς
945 3177 1050 3250 ἀσθε-

48 3287 185 3358 νέστατα
206 3296 409 3376 ποιήσαιτο
398 3286 562 3376 Σάμια
562 3289 740 3409 πρήγματα
761 3286 816 3352 καὶ
831 3281 920 3351 οὕτω
941 3305 1050 3366 παρα-

47 3385 193 3475 διδόναι,
228 3381 269 3456 εύ
297 3383 628 3474 ἐξεπιστέμενος,’
604 3413 651 3465 ως
675 3380 844 3460 παθόντες
865 3405 896 3447 οι
889 3375 1049 3465 ’Πέρσαι

47 3509 153 3566 κακως
187 3487 566 3575 προσεμπικρανέεσθαι
595 3489 737 3570 ἐμελλον
763 3491 847 3545 τοῖσι
879 3481 1047 3560 Σαμίοισι,
