2500 3925
143 229 187 293 80
524 185 795 289 HERODOTIv

144 391 239 481 διέβη
250 390 283 470 ές
289 399 444 477 Αίγιναν,
451 390 658 476 βουλόμενος
669 397 851 478 συλλαβεῖν
857 395 1067 481 Αἰγινητέων
1077 388 1161 470 τοδς

144 489 368 568 αἰτιωτάτους.
398 485 443 566 ὡς
457 488 494 555 δέ
511 490 666 575 ἰπειράτο
680 490 940 577 συλλαμβάνων,
956 487 1052 558 ἄλλοι
1064 516 1100 558 τε
1117 484 1162 574 δή

144 584 235 680 αὐτῷ
255 589 406 673 ἐγίνοντο
429 583 576 665 ἀντίξοοι
594 592 664 653 τῶν
682 589 906 675 Αἰγινητέων,
934 589 972 654 έν
992 589 1029 655 δδ
1044 583 1086 672 δή
1102 588 1160 654 καὶ

143 694 247 774 Κρλος
261 684 279 754 ὁ
294 693 509 773 Πολυκρίτου
525 686 685 772 μάλιστα,
700 683 738 764 δς
749 683 813 755 οὐκ
829 693 895 774 ἔφη
909 683 1015 756 αὐτὸν
1031 684 1162 755 οὐδένα

144 783 236 866 ἄξειν
251 791 411 871 χαίροντα
419 786 647 871 Αἰγινητέων·
669 783 753 852 ἀνευ
764 786 829 872 γάρ
844 813 903 873 μιν
913 787 1162 873 Σπαρτιητέων

142 891 205 952 τοῦ
218 890 338 951 κοινοῦ
348 887 476 951 ποιέειν
489 891 594 951 ταῦτα
609 880 671 951 ὑπ’
684 882 875 972 Ἀθηναίων
889 883 1162 972 ἀναγνωσθέντα

141 981 302 1070 χρήμασι·
324 979 394 1067 ἅμα
402 978 469 1068 γὰρ
478 980 523 1049 ἀν
533 1008 593 1068 μιν
602 988 650 1073 τῷ
661 986 761 1074 ἑτέρω
772 986 904 1070 βασιλέϊ
913 985 1060 1054 ἐλθόντα
1072 993 1161 1052 συλ-

144 1077 340 1164 λαμβάνειν.
364 1083 457 1165 έλεγε
467 1080 504 1147 δέ
518 1086 623 1148 ταῦτα
634 1082 668 1160 ἐξ
678 1083 853 1170 ἐπιστολῆς
867 1090 926 1170 τῆς
935 1083 1158 1171 Δημαρήτου.

144 1179 336 1262 Κλεομένης
351 1177 389 1244 δέ
402 1173 675 1265 ἀπελαυνόμενος
690 1182 727 1247 ἐκ
741 1186 800 1266 τῆς
814 1187 956 1269 Αἰγίνης
971 1192 1078 1270 εἰρετο
1095 1180 1161 1250 τόν

144 1283 267 1363 Κρῑου,
286 1275 351 1345 ὅτι
367 1281 401 1344 οί
413 1285 463 1363 εἰη
477 1274 515 1344 τὸ
533 1275 680 1364 οὕνομα·
710 1275 728 1347 ὁ
747 1282 786 1346 δέ
801 1284 835 1347 οἰ
848 1278 886 1347 τό
902 1278 960 1348 έδν
976 1286 1112 1368 ἔφρασε.
1139 1277 1158 1347 ὁ

144 1376 182 1442 δέ
196 1379 387 1463 Κλεομένης
399 1373 484 1463 πρὸς
495 1373 601 1444 αότδν
611 1381 676 1463 ἔφη
686 1402 694 1415 ·
706 1375 792 1464 Ἤδη
810 1385 876 1446 νῦν
891 1385 1114 1466 καταχαλκοῦ,
1131 1371 1161 1445 ἀ

143 1477 232 1562 κριέ,
247 1473 288 1543 τά
303 1478 408 1561 κέρεα,
419 1474 463 1556 ὡς
478 1476 720 1563 συνοισόμενος
733 1477 867 1570 μεγάλρ)
882 1486 983 1570 κακῷ.

94 1603 128 1655 ε]
162 1654 167 1662 .
225 1574 279 1644 Ἐν
294 1577 331 1644 δὲ
341 1583 381 1666 τῇ
391 1576 534 1665 Σπάρτη
546 1583 669 1646 τοῦτον
682 1573 877 1663 τδνχρόνον
887 1575 1069 1665 ὑπομένων
1080 1587 1160 1664 Δη-

141 1676 288 1763 μάρητος
301 1673 320 1744 δ
333 1672 529 1761 Ἀρίστωνος
543 1678 697 1763 διέβαλλε
710 1672 771 1743 τδν
784 1678 992 1763 Κλεομένεα,
1008 1671 1075 1742 έαδν
1090 1681 1159 1762 βα-

116 1789 120 1796 ’
142 1773 256 1855 σιλεδς
269 1779 324 1844 καί
337 1770 435 1856 οὗτος
445 1778 703 1864 Σπαρτιητέων,
720 1781 825 1863 οἰκίης
835 1776 872 1844 δὲ
883 1783 941 1862 τῆς
952 1775 1156 1844 ὑποδεεστέ-

142 1900 218 1964 ρης,
242 1872 316 1942 κατ’
336 1874 416 1943 ἀλλο
437 1877 500 1962 μὲν
519 1874 621 1944 οὐδὲν
640 1873 882 1962 ὑποδεεστέρης
903 1873 983 1965 (ἀπὸ
1003 1873 1069 1962 γάρ
1091 1881 1157 1942 τοῦ

142 1971 249 2042 αὐτοῦ
265 1974 457 2060 γεγόνασι),
474 1970 559 2042 κατά
575 1976 841 2061 πρεσβυγένειαν
853 1974 892 2041 δέ
904 2000 970 2053 κως
985 1980 1157 2061 τετίμηται

91 2096 128 2149 ςς
142 2080 271 2159 μᾶλλον
285 2073 306 2162 ἡ
320 2072 566 2160 Εὐρυσθένεος.
588 2072 851 2159 Λακεδαιμόνιοι
867 2070 933 2161 γάρ
948 2069 1149 2159 ὁμολογέον-

140 2198 194 2252 τες
208 2169 324 2240 οόδενί
340 2177 461 2259 ποιητῇ
471 2175 607 2256 λέγουσι
621 2169 727 2239 αὐτὸν
738 2170 976 2259 Ἀριστόδημον
990 2170 1051 2240 τδν
1062 2171 1156 2260 Ἀρι-

141 2272 310 2359 στομόχου
330 2277 391 2338 τοῦ
407 2272 596 2338 Κλεοδαίου
617 2277 678 2337 τοῦ
689 2267 811 2338 Ὗλλου
826 2269 1048 2358 βασιλεύοντα
1066 2269 1155 2356 ἀγα-

140 2385 213 2457 γεῖν
228 2370 334 2455 σφέας
346 2370 379 2445 ές
392 2367 519 2453 ταύτην
528 2366 591 2455 τήν
603 2368 732 2456 χώρην,
748 2367 810 2455 τήν
820 2366 1153 2455 νῦνκεκτίαται,ἀλλ’

141 2467 183 2538 οὐ
193 2466 273 2547 τοδς
286 2466 527 2555 Ἀριστοδήμου
537 2472 667 2546 παῖδας.
689 2463 771 2554 μετὰ
783 2469 819 2536 δὲ
829 2468 954 2554 χρόνον
968 2466 1010 2536 οὐ
1021 2465 1153 2535 πολλὸν

137 2566 361 2657 Ἀριστοδήμῳ
381 2580 491 2634 τεκεῖν
510 2565 573 2653 τήν
589 2580 750 2652 γυναῖκα,
774 2572 814 2653 τῇ
829 2563 959 2652 οὕνομα
976 2564 1062 2634 εἰναι
1074 2564 1155 2653 Ἀρ-

138 2674 249 2755 γείην·
266 2666 440 2752 θυγατέρα
450 2667 487 2732 δέ
498 2663 605 2752 αὐτήν
614 2669 751 2750 λέγουσι
766 2662 851 2732 εἰναι
861 2662 1074 2744 Αὐτεσίωνος
1088 2674 1154 2733 τοῦ

143 2771 333 2851 Τισαμενοῦ
343 2770 405 2831 τοῦ
416 2763 637 2850 Θερσάνδρου
646 2770 708 2831 τοῦ
717 2768 956 2843 Πολυνείκεος·
972 2763 1104 2849 ταύτην
1115 2767 1153 2833 δέ

139 2878 248 2933 τεκείν
263 2867 402 2949 δίδυμα,
427 2864 585 2931 ἐπιδόντα
599 2864 637 2930 δέ
652 2857 714 2930 τδν
732 2859 972 2949 Ἀριστόδημον
991 2860 1032 2930 τά
1048 2865 1152 2931 τέκνα

138 2964 253 3057 νούσῳ
267 2970 435 3031 τελευτᾶν.
477 2966 767 3048 Λακεδαιμονίους
788 2959 824 3027 δὲ
840 2956 920 3037 τοὺς
939 2958 1015 3028 τότε
1030 2960 1151 3040 ἐόντας

137 3068 322 3153 βουλεῦσαι
335 3061 418 3130 κατά
431 3060 540 3147 νόμον
550 3061 688 3149 βασιλέα
698 3066 767 3127 τῶν
778 3062 909 3126 παίδων
922 3058 983 3127 τδν
996 3061 1153 3149 πρεσβύ-

137 3188 237 3249 τερον
258 3162 480 3249 ποιήσασθαι·
513 3160 576 3229 οὐκ
597 3154 647 3227 τόν
668 3159 710 3247 δή
731 3178 835 3244 σφεας
857 3163 961 3246 ἔχειν,
985 3156 1152 3248 ὁκότερον

4 3302 7 3307 -
137 3264 295 3343 ἕλωνται,
314 3257 398 3326 ὥστε
411 3260 467 3325 καί
478 3255 605 3343 ὁμοίων
615 3259 671 3325 καί
682 3265 766 3326 ίσων
776 3254 919 3323 ἐόντων·
941 3252 983 3323 οά
998 3259 1151 3344 δυναμέ-

139 3383 220 3436 νους
230 3358 268 3425 δδ
276 3363 421 3443 γνῶναι,
434 3352 456 3442 ή
467 3358 523 3424 καί
532 3356 599 3445 πρὸ
610 3355 745 3441 τούτου,
760 3357 944 3440 ἐπειρωτᾶν
953 3352 1017 3441 τήν
1025 3364 1148 3426 τεκοῦι

138 3478 210 3522 σαν.
229 3452 293 3537 τήν
304 3452 543 3543 δέοόδδαάτήν
554 3454 661 3543 φάναι
674 3453 925 3542 διαγινώσκειν·
943 3458 1074 3526 εἰδυῖαν
1085 3460 1150 3545 μὲν
