2500 3925
181 263 222 327 ³2
553 263 805 324 HERODOTI

185 425 347 514 Τεγεήτας
374 425 523 513 μούνους
548 426 782 509 προσέπταιον.
823 418 860 490 τδ
883 419 919 490 δὲ
947 425 995 489 ἔτι
1014 418 1186 507 πρότερον

181 527 313 595 τούτων
328 527 383 592 καλ
398 521 670 609 κακονομώτατοι
686 514 775 608 ήσαν
788 517 909 613 σχεδόν
924 516 1186 602 τάντωνἙλλή·

180 650 251 693 νων
272 620 356 690 κατά
377 648 411 690 τε
435 624 538 707 σφέας
562 617 686 699 αὐτούς
710 622 766 688 καὶ
786 625 924 705 ξείνοισι
949 617 1185 707 ἀπρόσμικτοι.

180 726 361 812 μετέβαλον
376 724 413 789 δε
427 712 493 789 ὦδε
509 722 543 801 ἐς
560 717 738 804 εὐνομίην·
762 718 969 805 Λυκούργου
985 724 1187 800 τωνΣπαρ-

180 825 317 906 τιητέων
337 825 478 906 δοκίμου
500 816 624 905 ιἰνδρδς
645 817 806 899 ἐλθόντος
832 819 865 897 ἐς
884 813 1042 903 Δελφούς
1069 816 1123 886 ἐπὶ
1145 806 1185 880 τό

181 920 400 1011 χρηστήριον,
425 917 469 1000 ὡς
490 920 579 1005 ἐσήιε
608 922 642 998 ἐς
663 917 702 989 τὸ
724 922 889 1007 μέγαρον,
921 914 1039 1005 ίθύςή
1063 920 1186 999 Πυθίη

182 1027 269 1109 λέγει
284 1023 379 1095 τάδε’

250 1120 374 1208 Ἥκεις,
392 1112 418 1191 ιδ
434 1119 622 1205 Λυκόοργε,
640 1115 722 1204 ἐμόν
738 1120 814 1190 ποτὶ
826 1123 928 1185 πίονα
943 1115 1028 1203 νηόν

257 1221 340 1306 Ζηνὶ
356 1224 452 1305 φίλος
466 1220 522 1288 καλ
535 1224 640 1289 πᾶσιν
653 1214 815 1302 Ὀλύμπια
828 1212 954 1301 δώματ’
974 1220 1096 1301 έχουσι.

260 1322 360 1402 Δίζοο,
378 1314 398 1403 ή
412 1337 449 1386 σε
464 1314 551 1385 θεὸν
567 1315 794 1403 μαντεύσομαι
807 1311 832 1401 ή
847 1311 1050 1400 άνθρωετυν·

258 1414 346 1487 Ἀλλ’
365 1422 413 1485 ἔτι
428 1419 625 1503 καὶμᾶλλον
641 1412 728 1485 θεὸν
742 1419 894 1502 ἔλπομαι,
909 1406 938 1483 ό
954 1413 1141 1501 Λυκόοργε.

181 1521 223 1586 Oi
235 1518 297 1603 μὲν
312 1512 354 1602 δή
367 1540 456 1592 τινες
472 1510 557 1600 πρδς
566 1514 715 1583 τούτοισι
727 1516 864 1598 λέγουσι
875 1516 931 1585 καὶ
946 1512 1075 1600 φράσαι
1086 1509 1186 1603 αὐτῷ

178 1612 239 1703 τήν
255 1619 394 1698 Πυθίην
408 1609 469 1681 τὸν
489 1618 555 1682 νῦν
569 1618 773 1683 κατεστεῶτα
793 1610 922 1697 κόσμον
934 1611 1185 1700 Σπαρτιήτῃσι,

179 1713 223 1793 ὡς
239 1711 272 1783 δ’
291 1709 386 1781 αὐτοὶ
397 1712 659 1798 Λακεδαιμόνιοι
673 1713 819 1797 λέγουσι,
830 1718 1032 1798 Λυκοῦργον
1043 1715 1185 1798 ἐπιτρο-

178 1812 348 1881 πεύσαντα
370 1809 575 1898 Λεωβώτεω,
605 1807 807 1895 ἀδελφιδέου
832 1808 895 1895 μὲν
915 1811 1055 1897 ἑαυτοῦ,
1078 1818 1187 1897 βασι-

179 1911 336 1989 λεύοντος
353 1909 389 1978 δὲ
399 1910 703 1995 Σταρτιητέων,,ἐκ
713 1907 846 1995 Κρήτης
861 1904 1046 1993 ἀγαγέσθαι
1060 1914 1183 1978 ταῦτα.

179 2009 224 2090 ὡς
238 2006 303 2096 γὰρ
320 2008 541 2090 ἐπετρόπευσε
551 2008 697 2095 τάχιστα,
712 2013 887 2095 μετέστησε
899 2005 939 2079 τά
951 2008 1078 2096 νόμιμα
1088 2008 1187 2081 τάν-

179 2134 229 2194 τα,
247 2109 302 2176 καὶ
318 2106 462 2193 ἐφύλαξε
478 2113 581 2174 ταῦτα
604 2104 649 2192 μή
671 2113 901 2194 παραβαίνειν.
932 2104 1013 2193 μετά
1036 2109 1074 2175 δὲ
1087 2105 1131 2174 τά
1149 2109 1187 2186 ἐς

178 2205 325 2291 πόλεμον
341 2209 467 2290 ἔχοντα,
484 2205 664 2288 ἐνωμοτίας
679 2205 735 2273 καὶ
747 2204 927 2291 τριηκάδας
941 2206 997 2273 καλ
1006 2212 1186 2292 συσσίτια,

175 2303 259 2390 πρός
274 2329 310 2372 τε
324 2301 471 2370 τούτοισι
483 2299 562 2379 τούς
576 2301 722 2389 ἐφόρους
736 2306 791 2372 καλ
808 2307 965 2391 γέροντας
981 2309 1099 2390 ἔστησε
1105 2310 1187 2372 Λυ-

130 2409 329 2486 σδκούργος.
375 2398 474 2468 Ούτω
496 2402 557 2485 μὲν
580 2401 823 2488 μεταβαλόντες
845 2400 1105 2490 εὐνομήθησαν,
1135 2411 1187 2494 τῷ

177 2503 213 2568 δὲ
226 2497 414 2588 Λυκούργῳ
426 2499 658 2587 τελευτήσαντι
672 2497 748 2587 ίρόν
764 2500 932 2587 είσύμενοι
946 2503 1104 2589 σέβονται
1119 2529 1188 2589 με-

177 2597 295 2684 γάλως.
312 2591 366 2664 οἷα
379 2596 416 2664 δὲ
433 2601 471 2664 έν
483 2621 519 2666 τε
532 2598 624 2686 χάρη
638 2596 752 2687 άγαθή
766 2602 822 2668 καὶ
836 2599 961 2686 πλήθει
973 2597 1039 2669 οὐκ
1053 2598 1187 2688 ὀλίγων

176 2694 322 2781 ἀνδρῶν,
340 2691 406 2762 ὐνά
420 2721 456 2762 τε
471 2699 617 2783 ἔδραμον
632 2695 752 2765 αὐτίκα
765 2701 820 2766 καλ
834 2695 1093 2786 εὐθηνήθησαν.
1124 2707 1186 2771 καὶ

177 2791 219 2880 δή
235 2813 296 2877 σφι
310 2789 421 2861 οὐκέτι
434 2791 559 2882 ἀπέχρα
573 2793 715 2883 ἡσυχίην
732 2794 843 2881 ἄγειν,
860 2793 944 2865 ἀλλά
959 2797 1188 2889 καταφρονή-

176 2891 466 2980 σαντεςἈρκάδων
473 2900 649 2984 κρέσσονες
657 2894 741 2963 εὐναι
748 2897 1041 2982 ἐχρηστηριάζοντο
1049 2903 1184 2972 ένΔελ-

176 2991 1185 3086 φολσιἐπλπύσητῇἈρκάδωνχάρηήδὲΠνθίησφιχρᾷτάδε·

212 3086 388 3177 ’Λρκαδίην
403 3087 433 3176 μ’
452 3096 567 3173 αίτεϊς;
583 3093 667 3178 μέγα
684 3087 714 3175 μ’
731 3096 846 3168 αἰτεῖς
862 3090 906 3157 οὐ
920 3117 972 3160 τοι
988 3093 1099 3162 δύσω.

211 3195 337 3258 Πολλοὶ
352 3195 388 3259 ἐν
399 3189 553 3280 Ἀρκαδίῃ
567 3191 801 3279 βαλανηφάγοι
815 3189 935 3277 ἄνδρες
953 3198 1060 3283 ἔασιν,

218 3289 263 3353 Οἳ
275 3283 307 3353 σ’
326 3283 613 3354 ἀποκωλύσουσιν.
645 3286 709 3373 ἐγώ
726 3291 765 3356 δέ
777 3314 828 3356 τοι
844 3288 916 3357 ούτι
931 3300 1092 3381 μεγαίρω,

214 3383 325 3453 Λύσω
338 3410 391 3453 τοι
411 3389 536 3472 Τεγέην
553 3393 773 3473 ποσσίκροτον
789 3385 996 3476 ὀρχήσασθαι

215 3486 280 3552 Καὶ
294 3481 399 3551 καλόν
414 3488 530 3552 πεδίον
545 3492 665 3577 σχοίνφ
681 3489 973 3575 διαμετρήσασθαι.
