2500 3925
89 217 151 285 376
477 226 726 284 HERODOTI

24 399 73 453 199
87 404 173 450 κασι,
225 382 397 453 Θάπτουσι
423 385 459 451 δὲ
483 382 563 465 τούς
587 383 867 472 ἀποθνήσκοντας
890 394 925 457 οί
948 389 1091 475 νομάδες

90 481 237 570 κατάπερ
263 488 299 553 οί
307 480 473 569 Ἕλληνες,
485 480 575 569 πλὴν
585 486 826 571 Νασαμώνων·
848 479 941 555 οὗτοι
959 487 996 556 δὲ
1011 514 1091 555 κατ-

89 586 234 671 ημένους
247 583 433 672 θάπτουσι,
455 585 702 672 φυλάσσοντες,
726 585 828 655 ἐπεάν
845 584 926 677 άπίη
946 587 1009 675 τὴν
1023 603 1091 668 τρυ-

89 683 168 774 χῆν,
200 684 287 763 ὅκως
317 712 376 771 μιν
402 692 576 753 κατίσουσι
604 685 688 772 μηδὲ
712 685 831 766 ὕπτιος
855 684 1089 757 ἀποθανέεται.

90 782 250 871 οἰκήματα
272 784 307 850 δὲ
328 783 505 869 σύμπηκτα
530 785 563 863 ἐξ
585 782 779 868 ἀνθερίκων
802 788 991 874 ένερμένων
1016 788 1091 873 περὶ

89 890 243 969 σχοίνους
258 884 340 968 ἐστὶ,
362 884 535 950 καὶταῦτα
549 884 768 970 περιφορητά.
797 884 930 972 νόμοισι
943 883 1007 971 μὲν
1019 909 1090 951 τοι·
1189 916 1190 920 “

90 982 218 1052 ούτοισι
233 975 327 1051 οὗτοι
343 984 505 1070 χρίονται.

24 1098 68 1153 191
176 1079 221 1149 Τό
235 1085 271 1149 δὲ
285 1079 369 1166 πρὸς
383 1085 523 1169 ἑσπέρης
532 1090 595 1151 τοῦ
609 1091 776 1171 Τρίτωνος
787 1092 940 1169 ποταμοῦ
950 1082 1091 1151 Αὐσέων

91 1187 221 1267 ἔχονται
235 1176 394 1265 ἀροτῆρες
413 1179 477 1268 ἤδη
493 1188 617 1269 Λίβυες
637 1185 693 1250 καί
707 1188 1092 1269 οίκίαςνομίζοντεςκεκ-

90 1288 229 1365 τῆσθαι,
250 1292 336 1346 τοῖσι
351 1278 480 1366 ούνομα
496 1282 604 1348 κέεται
619 1282 804 1368 Μάξυες,
827 1289 862 1350 οἳ
877 1279 918 1350 τά
933 1284 987 1350 ἐπί
1000 1278 1090 1361 δεξιά

88 1386 156 1447 τῶν
172 1384 346 1465 κεφαλέων
364 1379 540 1465 κομέουσι,
560 1404 601 1445 τα
623 1376 655 1447 δ’
678 1378 731 1447 ἐπ’
753 1378 909 1468 άριστερά
929 1386 1090 1468 κείρουσι,

88 1475 126 1544 τδ
143 1479 180 1545 δὲ
194 1485 289 1564 σῶμα
306 1486 408 1569 μίλτῳ
422 1487 581 1565 χρίονται.
609 1481 692 1564 φασί
709 1478 746 1547 δὲ
760 1471 855 1546 οὗτοι
870 1476 955 1546 είναι
968 1484 1037 1546 τῶν
1053 1480 1091 1545 ἐκ

92 1584 213 1665 Τροίης
226 1574 372 1663 ἀνδρῶν.
394 1572 415 1662 ἡ
432 1577 468 1643 δὲ
482 1574 574 1662 χοίρη
589 1575 674 1664 αὕτη
689 1603 725 1644 τε
738 1580 794 1645 καὶ
806 1574 828 1663 ἡ
842 1571 942 1663 λοιπὴ
957 1581 1015 1662 τῆς
1028 1583 1091 1642 Λι-

87 1675 172 1765 βύης
186 1674 207 1763 ἡ
223 1674 307 1764 πρὸς
321 1677 463 1762 ἑσπέρην
477 1682 590 1765 πολλῷ
603 1677 853 1762 θηριωδεστέρη
867 1676 969 1741 τεκαὶ
984 1677 1091 1739 δασυ-

87 1778 164 1862 τέρη
180 1776 247 1841 ἐστὶ
260 1780 318 1860 τῆς
330 1779 399 1840 τῶν
413 1772 573 1859 νομάδων
586 1772 705 1859 χώρης.
738 1770 759 1860 ἡ
775 1773 838 1859 μὲν
858 1771 923 1859 γάρ
944 1769 985 1859 δὴ
1005 1770 1090 1858 πρὸς

88 1870 149 1959 τὴν
170 1868 220 1957 ἠῶ
241 1877 300 1958 τῆς
313 1871 459 1959 Λιβύης,-
479 1871 542 1959 την
557 1878 591 1941 οί
608 1872 753 1959 νομάδες
773 1874 928 1958 νέμουσι,
950 1874 1017 1941 ἐστὶ
1030 1897 1089 1938 τα-

88 1971 187 2059 πεινή
201 1999 237 2039 τε
257 1975 313 2039 καὶ
332 1970 518 2058 ψαμμώδης
538 1974 633 2059 μέχρι
653 1980 715 2041 τοῦ
739 1979 906 2061 Τρίτωνος
925 1978 1088 2056 ποταμοῦ,

60 2067 62 2074 ’
88 2071 108 2159 ἡ
133 2074 168 2140 δὲ
195 2069 260 2138 άπό
282 2073 405 2139 τούτου
430 2069 467 2140 τό
492 2069 576 2159 πρὸς
596 2074 752 2159 ἑσπέρης,
773 2068 794 2160 ἡ
814 2064 883 2140 τάν
903 2069 1089 2157 ἀροτήρων,

89 2172 204 2261 ὀρεινή
225 2201 260 2241 τε
285 2175 391 2260 κάρτα
415 2178 470 2242 καί
491 2178 593 2242 δασέα
613 2174 862 2260 καίθηριύδης.
896 2168 1035 2257 καὶγὰρ
1057 2173 1091 2238 οί

88 2271 183 2358 ὄφιες
197 2275 231 2339 οί
243 2269 494 2358 ὑπερμεγάθεες
509 2276 564 2342 καὶ
580 2278 614 2342 οί
625 2277 757 2352 λέοντες
771 2270 855 2340 κατά
870 2271 1011 2349 τούτους
1026 2271 1088 2336 είσί

88 2377 143 2442 καί
158 2379 193 2440 οί
205 2375 380 2458 ἐλέφαντές
398 2399 434 2441 τε
449 2377 504 2442 καί
523 2373 639 2460 άρκτοι
659 2376 715 2440 καὶ
730 2369 866 2450 άσπίδες
887 2371 994 2438 τεκαὶ
1014 2366 1089 2436 ὄνοι

88 2480 122 2543 οί
134 2471 175 2542 τά
189 2477 286 2559 κέρεα
303 2481 431 2561 ἔχοντες
445 2480 505 2545 καί,
520 2481 555 2545 οί
565 2479 790 2562 κυνοκέφαλοι
811 2478 915 2543 καλοί
926 2471 1090 2560 άκέφαλοι

89 2581 123 2643 οί
136 2578 173 2643 έν
186 2589 271 2642 τοῖσι
288 2576 427 2662 στήθεσι
442 2574 522 2654 τούς
536 2573 737 2662 ὀφθαλμούς
751 2581 896 2661 ἔχοντες,
920 2569 964 2652 ὡς
978 2569 1018 2658 δὴ
1032 2572 1090 2638 λέ-

86 2680 207 2760 γονταί
216 2699 255 2759 γε
269 2669 336 2740 ὑπὸ
352 2674 508 2761 Λιβύων,
523 2679 577 2743 καὶ
593 2681 628 2743 οί
639 2673 751 2759 ἄγριοι
766 2672 886 2757 άνδρες
899 2676 954 2741 καί
968 2684 1089 2757 γυναί-

88 2799 144 2850 ιιες
158 2770 271 2859 άγριαι
288 2774 343 2839 καί
357 2770 441 2840 άλλα
454 2774 581 2860 πλήθεϊ
593 2771 701 2841 πολλά
717 2779 823 2859 θηρία
843 2769 1086 2851 άκατάρευστα.

24 2869 181 2940 191Κατδ
202 2868 281 2950 τούς
301 2871 450 2958 νομάδας
470 2876 510 2940 δέ
528 2875 596 2940 ἐστι
616 2871 747 2938 τούτων
768 2867 885 2956 οὐδὲν,
906 2865 980 2937 ἀλλ’
1003 2865 1087 2934 άλλα

85 2972 214 3058 τοιάδε,
237 2972 404 3059 πύγαργοι
417 2974 473 3040 καί
488 2970 644 3060 ζορκάδες
663 2973 719 3038 καὶ
733 2970 912 3058 βουβάλιες
926 2970 981 3036 καί
1001 2964 1087 3050 ὅνοι,

86 3069 149 3140 οὐκ
164 3077 198 3142 οί
209 3072 249 3141 τά
264 3076 362 3161 κέρεα
377 3081 522 3162 ἔχοντες,
546 3071 623 3143 ἄλλ’
646 3074 741 3142 άλλοι
755 3071 873 3141 άποτοι
888 3069 946 3161 (ού
961 3068 1026 3158 γάρ
1044 3069 1085 3155 δη

84 3179 253 3262 πίνουσι),
274 3179 329 3245 καί
343 3174 459 3264 ὄρυες,
481 3183 550 3245 τῶν
563 3173 604 3245 τά
619 3178 718 3260 κέρεα
731 3187 817 3242 τοῖσι
832 3176 957 3260 φοίνιξι
974 3177 1008 3239 οί
1020 3171 1087 3257 πή·
1177 3211 1182 3218 ·

85 3298 157 3356 χεες
172 3281 347 3343 ποιεῦνται
363 3278 526 3362 (μέγαθος
544 3280 580 3344 δὲ
595 3273 632 3342 τδ
649 3278 773 3361 θηρίον
787 3279 886 3340 τούτο
901 3268 984 3339 κατά
998 3278 1088 3357 βοῦν

85 3372 184 3456 ἐστί),
206 3376 261 3439 καὶ
281 3374 447 3460 βασσάρια
462 3377 517 3442 καί
538 3373 654 3440 ύαιναι
677 3376 731 3440 καί
749 3369 899 3457 ύστριχες
921 3371 976 3435 καὶ
997 3372 1088 3454 κριοί

85 3465 195 3554 άγριοι
209 3472 263 3536 καὶ
279 3475 409 3549 δίκτυες
428 3475 484 3539 καὶ
503 3479 593 3552 θῶες
613 3475 668 3540 καὶ
690 3467 864 3557 πάνθηρες
883 3469 938 3534 καὶ
951 3465 1088 3552 βόρυες,

1228 293 1229 304 1

1227 310 1229 321 1
