2500 3925
326 188 414 245 ΗΒ.
445 190 505 246 vn.
538 187 639 247 cAP.
664 196 849 251 σεο-154.
975 206 978 211 ·
1035 191 1095 255 187

75 354 162 428 σίως
176 351 308 417 ἕκαστοι
322 343 436 417 αὐτόν
450 344 677 433 ἀποφεροίατο
694 348 800 419 ὀπίσω
812 347 853 420 τά
870 354 1092 439 ἐσηνείκαντο.

75 446 171 516 οὕτω
186 448 227 535 δή
239 447 302 517 οὐκ
313 446 489 533 ’Λργείοισι
500 456 652 531 αίσχιστα
663 456 848 536 πεποίηται.
872 450 938 536 έγά
951 452 986 517 δέ
1000 449 1095 537 ὀφεί-

79 556 129 619 λω
144 551 255 634 λέγειν
269 546 309 615 τά
327 547 509 633 λεγόμενα,
522 551 709 613 πείθεσθαί
716 573 755 632 γε
764 545 832 634 μήν
849 546 890 615 οὐ
901 549 1094 617 παντάπασι

80 648 222 733 ὀφείλω,
236 653 296 714 καί
307 673 364 733 μοι
379 652 478 713 τοῦτο
491 640 528 710 τό
542 649 620 723 ἔπος
631 646 729 731 έχέτω
741 648 774 725 ές
787 646 897 715 πάντα
906 646 967 716 τόν
978 651 1093 735 λόγον,

77 749 150 833 έπεί
164 748 219 812 καὶ
233 752 338 813 ταῦτα
349 748 494 830 λέγεται,
511 740 555 821 ὡς
568 741 635 826 ἀρα
646 741 787 831 ’Λργείοι
798 738 886 832 ἦσαν
897 752 932 815 οί
940 750 1094 816 έπικαλε-

76 844 222 932 σάμενοι
241 842 303 909 τόν
316 846 453 927 Πέρσην
468 844 520 908 ἐπὶ
535 840 598 927 τήν
617 840 776 930 Ἑλλάδα,
797 846 911 933 ἐπειδή
928 866 989 931 σφι
1009 844 1094 933 πρός

77 943 160 1023 τούς
166 948 452 1030 Λακεδαιμονίους
463 938 603 1027 κακῶςή
616 940 714 1029 αἰχμή
723 942 866 1031 ἑστήκεε,
877 951 947 1013 πάν
958 943 998 1032 δὴ
1010 953 1095 1032 βου·

78 1043 221 1129 λόμενοί
232 1066 293 1128 σφι
306 1042 391 1111 εἶναι
406 1038 471 1126 πρὸ
488 1047 547 1127 τῆς
562 1041 754 1130 παρεούσης
769 1045 886 1129 λάπης.

168 1140 217 1209 Τά
231 1144 294 1228 μέν
310 1144 386 1225 περὶ
405 1138 564 1224 Ἀργείων
584 1149 728 1228 είρηται,
750 1144 783 1220 ές
800 1144 836 1209 δὲ
856 1140 919 1228 τήν
933 1147 1094 1229 Σικελίην
1109 1162 1160 1215 1⁵³

78 1242 175 1313 ἀλλοι
191 1269 227 1310 τε
242 1241 382 1309 ἀπίκατο
397 1238 533 1327 ἄγγελοι
548 1237 613 1307 ἀπό
629 1248 698 1307 τῶν
713 1243 897 1330 συμμάχων
908 1248 1093 1331 συμμίξου-

76 1368 132 1421 τες
138 1346 283 1425 Γέλωνι,
298 1343 353 1408 καί
365 1338 405 1427 δή
417 1342 472 1407 καί
483 1336 631 1406 ἀπδτῶν
641 1343 917 1425 Λακεδαιμονίων
924 1341 1090 1428 Σύαγρος.

76 1449 140 1510 τοῦ
158 1442 195 1507 δὲ
209 1441 360 1516 Γέλωνος
379 1439 503 1506 τούτου
522 1437 708 1524 πρόγονος,
730 1438 882 1525 Οίκήτωρ
904 1434 921 1506 ὁ
941 1441 979 1506 ἐν
993 1442 1091 1526 Γέλη,

78 1535 123 1629 ήν
139 1543 176 1608 ἐκ
190 1539 298 1626 νήσου
316 1538 428 1625 Τήλου
441 1544 499 1624 τῆς
513 1540 566 1604 ἐπὶ
584 1542 732 1627 Τριοπίῳ
746 1538 916 1624 κειμένης,
932 1534 969 1615 ὃς
984 1541 1092 1618 κτιζο-

78 1640 182 1725 μένης
191 1641 296 1724 Γέλης
310 1634 377 1704 ὑπό
389 1639 538 1704 Λινδίων
554 1662 589 1703 τε
604 1643 673 1703 τῶν
687 1638 723 1705 έκ
738 1634 854 1705 Ῥόδου
868 1640 923 1705 καί
934 1634 1092 1723 Ἀντιφή-

77 1765 147 1825 μου
162 1735 225 1806 οάκ
240 1740 389 1823 ἐλείφθη.
414 1733 480 1804 άνά
496 1734 621 1822 χρόνον
635 1737 671 1802 δὲ
682 1733 790 1802 αὐτοῦ
806 1739 841 1802 οί
855 1732 1019 1821 ἀπόγονοι
1032 1759 1091 1822 γε-

78 1838 217 1924 νόμενοι
234 1836 415 1921 ίροφάνται
432 1842 501 1902 τῶν
513 1840 664 1920 χθονίων
677 1840 772 1902 θεῶν
786 1837 952 1904 διετέλεον
968 1833 1089 1919 ἐόντες,

82 1942 231 2022 Τηλίνεω
246 1934 321 2012 ένός
330 1958 389 2002 τευ
399 1940 469 2001 τῶν
479 1933 661 2020 προγόνων
671 1938 883 2023 κτησαμένου
895 1935 1008 2026 τρόπω
1019 1960 1091 2002 τοι·
1215 1973 1221 1984 ·

79 2041 161 2126 ῷδε·
189 2039 222 2113 ές
242 2034 450 2119 Μακτώριον
471 2034 573 2102 πόλιν
593 2033 657 2119 τήν
677 2033 762 2121 ὑπὲρ
783 2038 888 2120 Γέλης
911 2040 1092 2121 οἰκημένην

81 2140 210 2221 ἔφυγον
225 2132 345 2217 ἀνδρες
355 2132 499 2223 Γελῴων
511 2137 717 2214 ἑσσωθέντες
726 2134 831 2203 στάσι.
848 2136 990 2213 τούτους
1008 2125 1090 2202 ἀνὸ

82 2239 224 2321 Τηλίνης
240 2234 407 2318 κατήγαγε
422 2236 455 2312 ές
465 2236 591 2321 Γέλην,
609 2241 696 2320 ἔχων
707 2233 868 2320 οὐδεμίαν
881 2233 1017 2320 ἀνδρῶν
1028 2235 1092 2302 δά-

79 2359 197 2418 ναμιν,
218 2329 291 2400 ἀλλ’
313 2331 368 2416 ίρά
383 2333 514 2400 τούτων
527 2340 596 2400 τῶν
615 2341 717 2401 θεῶν.
741 2331 827 2400 ὅθεν
842 2333 879 2400 δὲ
892 2331 978 2400 αὐτὰ
994 2334 1092 2419 έλαβε

78 2428 215 2517 ήαάτός
230 2429 405 2517 ἐκτήσατο,
422 2439 522 2498 τοῦτο
538 2430 601 2497 οὐκ
619 2437 682 2516 έχω
699 2429 796 2498 εἶπαι.
825 2431 974 2497 τούτοισι
992 2428 1023 2496 δ’
1042 2425 1091 2498 όν

79 2536 220 2607 πίσυνος
231 2526 297 2594 έάν
310 2525 495 2614 κατήγαγε,
510 2527 563 2594 ἐπ’
581 2521 607 2615 ᾧ
622 2554 658 2594 τε
676 2533 710 2595 οἱ
721 2525 885 2612 ἀπόγονοι
899 2525 1005 2594 αὐτοῦ
1018 2530 1092 2609 ίρο-

79 2625 204 2712 φάυται
216 2632 286 2692 τῶν
298 2631 393 2692 θεῶν
409 2630 552 2692 ἔσονται.
600 2627 703 2711 θῶμά
718 2651 775 2712 μοι
790 2617 840 2694 ἀν
853 2628 1018 2692 καὶτοῦτο
1034 2631 1091 2711 γέ-

79 2750 159 2812 γονε
172 2720 257 2807 πρός
273 2720 314 2789 τά
332 2723 564 2809 πυνθάνομαι,
574 2724 846 2811 κατεργάσασθαι
866 2731 1013 2811 Τηλίνην
1034 2729 1092 2812 ἕρ-

80 2849 141 2911 γον
156 2830 312 2893 τοσοῦτο·
334 2822 525 2892 τὰτοιαῦτα
537 2822 603 2911 γάρ
615 2830 697 2911 ἔργα
712 2821 754 2892 οά
768 2823 853 2909 πρὸς
866 2831 928 2892 τοῦ
943 2821 1091 2903 άπαντος

79 2919 203 3008 ἀνδρὸς
216 2922 379 3009 νενόμικα
392 2929 567 3010 γίνεσθαι,
588 2921 672 2992 ἀλλά
690 2922 775 3012 πρὸς
789 2930 897 3010 ψυχῆς
909 2949 946 2991 τε
960 2921 1091 3010 ἀγαθῆς

80 3031 133 3089 καλ
149 3022 262 3107 ρόμης
276 3016 454 3107 ἀνδρηίης·
473 3019 541 3089 ὅδὲ
550 3025 679 3110 λέγεται
691 3022 775 3109 πρὸς
786 3031 844 3110 τῆς
855 3029 1012 3108 Σικελίης
1022 3029 1091 3090 τῶν

80 3121 265 3208 οἰκητόρων
275 3119 315 3188 τά
324 3119 509 3190 ὑπεναντία
519 3125 650 3191 τούτων
660 3126 848 3207 πεφυκέναι
857 3127 1045 3208 θηλυδρίης
1055 3146 1091 3187 τε

79 3225 134 3291 καί
145 3222 379 3308 μαλακάτερος
388 3219 485 3307 ἀνήρ.
509 3221 608 3292 Οὕτω
619 3227 682 3310 μέν
692 3249 760 3290 υυν
771 3221 930 3307 ἐκτήσατο
940 3228 1040 3287 τοῦτο
1051 3218 1089 3286 τό

12 3326 13 3333 '
80 3327 193 3411 γέρας,
208 3321 408 3402 Κλεάνδρου
426 3321 463 3387 δὲ
477 3329 539 3389 τοῦ
551 3325 748 3408 Παντάρεος
761 3321 1020 3408 τελευτήσαντος
1030 3320 1092 3388 τόν
1107 3337 1155 3394 154

79 3431 172 3509 βίον,
190 3419 227 3501 ὃς
241 3423 466 3502 ἐτυράννευσε
480 3425 543 3508 μέν
556 3429 662 3510 Γέλης
678 3420 759 3492 έπτά
777 3429 869 3508 έτεα,
891 3420 1090 3491 ἀπέθανεδέ
