2500 3925
151 232 191 297 16
522 229 775 289 HERODOTI

87 396 90 403 ’
150 394 295 482 σταγόρη
310 395 599 481 προσαναισίμωτο
615 390 740 475 πολλά,
761 392 823 454 τοῦ
839 384 985 466 πλεῦνός
997 411 1034 455 τε
1046 387 1158 454 ἐδέετο

149 494 169 581 ῆ
186 499 378 581 πολιορκίη,
399 494 548 560 ἐνθαῦτα
565 495 671 576 τείχεα
690 501 776 557 τοῖσι
790 486 921 574 φυγάσι
935 492 1005 554 τῶν
1017 487 1155 565 Ναξίων

149 592 427 681 οἰκοδομήσαντες
448 587 702 658 ἀπαλλάσσοντο
724 589 758 666 ἐς
775 583 839 673 τήν
857 582 1016 673 ἤπειρον,
1043 589 1156 662 κακῶς

98 711 132 765 35
150 695 364 813 πρήσσοντες
405 687 641 776 Ἀρισταγόρης
661 687 697 756 δὲ
718 684 783 754 οὐκ
806 683 926 772 εἶχε
890 712 953 772 την
972 682 1156 770 ὑπόσχεσιν

148 800 194 884 τῷ
213 789 432 880 Ἀρταφέρνελ
457 788 636 856 ἐκτελέσαι·
677 813 746 874 αμα
758 789 794 855 δὲ
805 788 908 868 ἐπίεζε
904 781 1179 873 ’μινήδαπάυη

148 898 206 977 τῆς
216 895 370 974 στρατιῆς
380 886 618 974 ἀπαιτεομένη,
634 883 785 976 ἀρριύδεέ
795 911 831 954 τε
841 893 1056 975 τοῦστρατού
1067 886 1156 974 πρή-

150 995 266 1072 ξαντος
279 1013 389 1065 κακως
409 989 465 1056 καλ
479 987 666 1076 Μεγαβάτῃ
688 988 964 1074 διαβεβλημένος,
986 985 1102 1054 έδόκεέ
1117 1009 1156 1052 τε

147 1089 209 1178 τήν
223 1092 449 1178 βασιληίην
410 1113 468 1175 της
478 1087 637 1176 Μελητου
648 1085 947 1175 ἀπαιρεθήσεσθαι.
971 1083 1155 1172 ἀρρωδέειν

150 1191 186 1258 δὲ
197 1188 327 1256 τούτων
339 1190 460 1254 ἕκαστα
470 1187 668 1273 ἐβουλεύετο
679 1185 878 1256 ἀπόστασιν·
896 1185 1079 1254 συνέπιπτε
1088 1181 1155 1271 γάρ

148 1291 203 1356 καὶ
227 1282 288 1353 τὸν
308 1287 503 1372 έσσιγμένον
526 1281 590 1372 τήν
613 1284 765 1374 κεφαλήν
789 1283 930 1373 ἀπῖχθαι
950 1287 987 1354 ἐκ
1005 1285 1154 1354 Σούσων

148 1391 230 1470 παρ’
249 1382 414 1468 Ἱστιαίου,
427 1391 632 1471 σημαίνοντα
642 1383 847 1453 ἀπίστασθαι
856 1381 1075 1471 Ἀρισταγόρη
1086 1378 1152 1448 ἀπὸ

147 1485 307 1569 βασιλέος.
337 1479 355 1550 ὁ
382 1479 447 1570 γάρ
465 1479 615 1563 Ἱστιαῖος
640 1482 846 1570 βουλόμενος
867 1491 914 1573 τῷ
934 1476 1154 1569 Ἀρισταγόρῃ

148 1587 292 1668 σημῆναι
310 1577 494 1667 ἀποστῆναι
517 1579 625 1660 άλλως
639 1579 703 1667 μὲν
722 1578 878 1667 ούδαμοῖς
892 1579 957 1666 εἶχε
975 1577 1154 1667 ἀσφαλέως

57 1738 59 1742 .
148 1687 293 1767 σημῆναι
308 1677 392 1748 ὥστε
412 1677 681 1766 φυλασσομένων
703 1686 772 1748 τῶν
785 1677 892 1765 ὁδῶν,
907 1675 976 1747 ὁδὲ
986 1683 1055 1745 τῶν
1069 1676 1155 1743 δού-

146 1787 216 1846 λων
236 1774 296 1844 τόν
324 1779 523 1847 πιστότατον
547 1776 760 1867 ἀποξυρήσας
784 1777 847 1866 τήν
874 1777 1025 1868 κεφαλήν
1049 1782 1154 1856 ἔστιξε

145 1877 202 1946 καλ
217 1873 371 1962 ἀνέμεινε
388 1873 560 1964 ἀναφῦναι
573 1875 633 1956 τάς
647 1885 767 1966 τρίχας.
791 1876 837 1960 ἀς
850 1883 887 1948 δ
902 1876 1078 1968 ἀνέφυσαν
1090 1875 1151 1944 τά-

146 1999 258 2065 χιστα,
281 1976 453 2068 ἀπέπεμπε
473 1981 507 2059 ἐς
529 1986 686 2067 Μίλητον
708 1980 939 2068 ἐντειλάμενος
958 1976 1049 2067 αύτω
1070 1975 1151 2045 ἀλλο
1192 2064 1201 2069 ἢ

146 2081 208 2164 μέν
230 2076 347 2166 οὐδὲν,
376 2077 478 2148 ἐπεάν
506 2081 542 2147 δὲ
564 2076 722 2167 ἀπίκηται
747 2082 843 2159 ἐςΜ
841 2086 972 2166 ίλητον,
1000 2074 1150 2144 κελεύειν

141 2175 381 2265 Ἀρισταγόρην
403 2179 594 2298 ξυρήσαντά
611 2204 671 2265 μιν
689 2176 749 2257 τάς
769 2186 880 2265 τρίχας
903 2174 1135 2245 κατιδέσθαι’
1118 2197 1152 2250 ες

145 2272 207 2397 τήν
222 2275 388 2364 κεφαλήν·
411 2302 451 2343 τα
440 2273 505 2342 δὲ
521 2282 681 2361 στίγματα
699 2272 918 2363 ἐσήμαινε,“
897 2300 941 2353 ως
961 2276 1017 2340 καὶ
1030 2269 1151 2356 πρότε-

146 2376 208 2461 ρόν
222 2403 278 2462 μοι
294 2386 436 2465 είρητοιι,
453 2374 648 2445 ἀπόστασιν.
671 2385 775 2445 ταῦτα
791 2373 859 2445 δὲ
844 2403 864 2445 ο
876 2373 1026 2451 Ἱστιαῖος
1039 2374 1150 2438 έποίεε

145 2472 325 2562 συμφορήν
338 2474 538 2561 ποιεύμενος
550 2478 701 2563 μεγάλην
715 2474 777 2563 τήν
792 2478 920 2544 ἑωυτοῦ
930 2468 1074 2558 κατοχήν
1087 2467 1150 2556 τήν

145 2576 182 2639 έν
196 2572 377 2641 Σούσοισι·
400 2570 601 2653 ἀποστάσιος
620 2568 669 2642 τόν
683 2578 861 2661 γινομένης
874 2570 1000 2651 πολλάς
1015 2569 1078 2657 εἶχε
1094 2572 1150 2638 έλ-
1217 2644 1221 2651 ,

143 2672 241 2747 πόδας
255 2670 458 2758 μετήσεσθαι
469 2674 522 2739 ἐπὶ
534 2672 728 2758 θάλασσαν,
743 2669 788 2758 μή
801 2670 837 2739 δὲ
847 2670 1012 2757 νεώτερόν
1027 2695 1058 2737 τι
1071 2691 1150 2734 ποι-

144 2770 244 2886 εύσης
255 2776 313 2857 τῆς
324 2772 481 2859 Μιλήτου
497 2770 629 2859 ούδαμά
644 2775 677 2851 ἐς
691 2769 798 2859 αύτῆν
807 2770 901 2859 ήξειν
912 2776 960 2839 ἔτι
974 2772 1147 2854 ἐλογίζετο.

95 2884 128 2939 36
205 2864 371 2947 -Ἱστιαίος
396 2871 457 2991 μέν
484 2896 550 2937 υυν
575 2877 681 2938 ταῦτα
712 2868 950 2956 διανοεύμενος
976 2864 1149 2952 ἀπέπεμπε

142 2962 201 3033 τόν
218 2962 379 3053 ἀγγελον,
397 2964 614 3057 Ἀρισταγόρῃ
626 2972 663 3037 δὲ
674 2971 856 3036 συνέπιπτε
872 2973 933 3035 τοῦ
947 2963 1052 3033 αύτού
1067 2962 1149 3050 χρό-

142 3092 205 3134 νου
219 3065 329 3135 πάυτα
343 3074 447 3135 ταῦτα
462 3067 683 3136 συνελθόντα.
707 3056 949 3155 ἐβουλεύετο
921 3090 970 3132 ων
983 3060 1065 3151 μετὰ
1079 3088 1148 3131 των

141 3164 366 3250 στασιωτέων,
395 3166 542 3253 ἐκφήνας
564 3166 628 3251 τήν
654 3191 690 3233 τε
714 3168 842 3234 ἑωυτοῦ
865 3164 1005 3252 γνόμην
1025 3166 1082 3231 καλ
1106 3159 1147 3229 τά

140 3258 229 3347 παρά
250 3268 311 3329 τοῦ
327 3259 521 3332 Ιστιαίου’
502 3266 677 3351 απιγμέυα,
707 3270 743 3332 ολ
762 3266 824 3352 μὲν
847 3261 888 3351 δή
908 3262 1004 3333 ἀλλοι
1025 3263 1147 3341 πάντες

140 3358 278 3445 γνεόμην
304 3361 387 3429 κατά
416 3360 522 3432 τάντά
548 3367 761 3450 ἐξεφέροντο,
785 3364 980 3442 κελεύοντες
1006 3361 1146 3430 ἀπίστα-

140 3466 237 3545 σθαι,
254 3455 424 3539 Ἑκαταίος
435 3463 471 3531 δὲ
483 3461 500 3531 ὁ
513 3460 691 3549 λογοποιὸς
705 3470 819 3551 πρῶτα
833 3464 896 3548 μὲν
910 3460 974 3529 ούκ
991 3466 1030 3529 ἔα
1043 3458 1143 3529 πέλεν
