2500 3925
328 199 414 255 LIB.
447 199 494 254 vl.
528 195 626 254 CAP.
659 201 847 268 8546st
1057 193 1097 258 97

82 370 111 431 0
122 359 185 448 μὲν
195 354 314 446 δήύπδ
322 356 479 443 Μιλήτου
490 353 584 444 ήκων
595 359 701 436 ξεῖνος
712 363 857 426 τοσαῦτα
869 361 969 445 ἔλεξε,
980 362 1093 426 Γλαῦ-
1106 380 1123 431 2

78 484 140 537 κος
155 457 191 526 δέ
213 458 343 536 ἐδέξατο
364 452 427 544 τήν
448 453 653 542 παραθήκην
674 455 727 522 ε’πδ
747 461 793 546 τῷ
811 460 974 543 εἰρημένῳ
995 455 1093 548 λόγῳ.

76 561 206 648 χρόνον
218 557 255 626 δέ
262 549 396 628 πολλού
402 555 599 635 διελθόντος
608 548 721 644 ἦλθον
728 559 761 635 ἐς
771 553 833 644 τήν
840 558 1004 646 Σπάρτην
1014 556 1096 626 τού-

76 686 142 729 του
156 665 218 727 τοῦ
232 657 473 744 παραθεμένου
484 651 524 722 τό
535 654 687 743 χρήματα
700 659 734 724 ολ
745 660 871 743 παῖδες,
886 656 1045 734 ἐλθόντες
1059 656 1095 724 δδ

77 760 113 836 ές
128 756 252 842 λόγους
262 762 309 846 τῷ
315 755 459 846 Γλαύκῳ
474 755 530 821 καὶ
541 750 803 835 ἀποδεικνύντες
812 753 853 824 τό
865 757 1018 845 σύμβολα
1030 751 1096 823 ἅπ-

77 862 194 926 αίτεον
215 851 256 923 τὰ
282 855 443 944 χρήματα.
477 852 495 922 ό
520 855 557 922 δὲ
580 856 740 924 διωθέετο
764 853 1096 944 ἀντυποκρινόμενος

76 955 211 1027 τοιύδε·
241 954 330 1023 θύτε
350 957 520 1042 μέμνημαι
535 951 572 1020 τό
594 960 748 1041 πρῆγμα,
769 952 847 1024 οὔτε
867 981 908 1042 με
922 955 1095 1043 περιφέρει

77 1049 182 1122 οὐδέν
194 1056 317 1122 είδέναι
326 1052 457 1121 τούτων
468 1059 536 1120 τῶν
548 1047 643 1140 ὑμεῖς
653 1055 776 1140 λέγετε,
787 1051 956 1141 βούλομαί
963 1081 998 1122 τε
1011 1051 1096 1122 ἄνα-

76 1153 242 1238 μνησθελς
254 1154 382 1220 ποιέειν
395 1158 465 1219 πᾶν
477 1148 513 1219 τό
527 1155 676 1222 δίκαιον·
699 1151 830 1241 καὶγὰρ
846 1160 876 1223 εί
886 1160 1018 1244 ἔλαβον,
1035 1152 1095 1242 ὀρ-

76 1258 151 1332 θῶς
165 1247 365 1336 ἀποδοῦναι,
379 1253 436 1320 καί
448 1259 527 1338 εδχε
538 1247 646 1339 ἀρχήν
656 1249 701 1339 μή
714 1257 848 1340 ἔλαβον,
863 1252 998 1340 νόμοισι
1010 1267 1095 1321 τοῖσι

70 1346 244 1436 Ἐλλήνων
256 1348 422 1436 χρήσομαι
439 1351 473 1432 ές
487 1345 600 1437 ύμέας.
624 1357 730 1420 ταῦτα
745 1343 794 1418 όν
806 1350 888 1439 ὑμῖν
903 1350 1094 1440 ἀναβάλλο-

76 1474 140 1535 μαι
160 1447 329 1534 κυρώσειν
344 1451 378 1530 ές
397 1451 556 1534 τέταρτον
575 1456 667 1537 μῆνα
683 1447 748 1518 ύπό
766 1455 875 1520 τοῦδε.
917 1457 960 1522 Oi
974 1454 1036 1540 μὲν
1052 1450 1123 1540 δή3

77 1545 244 1633 Μιλήσιοι
264 1542 446 1633 συμφορήν
465 1547 663 1639 ποιεύμενοι
684 1545 937 1620 ἀπαλλάσσοντο
963 1547 1007 1630 ὡς
1027 1548 1095 1619 ἀπ-

79 1646 293 1730 εστερημένοι
315 1651 384 1712 τόν
405 1646 603 1735 χρημάτων,
625 1654 779 1728 Γλαῦκος
806 1650 842 1718 δὲ
865 1652 1041 1738 ἐπορεύετο
1061 1653 1094 1728 ές

78 1740 239 1829 Δελφούς
249 1745 456 1833 χρησόμενος
467 1753 513 1838 τῷ
523 1752 722 1840 χρηστηρίῳ.
734 1745 972 1834 έπειρωτέοντα
982 1750 1018 1818 δὲ
1030 1745 1094 1816 αύ·

78 1843 140 1913 τόν
154 1843 191 1921 τό
203 1846 417 1935 χρηστήριον,
435 1853 465 1916 εί
479 1846 569 1940 ὅρκῳ
584 1846 625 1916 τὰ
640 1849 792 1936 χρήματα
806 1855 969 1937 ληίσηται,
985 1845 1094 1937 ήΠυ·

79 1953 142 2036 θίη
156 1951 344 2036 μετέρχεται
361 1953 486 2018 τοιοίδε
500 1964 587 2019 τοῖσι
601 1955 712 2021 ἔπεσι·

122 2042 250 2116 Γλαῦκ’
263 2044 491 2137 Ἐπικυδείδη,
506 2045 543 2117 τό
562 2048 625 2137 μέν
642 2048 762 2121 αὐτίκα
778 2052 915 2139 κέρδιον
932 2048 1050 2135 οὕτως,

124 2144 235 2238 Ὅρκμ
250 2154 385 2233 νικήσαι
401 2148 457 2216 καλ
469 2147 621 2236 χρήματα
636 2156 848 2237 ληίσσασθαι.

124 2243 264 2333 ”ομνυ’,
281 2247 351 2315 έπεδ
364 2247 517 2326 θάνατός
530 2274 569 2334 γε
585 2251 641 2317 καὶ
656 2247 802 2338 ,εύορκον
816 2250 909 2336 μένει
925 2243 1041 2335 ἄνδρα.

120 2343 207 2413 Ἀλλ’
218 2343 343 2431 Ὅρκον
358 2346 437 2424 πύίς
452 2347 542 2415 ἐστὶν
557 2343 755 2434 όνύνυμος,
772 2343 847 2415 οὐδ’
865 2352 919 2415 έπι
933 2358 1049 2433 χεῖρες,

124 2443 214 2513 Οὐδὲ
228 2443 345 2522 πόδες·
362 2443 525 2530 κραιπνὸς
542 2446 579 2515 δὲ
593 2450 799 2534 μετέρχεται,
816 2446 925 2515 είσόκε
937 2452 1048 2513 πᾶσαν

92 2584 95 2597 ,
123 2540 336 2628 Σνμμύρύας
354 2538 461 2611 ὀλέσει
474 2540 598 2629 γενεήν
612 2546 669 2612 καὶ
684 2542 779 2611 οἷκον
795 2541 936 2611 ἅπαντα.

120 2636 257 2725 Ἀνδρδς
274 2636 305 2706 δ’
324 2637 469 2727 εύόρκου
484 2638 583 2727 γενεή
599 2641 805 2727 μετόπισθεν
823 2636 979 2727 ἀμείνων.

82 2748 185 2813 ταῦτα
200 2738 348 2821 ἀκούσας
362 2738 380 2809 ὁ
397 2748 551 2820 Γλαῦκος
565 2740 771 2829 συγγνώμην
787 2736 849 2809 τόν
862 2736 949 2810 θεόν
968 2766 1094 2831 παραι-

81 2835 268 2932 τέετοαύτῷ
277 2848 457 2928 ίσχειντῶν
468 2844 654 2930 ῥηθέντων.
677 2837 697 2927 ή
715 2843 750 2909 δὲ
761 2847 879 2927 Πυθίη
891 2845 955 2928 ἔφη
967 2838 1003 2909 τό
1018 2867 1092 2911 πει-

82 2949 229 3031 ρηθῆναι
244 2949 305 3010 τοῦ
313 2950 402 3012 θεοῦ
416 2944 472 3011 καὶ
485 2938 523 3010 τό
538 2947 676 3028 ποιῆσαι
687 2949 762 3008 λσον
774 2939 955 3008 δύνασθαι.
976 2945 1090 3009 Γλαῦ-
1104 2960 1118 3010 4

83 3069 139 3121 κος
149 3041 212 3129 μὲν
224 3038 264 3128 δή
273 3041 572 3131 μεταπεμψάμενος
582 3038 662 3121 τούς
668 3048 857 3128 Μιλησίους
868 3043 997 3120 ξείνους
1008 3038 1093 3108 ἀπο-

83 3144 171 3210 διδοῖ
185 3158 245 3226 σφι
262 3137 302 3207 τὰ
323 3141 485 3229 χρήματα.
514 3146 576 3208 τού
593 3143 630 3209 δὲ
652 3142 780 3207 εἵνεκεν
801 3136 818 3205 ὁ
845 3135 946 3222 λόγος
968 3133 1042 3223 ὅδε,
1063 3130 1092 3207 τό

79 3238 260 3326 Ἀθηναῖοι,
278 3235 420 3327 ὡρμήθη
433 3243 593 3327 λέγεσθαι
604 3242 638 3318 ές
648 3236 762 3327 ὑμέας,
775 3236 956 3325 εἰρήσεται·
978 3239 1092 3307 Γλαύ-

83 3364 144 3408 κον
158 3343 225 3405 νύν
238 3334 315 3405 οὕτε
328 3364 359 3405 τι
371 3336 548 3426 ἀπόγονον
561 3340 630 3408 ίστι
645 3334 746 3407 οὐδὲν
761 3330 833 3404 οὔτ’
849 3338 936 3421 ίστίη
951 3331 1091 3422 οὐδεμία

83 3434 279 3523 νομιζομένη
295 3433 380 3506 εἶναι
393 3436 570 3525 Γλαύκου,
592 3440 800 3524 ἐκτέτριπταί
811 3458 846 3501 τε
859 3433 1038 3522 πρόρριζος
1052 3438 1089 3505 εἰι

166 3546 267 3586 naon.
286 3532 318 3587 ΙΙ.
935 3529 951 3591 7
