<?xml version="1.0" encoding="UTF-8"?>
<!DOCTYPE html PUBLIC "-//W3C//DTD XHTML 1.0 Transitional//EN"
    "http://www.w3.org/TR/xhtml1/DTD/xhtml1-transitional.dtd">
<html xmlns="http://www.w3.org/1999/xhtml" xml:lang="en" lang="en">
 <head>
  <title>
</title>
<meta http-equiv="Content-Type" content="text/html;charset=utf-8" />
  <meta name='ocr-system' content='tesseract 3.04.00' />
  <meta name='ocr-capabilities' content='ocr_page ocr_carea ocr_par ocr_line ocrx_word'/>
</head>
<body>
  <div class='ocr_page' id='page_1' title='image "./herodotihistori00dietgoog_0319.png"; bbox 0 0 2500 3925; ppageno 0'>
   <div class='ocr_carea' id='block_1_1' title="bbox 378 264 1069 401">
    <p class='ocr_par' dir='ltr' id='par_1_1' title="bbox 378 264 1069 401">
     <span class='ocr_line' id='line_1_1' title="bbox 378 264 1069 337; baseline 0.023 -17"><span class='ocrx_word' id='word_1_1' title='bbox 378 266 464 323; x_wconf 80' lang='grc' dir='ltr'><strong><em>ιιο.</em></strong></span> <span class='ocrx_word' id='word_1_2' title='bbox 497 266 543 321; x_wconf 71' lang='grc' dir='ltr'><strong><em>ιν.</em></strong></span> <span class='ocrx_word' id='word_1_3' title='bbox 578 264 676 323; x_wconf 79' lang='grc' dir='ltr'><strong><em>οΑΡ.</em></strong></span> <span class='ocrx_word' id='word_1_4' title='bbox 707 272 847 327; x_wconf 76' lang='grc' dir='ltr'><strong><em>εο-εε</em></strong></span> <span class='ocrx_word' id='word_1_5' title='bbox 1003 268 1069 337; x_wconf 69' lang='lat'><strong><em>317</em></strong></span> 
     </span>
     <span class='ocr_line' id='line_1_2' title="bbox 931 372 942 401; baseline 0.091 -1"><span class='ocrx_word' id='word_1_6' title='bbox 931 372 942 401; x_wconf 57' lang='grc' dir='ltr'><strong><em>ι</em></strong></span> 
     </span>
    </p>
   </div>
   <div class='ocr_carea' id='block_1_2' title="bbox 61 417 1112 3591">
    <p class='ocr_par' dir='ltr' id='par_1_2' title="bbox 61 417 1112 3591">
     <span class='ocr_line' id='line_1_3' title="bbox 85 417 1060 512; baseline 0 -18"><span class='ocrx_word' id='word_1_7' title='bbox 85 423 155 511; x_wconf 78' lang='grc' dir='ltr'><strong><em>αὕτη</em></strong></span> <span class='ocrx_word' id='word_1_8' title='bbox 169 420 273 509; x_wconf 83' lang='grc' dir='ltr'><strong><em>ὀρθῶς</em></strong></span> <span class='ocrx_word' id='word_1_9' title='bbox 289 420 396 512; x_wconf 90' lang='grc' dir='ltr'><strong><em>μήτηρ</em></strong></span> <span class='ocrx_word' id='word_1_10' title='bbox 406 418 573 500; x_wconf 65' lang='grc' dir='ltr'><strong><em>Ὑπάνιος.</em></strong></span> <span class='ocrx_word' id='word_1_11' title='bbox 601 424 639 491; x_wconf 75' lang='grc' dir='ltr'><strong><em>ἐκ</em></strong></span> <span class='ocrx_word' id='word_1_12' title='bbox 657 423 781 511; x_wconf 79' lang='grc' dir='ltr'><strong><em>ταύτης</em></strong></span> <span class='ocrx_word' id='word_1_13' title='bbox 802 417 851 494; x_wconf 83' lang='grc' dir='ltr'><strong><em>ῶν</em></strong></span> <span class='ocrx_word' id='word_1_14' title='bbox 867 424 1060 499; x_wconf 70' lang='grc' dir='ltr'><strong><em>ἀνατέλλων</em></strong></span> 
     </span>
     <span class='ocr_line' id='line_1_4' title="bbox 86 521 1061 614; baseline 0.003 -19"><span class='ocrx_word' id='word_1_15' title='bbox 86 525 227 606; x_wconf 61' lang='lat' dir='ltr'><strong><em>mm</em></strong></span> <span class='ocrx_word' id='word_1_16' title='bbox 245 521 392 612; x_wconf 79' lang='grc' dir='ltr'><strong><em>ποταμὸς</em></strong></span> <span class='ocrx_word' id='word_1_17' title='bbox 413 526 480 612; x_wconf 96' lang='grc' dir='ltr'><strong><em>ῥέει</em></strong></span> <span class='ocrx_word' id='word_1_18' title='bbox 502 524 555 591; x_wconf 79' lang='grc' dir='ltr'><strong><em>ἐπὶ</em></strong></span> <span class='ocrx_word' id='word_1_19' title='bbox 575 523 639 610; x_wconf 76' lang='grc' dir='ltr'><strong><em>μὲν</em></strong></span> <span class='ocrx_word' id='word_1_20' title='bbox 663 526 764 593; x_wconf 90' lang='grc' dir='ltr'><strong><em>πέντε</em></strong></span> <span class='ocrx_word' id='word_1_21' title='bbox 781 524 934 614; x_wconf 77' lang='grc' dir='ltr'><em>ἡμερέων</em></span> <span class='ocrx_word' id='word_1_22' title='bbox 954 527 1061 597; x_wconf 83' lang='grc' dir='ltr'><strong><em>πλέον</em></strong></span> 
     </span>
     <span class='ocr_line' id='line_1_5' title="bbox 87 619 1062 717; baseline 0.002 -24"><span class='ocrx_word' id='word_1_23' title='bbox 87 624 188 717; x_wconf 79' lang='grc' dir='ltr'><strong><em>βραχάς</em></strong></span> <span class='ocrx_word' id='word_1_24' title='bbox 210 627 264 694; x_wconf 83' lang='grc' dir='ltr'><strong><em>καὶ</em></strong></span> <span class='ocrx_word' id='word_1_25' title='bbox 287 621 414 710; x_wconf 79' lang='grc' dir='ltr'><strong><em>γλυκὺς</em></strong></span> <span class='ocrx_word' id='word_1_26' title='bbox 435 628 500 710; x_wconf 80' lang='grc' dir='ltr'><strong><em>ἔτι,</em></strong></span> <span class='ocrx_word' id='word_1_27' title='bbox 529 619 595 690; x_wconf 81' lang='grc' dir='ltr'><strong><em>ἀπὸ</em></strong></span> <span class='ocrx_word' id='word_1_28' title='bbox 617 621 655 691; x_wconf 75' lang='grc' dir='ltr'><strong><em>δέ</em></strong></span> <span class='ocrx_word' id='word_1_29' title='bbox 678 622 802 693; x_wconf 82' lang='grc' dir='ltr'><strong><em>τούτου</em></strong></span> <span class='ocrx_word' id='word_1_30' title='bbox 825 622 911 713; x_wconf 82' lang='grc' dir='ltr'><strong><em>πρὸς</em></strong></span> <span class='ocrx_word' id='word_1_31' title='bbox 929 626 1062 695; x_wconf 84' lang='grc' dir='ltr'><strong><em>θαλάσ-</em></strong></span> 
     </span>
     <span class='ocr_line' id='line_1_6' title="bbox 86 718 1066 815; baseline -0.002 -20"><span class='ocrx_word' id='word_1_32' title='bbox 86 748 132 815; x_wconf 87' lang='grc' dir='ltr'><strong><em>σης</em></strong></span> <span class='ocrx_word' id='word_1_33' title='bbox 149 730 308 813; x_wconf 79' lang='grc' dir='ltr'><strong><em>τεσσέρων</em></strong></span> <span class='ocrx_word' id='word_1_34' title='bbox 333 721 485 812; x_wconf 79' lang='grc' dir='ltr'><strong><em>ἡμερέων</em></strong></span> <span class='ocrx_word' id='word_1_35' title='bbox 512 720 620 790; x_wconf 83' lang='grc' dir='ltr'><strong><em>πλέον</em></strong></span> <span class='ocrx_word' id='word_1_36' title='bbox 646 718 766 809; x_wconf 82' lang='grc' dir='ltr'><strong><em>πικρὸς</em></strong></span> <span class='ocrx_word' id='word_1_37' title='bbox 786 728 896 803; x_wconf 87' lang='grc' dir='ltr'><strong><em>αίνῶς.</em></strong></span> <span class='ocrx_word' id='word_1_38' title='bbox 937 725 1066 793; x_wconf 81' lang='grc' dir='ltr'><strong><em>έκδιδολ</em></strong></span> 
     </span>
     <span class='ocr_line' id='line_1_7' title="bbox 83 819 1062 915; baseline -0.002 -20"><span class='ocrx_word' id='word_1_39' title='bbox 83 826 134 915; x_wconf 78' lang='grc' dir='ltr'><strong><em>γάρ</em></strong></span> <span class='ocrx_word' id='word_1_40' title='bbox 151 830 180 905; x_wconf 89' lang='grc' dir='ltr'><strong><em>ές</em></strong></span> <span class='ocrx_word' id='word_1_41' title='bbox 198 821 302 895; x_wconf 88' lang='grc' dir='ltr'><strong><em>αάτδν</em></strong></span> <span class='ocrx_word' id='word_1_42' title='bbox 322 823 429 911; x_wconf 82' lang='grc' dir='ltr'><strong><em>κρήνη</em></strong></span> <span class='ocrx_word' id='word_1_43' title='bbox 449 819 569 910; x_wconf 81' lang='grc' dir='ltr'><strong><em>πικρὴ,</em></strong></span> <span class='ocrx_word' id='word_1_44' title='bbox 601 819 690 890; x_wconf 77' lang='grc' dir='ltr'><strong><em>οὕτω</em></strong></span> <span class='ocrx_word' id='word_1_45' title='bbox 711 822 753 908; x_wconf 92' lang='grc' dir='ltr'><strong><em>δή</em></strong></span> <span class='ocrx_word' id='word_1_46' title='bbox 773 848 805 890; x_wconf 89' lang='grc' dir='ltr'><strong><em>τι</em></strong></span> <span class='ocrx_word' id='word_1_47' title='bbox 826 825 928 891; x_wconf 86' lang='grc' dir='ltr'><strong><em>έοῦσα</em></strong></span> <span class='ocrx_word' id='word_1_48' title='bbox 947 824 1062 913; x_wconf 88' lang='grc' dir='ltr'><strong><em>πικρή,</em></strong></span> 
     </span>
     <span class='ocr_line' id='line_1_8' title="bbox 83 916 1063 1012; baseline -0.004 -19"><span class='ocrx_word' id='word_1_49' title='bbox 83 923 99 1011; x_wconf 87' lang='grc' dir='ltr'><strong><em>ή</em></strong></span> <span class='ocrx_word' id='word_1_50' title='bbox 107 925 233 1012; x_wconf 75' lang='grc' dir='ltr'><strong><em>μεγάθει</em></strong></span> <span class='ocrx_word' id='word_1_51' title='bbox 246 917 369 1009; x_wconf 89' lang='grc' dir='ltr'><strong><em>σμικρή</em></strong></span> <span class='ocrx_word' id='word_1_52' title='bbox 386 922 488 989; x_wconf 84' lang='grc' dir='ltr'><strong><em>ἐοῦσα</em></strong></span> <span class='ocrx_word' id='word_1_53' title='bbox 503 925 604 1008; x_wconf 77' lang='grc' dir='ltr'><strong><em>κιρνᾷ</em></strong></span> <span class='ocrx_word' id='word_1_54' title='bbox 617 916 829 989; x_wconf 69' lang='grc' dir='ltr'><strong><em>τδνἽπανιν</em></strong></span> <span class='ocrx_word' id='word_1_55' title='bbox 845 920 945 989; x_wconf 86' lang='grc' dir='ltr'><strong><em>έόντα</em></strong></span> <span class='ocrx_word' id='word_1_56' title='bbox 957 946 1063 990; x_wconf 87' lang='grc' dir='ltr'><strong><em>ποτα-</em></strong></span> 
     </span>
     <span class='ocr_line' id='line_1_9' title="bbox 84 1016 1063 1109; baseline 0 -18"><span class='ocrx_word' id='word_1_57' title='bbox 84 1022 135 1109; x_wconf 85' lang='grc' dir='ltr'><strong><em>μόν</em></strong></span> <span class='ocrx_word' id='word_1_58' title='bbox 156 1026 190 1091; x_wconf 89' lang='grc' dir='ltr'><strong><em>έν</em></strong></span> <span class='ocrx_word' id='word_1_59' title='bbox 214 1018 357 1107; x_wconf 77' lang='grc' dir='ltr'><strong><em>ὀλίγοισι</em></strong></span> <span class='ocrx_word' id='word_1_60' title='bbox 385 1021 500 1106; x_wconf 88' lang='grc' dir='ltr'><strong><em>μέγαν.</em></strong></span> <span class='ocrx_word' id='word_1_61' title='bbox 552 1024 622 1087; x_wconf 84' lang='grc' dir='ltr'><strong><em>έστι</em></strong></span> <span class='ocrx_word' id='word_1_62' title='bbox 651 1018 696 1096; x_wconf 74' lang='grc' dir='ltr'><strong><em>,δέ</em></strong></span> <span class='ocrx_word' id='word_1_63' title='bbox 723 1016 745 1105; x_wconf 78' lang='grc' dir='ltr'><strong><em>ἡ</em></strong></span> <span class='ocrx_word' id='word_1_64' title='bbox 771 1020 879 1109; x_wconf 80' lang='grc' dir='ltr'><strong><em>κρήνη</em></strong></span> <span class='ocrx_word' id='word_1_65' title='bbox 913 1019 999 1109; x_wconf 78' lang='grc' dir='ltr'><strong><em>αὕτη</em></strong></span> <span class='ocrx_word' id='word_1_66' title='bbox 1024 1024 1063 1091; x_wconf 93' lang='grc' dir='ltr'><strong><em>έν</em></strong></span> 
     </span>
     <span class='ocr_line' id='line_1_10' title="bbox 81 1114 1063 1209; baseline -0.001 -20"><span class='ocrx_word' id='word_1_67' title='bbox 81 1119 189 1209; x_wconf 78' lang='grc' dir='ltr'><strong><em>οὔροισι</em></strong></span> <span class='ocrx_word' id='word_1_68' title='bbox 203 1118 315 1208; x_wconf 82' lang='grc' dir='ltr'><strong><em>χάρης</em></strong></span> <span class='ocrx_word' id='word_1_69' title='bbox 333 1124 392 1205; x_wconf 82' lang='grc' dir='ltr'><strong><em>τῆς</em></strong></span> <span class='ocrx_word' id='word_1_70' title='bbox 411 1142 448 1186; x_wconf 89' lang='grc' dir='ltr'><strong><em>τε</em></strong></span> <span class='ocrx_word' id='word_1_71' title='bbox 470 1114 648 1204; x_wconf 77' lang='grc' dir='ltr'><strong><em>ἀροτήρων</em></strong></span> <span class='ocrx_word' id='word_1_72' title='bbox 661 1121 831 1187; x_wconf 78' lang='grc' dir='ltr'><strong><em>Σκνθέων</em></strong></span> <span class='ocrx_word' id='word_1_73' title='bbox 852 1122 908 1189; x_wconf 78' lang='grc' dir='ltr'><strong><em>καὶ</em></strong></span> <span class='ocrx_word' id='word_1_74' title='bbox 921 1116 1063 1201; x_wconf 75' lang='grc' dir='ltr'><strong><em>Ἀλαζῶ-</em></strong></span> 
     </span>
     <span class='ocr_line' id='line_1_11' title="bbox 79 1213 1063 1311; baseline 0.003 -26"><span class='ocrx_word' id='word_1_75' title='bbox 79 1244 147 1286; x_wconf 87' lang='grc' dir='ltr'><strong><em>νων·</em></strong></span> <span class='ocrx_word' id='word_1_76' title='bbox 161 1216 292 1305; x_wconf 83' lang='grc' dir='ltr'><strong><em>οάνομα</em></strong></span> <span class='ocrx_word' id='word_1_77' title='bbox 307 1218 343 1285; x_wconf 76' lang='grc' dir='ltr'><strong><em>δέ</em></strong></span> <span class='ocrx_word' id='word_1_78' title='bbox 361 1222 402 1305; x_wconf 83' lang='grc' dir='ltr'><strong><em>τῇ</em></strong></span> <span class='ocrx_word' id='word_1_79' title='bbox 417 1216 527 1304; x_wconf 87' lang='grc' dir='ltr'><strong><em>κρήνη</em></strong></span> <span class='ocrx_word' id='word_1_80' title='bbox 537 1216 593 1284; x_wconf 80' lang='grc' dir='ltr'><strong><em>καὶ</em></strong></span> <span class='ocrx_word' id='word_1_81' title='bbox 607 1213 694 1285; x_wconf 83' lang='grc' dir='ltr'><strong><em>ὅθεν</em></strong></span> <span class='ocrx_word' id='word_1_82' title='bbox 708 1217 777 1304; x_wconf 85' lang='grc' dir='ltr'><strong><em>ῥέει</em></strong></span> <span class='ocrx_word' id='word_1_83' title='bbox 793 1222 840 1309; x_wconf 75' lang='grc' dir='ltr'><strong><em>τῷ</em></strong></span> <span class='ocrx_word' id='word_1_84' title='bbox 854 1217 952 1311; x_wconf 80' lang='grc' dir='ltr'><strong><em>χῶρμ</em></strong></span> <span class='ocrx_word' id='word_1_85' title='bbox 966 1227 1063 1287; x_wconf 77' lang='grc' dir='ltr'><strong><em>Σκυ-</em></strong></span> 
     </span>
     <span class='ocr_line' id='line_1_12' title="bbox 77 1311 1102 1410; baseline -0.001 -22"><span class='ocrx_word' id='word_1_86' title='bbox 77 1321 150 1389; x_wconf 76' lang='grc' dir='ltr'><strong><em>θιστὶ</em></strong></span> <span class='ocrx_word' id='word_1_87' title='bbox 171 1318 232 1407; x_wconf 73' lang='grc' dir='ltr'><strong><em>μέν</em></strong></span> <span class='ocrx_word' id='word_1_88' title='bbox 243 1317 455 1404; x_wconf 77' lang='grc' dir='ltr'><strong><em>Ἐξαμπαῖος,</em></strong></span> <span class='ocrx_word' id='word_1_89' title='bbox 468 1311 564 1383; x_wconf 79' lang='grc' dir='ltr'><strong><em>’κατά</em></strong></span> <span class='ocrx_word' id='word_1_90' title='bbox 584 1313 619 1383; x_wconf 77' lang='grc' dir='ltr'><strong><em>δὲ</em></strong></span> <span class='ocrx_word' id='word_1_91' title='bbox 640 1312 702 1402; x_wconf 85' lang='grc' dir='ltr'><strong><em>τήν</em></strong></span> <span class='ocrx_word' id='word_1_92' title='bbox 710 1313 884 1403; x_wconf 79' lang='grc' dir='ltr'><strong><em>Ἑλλήνων</em></strong></span> <span class='ocrx_word' id='word_1_93' title='bbox 904 1325 1062 1406; x_wconf 89' lang='grc' dir='ltr'><strong><em>γλῶσσαν</em></strong></span> <span class='ocrx_word' id='word_1_94' title='bbox 1097 1402 1102 1410; x_wconf 20' lang='lat' dir='ltr'><em>q</em></span> 
     </span>
     <span class='ocr_line' id='line_1_13' title="bbox 74 1410 1063 1506; baseline -0.002 -20"><span class='ocrx_word' id='word_1_95' title='bbox 74 1417 137 1506; x_wconf 76' lang='grc' dir='ltr'><strong><em>Ἱραὶ</em></strong></span> <span class='ocrx_word' id='word_1_96' title='bbox 160 1418 240 1489; x_wconf 85' lang='grc' dir='ltr'><strong><em>δδοί.</em></strong></span> <span class='ocrx_word' id='word_1_97' title='bbox 301 1416 490 1503; x_wconf 76' lang='grc' dir='ltr'><strong><em>συνάγουσι</em></strong></span> <span class='ocrx_word' id='word_1_98' title='bbox 524 1412 562 1482; x_wconf 76' lang='grc' dir='ltr'><strong><em>δέ</em></strong></span> <span class='ocrx_word' id='word_1_99' title='bbox 589 1410 630 1481; x_wconf 86' lang='grc' dir='ltr'><strong><em>τά</em></strong></span> <span class='ocrx_word' id='word_1_100' title='bbox 661 1417 805 1500; x_wconf 86' lang='grc' dir='ltr'><strong><em>τέρματα</em></strong></span> <span class='ocrx_word' id='word_1_101' title='bbox 838 1413 859 1483; x_wconf 82' lang='grc' dir='ltr'>ὅ</span> <span class='ocrx_word' id='word_1_102' title='bbox 882 1442 918 1484; x_wconf 90' lang='grc' dir='ltr'><strong><em>τε</em></strong></span> <span class='ocrx_word' id='word_1_103' title='bbox 951 1416 1063 1505; x_wconf 65' lang='grc' dir='ltr'><strong><em>Φάρης</em></strong></span> 
     </span>
     <span class='ocr_line' id='line_1_14' title="bbox 76 1507 1064 1595; baseline -0.005 -9"><span class='ocrx_word' id='word_1_104' title='bbox 76 1520 118 1585; x_wconf 78' lang='grc' dir='ltr'><strong><em>καὶ</em></strong></span> <span class='ocrx_word' id='word_1_105' title='bbox 131 1514 298 1595; x_wconf 66' lang='grc' dir='ltr'><strong><em>ὁὝπανις</em></strong></span> <span class='ocrx_word' id='word_1_106' title='bbox 318 1511 402 1583; x_wconf 82' lang='grc' dir='ltr'><strong><em>κατὰ</em></strong></span> <span class='ocrx_word' id='word_1_107' title='bbox 416 1511 616 1595; x_wconf 75' lang='grc' dir='ltr'><strong><em>Ἀλάζωνας·</em></strong></span> <span class='ocrx_word' id='word_1_108' title='bbox 637 1508 676 1580; x_wconf 85' lang='grc' dir='ltr'><strong><em>τὸ</em></strong></span> <span class='ocrx_word' id='word_1_109' title='bbox 694 1511 731 1580; x_wconf 73' lang='grc' dir='ltr'><strong><em>δέ</em></strong></span> <span class='ocrx_word' id='word_1_110' title='bbox 751 1507 817 1581; x_wconf 81' lang='grc' dir='ltr'><strong><em>ἀπὸ</em></strong></span> <span class='ocrx_word' id='word_1_111' title='bbox 838 1512 963 1581; x_wconf 84' lang='grc' dir='ltr'><strong><em>τούτου</em></strong></span> <span class='ocrx_word' id='word_1_112' title='bbox 976 1509 1064 1582; x_wconf 90' lang='grc' dir='ltr'><strong><em>ἀπο-</em></strong></span> 
     </span>
     <span class='ocr_line' id='line_1_15' title="bbox 75 1608 1112 1702; baseline -0.003 -20"><span class='ocrx_word' id='word_1_113' title='bbox 75 1620 196 1701; x_wconf 79' lang='grc' dir='ltr'><strong><em>στρέψας</em></strong></span> <span class='ocrx_word' id='word_1_114' title='bbox 209 1616 367 1702; x_wconf 84' lang='grc' dir='ltr'><strong><em>ἑκάτερος</em></strong></span> <span class='ocrx_word' id='word_1_115' title='bbox 387 1613 455 1702; x_wconf 86' lang='grc' dir='ltr'><strong><em>ῥέει</em></strong></span> <span class='ocrx_word' id='word_1_116' title='bbox 473 1609 630 1700; x_wconf 78' lang='grc' dir='ltr'><strong><em>εὐρύνων</em></strong></span> <span class='ocrx_word' id='word_1_117' title='bbox 640 1608 678 1679; x_wconf 86' lang='grc' dir='ltr'>τὸ</span> <span class='ocrx_word' id='word_1_118' title='bbox 693 1614 807 1698; x_wconf 90' lang='grc' dir='ltr'><strong><em>μέσον.</em></strong></span> <span class='ocrx_word' id='word_1_119' title='bbox 853 1615 1015 1700; x_wconf 72' lang='grc' dir='ltr'><strong><em>Τέταρτος</em></strong></span> <span class='ocrx_word' id='word_1_120' title='bbox 1029 1612 1065 1681; x_wconf 74' lang='grc' dir='ltr'><strong><em>δέ</em></strong></span> <span class='ocrx_word' id='word_1_121' title='bbox 1077 1624 1112 1679; x_wconf 73' lang='grc' dir='ltr'><strong><em>οδ</em></strong></span> 
     </span>
     <span class='ocr_line' id='line_1_16' title="bbox 74 1709 1066 1801; baseline -0.003 -20"><span class='ocrx_word' id='word_1_122' title='bbox 74 1716 274 1801; x_wconf 80' lang='grc' dir='ltr'><strong><em>Βορυσθένης</em></strong></span> <span class='ocrx_word' id='word_1_123' title='bbox 290 1709 453 1800; x_wconf 83' lang='grc' dir='ltr'><strong><em>ποταμὸς,</em></strong></span> <span class='ocrx_word' id='word_1_124' title='bbox 472 1709 510 1791; x_wconf 86' lang='grc' dir='ltr'><strong><em>ὅς</em></strong></span> <span class='ocrx_word' id='word_1_125' title='bbox 531 1713 599 1779; x_wconf 81' lang='grc' dir='ltr'><strong><em>ἐστι</em></strong></span> <span class='ocrx_word' id='word_1_126' title='bbox 615 1710 771 1798; x_wconf 85' lang='grc' dir='ltr'><strong><em>μέγιστός</em></strong></span> <span class='ocrx_word' id='word_1_127' title='bbox 790 1737 826 1780; x_wconf 90' lang='grc' dir='ltr'><strong><em>τε</em></strong></span> <span class='ocrx_word' id='word_1_128' title='bbox 842 1710 1066 1799; x_wconf 84' lang='grc' dir='ltr'><strong><em>μετάἼστρον</em></strong></span> 
     </span>
     <span class='ocr_line' id='line_1_17' title="bbox 74 1808 1064 1902; baseline -0.004 -19"><span class='ocrx_word' id='word_1_129' title='bbox 74 1816 181 1885; x_wconf 79' lang='grc' dir='ltr'><strong><em>τούτων</em></strong></span> <span class='ocrx_word' id='word_1_130' title='bbox 199 1819 257 1884; x_wconf 77' lang='grc' dir='ltr'><strong><em>καὶ</em></strong></span> <span class='ocrx_word' id='word_1_131' title='bbox 271 1816 559 1902; x_wconf 73' lang='grc' dir='ltr'><strong><em>πολυαρκέστατος</em></strong></span> <span class='ocrx_word' id='word_1_132' title='bbox 580 1809 664 1880; x_wconf 85' lang='grc' dir='ltr'><strong><em>κατά</em></strong></span> <span class='ocrx_word' id='word_1_133' title='bbox 680 1811 817 1899; x_wconf 85' lang='grc' dir='ltr'><strong><em>γνῶμας</em></strong></span> <span class='ocrx_word' id='word_1_134' title='bbox 832 1810 892 1891; x_wconf 83' lang='grc' dir='ltr'><strong><em>τὰς</em></strong></span> <span class='ocrx_word' id='word_1_135' title='bbox 904 1808 1064 1900; x_wconf 80' lang='grc' dir='ltr'><strong><em>ἡμετέρας</em></strong></span> 
     </span>
     <span class='ocr_line' id='line_1_18' title="bbox 73 1907 1063 2003; baseline -0.005 -20"><span class='ocrx_word' id='word_1_136' title='bbox 73 1914 130 1984; x_wconf 85' lang='grc' dir='ltr'><strong><em>οάτι</em></strong></span> <span class='ocrx_word' id='word_1_137' title='bbox 149 1922 281 2003; x_wconf 86' lang='grc' dir='ltr'><strong><em>μοῦνον</em></strong></span> <span class='ocrx_word' id='word_1_138' title='bbox 306 1920 375 1983; x_wconf 88' lang='grc' dir='ltr'><strong><em>τῶν</em></strong></span> <span class='ocrx_word' id='word_1_139' title='bbox 392 1918 581 1983; x_wconf 77' lang='grc' dir='ltr'><strong><em>Σκυθικῶν</em></strong></span> <span class='ocrx_word' id='word_1_140' title='bbox 609 1918 788 1999; x_wconf 80' lang='grc' dir='ltr'><strong><em>ποταμῶν,</em></strong></span> <span class='ocrx_word' id='word_1_141' title='bbox 814 1907 899 1981; x_wconf 84' lang='grc' dir='ltr'><strong><em>ἀλλά</em></strong></span> <span class='ocrx_word' id='word_1_142' title='bbox 923 1912 978 1980; x_wconf 80' lang='grc' dir='ltr'><strong><em>καὶ</em></strong></span> <span class='ocrx_word' id='word_1_143' title='bbox 994 1915 1063 1978; x_wconf 86' lang='grc' dir='ltr'><strong><em>τῶν</em></strong></span> 
     </span>
     <span class='ocr_line' id='line_1_19' title="bbox 72 2011 1061 2101; baseline 0.002 -22"><span class='ocrx_word' id='word_1_144' title='bbox 72 2011 164 2082; x_wconf 84' lang='grc' dir='ltr'><strong><em>ἀλλων</em></strong></span> <span class='ocrx_word' id='word_1_145' title='bbox 177 2011 359 2101; x_wconf 83' lang='grc' dir='ltr'><strong><em>ἀπάντων,</em></strong></span> <span class='ocrx_word' id='word_1_146' title='bbox 384 2011 472 2100; x_wconf 87' lang='grc' dir='ltr'><strong><em>πλήν</em></strong></span> <span class='ocrx_word' id='word_1_147' title='bbox 493 2019 620 2082; x_wconf 83' lang='grc' dir='ltr'><strong><em>Νείλου</em></strong></span> <span class='ocrx_word' id='word_1_148' title='bbox 642 2019 703 2081; x_wconf 82' lang='grc' dir='ltr'><strong><em>τοῦ</em></strong></span> <span class='ocrx_word' id='word_1_149' title='bbox 719 2017 925 2099; x_wconf 85' lang='grc' dir='ltr'><strong><em>Αίγυπτίον·</em></strong></span> <span class='ocrx_word' id='word_1_150' title='bbox 952 2012 1061 2101; x_wconf 80' lang='grc' dir='ltr'><strong><em>τοάτςο</em></strong></span> 
     </span>
     <span class='ocr_line' id='line_1_20' title="bbox 70 2109 1060 2200; baseline -0.002 -21"><span class='ocrx_word' id='word_1_151' title='bbox 70 2109 120 2199; x_wconf 85' lang='grc' dir='ltr'><strong><em>γάρ</em></strong></span> <span class='ocrx_word' id='word_1_152' title='bbox 135 2111 195 2182; x_wconf 84' lang='grc' dir='ltr'><strong><em>οὐκ</em></strong></span> <span class='ocrx_word' id='word_1_153' title='bbox 216 2109 273 2182; x_wconf 88' lang='grc' dir='ltr'><strong><em>οἷά</em></strong></span> <span class='ocrx_word' id='word_1_154' title='bbox 298 2115 336 2181; x_wconf 91' lang='grc' dir='ltr'><strong><em>τέ</em></strong></span> <span class='ocrx_word' id='word_1_155' title='bbox 354 2115 422 2181; x_wconf 81' lang='grc' dir='ltr'><strong><em>ἐστι</em></strong></span> <span class='ocrx_word' id='word_1_156' title='bbox 452 2117 645 2200; x_wconf 74' lang='grc' dir='ltr'><strong><em>συμβαλεῖν,</em></strong></span> <span class='ocrx_word' id='word_1_157' title='bbox 670 2111 774 2181; x_wconf 84' lang='grc' dir='ltr'><strong><em>ἀλλον</em></strong></span> <span class='ocrx_word' id='word_1_158' title='bbox 790 2111 962 2200; x_wconf 85' lang='grc' dir='ltr'><strong><em>ποταμόν·</em></strong></span> <span class='ocrx_word' id='word_1_159' title='bbox 991 2117 1060 2178; x_wconf 89' lang='grc' dir='ltr'><strong><em>τῶν</em></strong></span> 
     </span>
     <span class='ocr_line' id='line_1_21' title="bbox 70 2209 1059 2302; baseline 0.002 -24"><span class='ocrx_word' id='word_1_160' title='bbox 70 2213 97 2279; x_wconf 79' lang='grc' dir='ltr'><strong><em>δὲ</em></strong></span> <span class='ocrx_word' id='word_1_161' title='bbox 109 2221 232 2282; x_wconf 77' lang='grc' dir='ltr'><strong><em>λοιπῶν</em></strong></span> <span class='ocrx_word' id='word_1_162' title='bbox 244 2215 465 2302; x_wconf 77' lang='grc' dir='ltr'><strong><em>Βορυσθένης</em></strong></span> <span class='ocrx_word' id='word_1_163' title='bbox 485 2214 552 2281; x_wconf 78' lang='grc' dir='ltr'><strong><em>ἐστὶ</em></strong></span> <span class='ocrx_word' id='word_1_164' title='bbox 569 2214 875 2300; x_wconf 84' lang='grc' dir='ltr'><strong><em>πολυαρκέστατος,</em></strong></span> <span class='ocrx_word' id='word_1_165' title='bbox 900 2209 938 2292; x_wconf 80' lang='grc' dir='ltr'><strong><em>ὃς</em></strong></span> <span class='ocrx_word' id='word_1_166' title='bbox 952 2211 1059 2299; x_wconf 90' lang='grc' dir='ltr'><strong><em>νομάς</em></strong></span> 
     </span>
     <span class='ocr_line' id='line_1_22' title="bbox 70 2309 1058 2399; baseline 0.002 -22"><span class='ocrx_word' id='word_1_167' title='bbox 70 2336 94 2379; x_wconf 90' lang='grc' dir='ltr'><strong><em>τε</em></strong></span> <span class='ocrx_word' id='word_1_168' title='bbox 119 2321 295 2393; x_wconf 85' lang='grc' dir='ltr'><strong><em>καλλίστας</em></strong></span> <span class='ocrx_word' id='word_1_169' title='bbox 319 2315 375 2382; x_wconf 79' lang='grc' dir='ltr'><strong><em>καὶ</em></strong></span> <span class='ocrx_word' id='word_1_170' title='bbox 404 2309 684 2399; x_wconf 76' lang='grc' dir='ltr'><strong><em>εὐκομιδεστάτας</em></strong></span> <span class='ocrx_word' id='word_1_171' title='bbox 712 2309 848 2397; x_wconf 87' lang='grc' dir='ltr'><strong><em>κτήνεσι</em></strong></span> <span class='ocrx_word' id='word_1_172' title='bbox 872 2315 1058 2399; x_wconf 85' lang='grc' dir='ltr'><strong><em>παρέχεται,</em></strong></span> 
     </span>
     <span class='ocr_line' id='line_1_23' title="bbox 68 2408 1063 2501; baseline 0.003 -24"><span class='ocrx_word' id='word_1_173' title='bbox 68 2415 148 2495; x_wconf 80' lang='grc' dir='ltr'><strong><em>ἰχθῦς</em></strong></span> <span class='ocrx_word' id='word_1_174' title='bbox 169 2439 205 2480; x_wconf 86' lang='grc' dir='ltr'><strong><em>τε</em></strong></span> <span class='ocrx_word' id='word_1_175' title='bbox 227 2409 385 2501; x_wconf 79' lang='grc' dir='ltr'><strong><em>ἀρίστους</em></strong></span> <span class='ocrx_word' id='word_1_176' title='bbox 407 2408 583 2498; x_wconf 79' lang='grc' dir='ltr'><strong><em>διακριδὸν</em></strong></span> <span class='ocrx_word' id='word_1_177' title='bbox 602 2412 658 2479; x_wconf 77' lang='grc' dir='ltr'><strong><em>καί</em></strong></span> <span class='ocrx_word' id='word_1_178' title='bbox 680 2417 871 2499; x_wconf 82' lang='grc' dir='ltr'><strong><em>πλείστους,</em></strong></span> <span class='ocrx_word' id='word_1_179' title='bbox 900 2416 1063 2481; x_wconf 87' lang='grc' dir='ltr'><strong><em>πίνεσθαί</em></strong></span> 
     </span>
     <span class='ocr_line' id='line_1_24' title="bbox 65 2507 1060 2600; baseline 0.006 -25"><span class='ocrx_word' id='word_1_180' title='bbox 65 2535 93 2576; x_wconf 87' lang='grc' dir='ltr'><strong><em>τε</em></strong></span> <span class='ocrx_word' id='word_1_181' title='bbox 110 2507 242 2597; x_wconf 87' lang='grc' dir='ltr'><strong><em>ήδιστός</em></strong></span> <span class='ocrx_word' id='word_1_182' title='bbox 258 2513 343 2597; x_wconf 87' lang='grc' dir='ltr'><strong><em>έστι,</em></strong></span> <span class='ocrx_word' id='word_1_183' title='bbox 360 2513 426 2600; x_wconf 86' lang='grc' dir='ltr'><strong><em>ῥέει</em></strong></span> <span class='ocrx_word' id='word_1_184' title='bbox 442 2536 478 2578; x_wconf 87' lang='grc' dir='ltr'><strong><em>τε</em></strong></span> <span class='ocrx_word' id='word_1_185' title='bbox 493 2507 645 2597; x_wconf 77' lang='grc' dir='ltr'><strong><em>καθαρὸς</em></strong></span> <span class='ocrx_word' id='word_1_186' title='bbox 655 2507 746 2597; x_wconf 85' lang='grc' dir='ltr'><strong><em>παρά</em></strong></span> <span class='ocrx_word' id='word_1_187' title='bbox 760 2517 950 2599; x_wconf 73' lang='grc' dir='ltr'><strong><em>θολεροῖσι,</em></strong></span> <span class='ocrx_word' id='word_1_188' title='bbox 974 2512 1060 2581; x_wconf 88' lang='grc' dir='ltr'><strong><em>σπά-</em></strong></span> 
     </span>
     <span class='ocr_line' id='line_1_25' title="bbox 66 2608 1060 2699; baseline 0.004 -23"><span class='ocrx_word' id='word_1_189' title='bbox 66 2634 111 2688; x_wconf 87' lang='grc' dir='ltr'><strong><em>ρος</em></strong></span> <span class='ocrx_word' id='word_1_190' title='bbox 120 2636 154 2678; x_wconf 86' lang='grc' dir='ltr'><strong><em>τε</em></strong></span> <span class='ocrx_word' id='word_1_191' title='bbox 164 2609 240 2698; x_wconf 87' lang='grc' dir='ltr'><strong><em>παρ’</em></strong></span> <span class='ocrx_word' id='word_1_192' title='bbox 258 2608 363 2680; x_wconf 84' lang='grc' dir='ltr'><strong><em>αάτόν</em></strong></span> <span class='ocrx_word' id='word_1_193' title='bbox 372 2609 507 2698; x_wconf 84' lang='grc' dir='ltr'><strong><em>ἀριστος</em></strong></span> <span class='ocrx_word' id='word_1_194' title='bbox 520 2616 657 2698; x_wconf 83' lang='grc' dir='ltr'><strong><em>γίνεται,</em></strong></span> <span class='ocrx_word' id='word_1_195' title='bbox 670 2614 747 2694; x_wconf 91' lang='grc' dir='ltr'><strong><em>ποίη</em></strong></span> <span class='ocrx_word' id='word_1_196' title='bbox 758 2634 804 2694; x_wconf 89' lang='grc' dir='ltr'><strong><em>τε,</em></strong></span> <span class='ocrx_word' id='word_1_197' title='bbox 819 2617 859 2698; x_wconf 77' lang='grc' dir='ltr'><strong><em>τῇ</em></strong></span> <span class='ocrx_word' id='word_1_198' title='bbox 873 2609 915 2679; x_wconf 85' lang='grc' dir='ltr'><strong><em>οὐ</em></strong></span> <span class='ocrx_word' id='word_1_199' title='bbox 926 2617 1060 2699; x_wconf 86' lang='grc' dir='ltr'><strong><em>σπείρε-</em></strong></span> 
     </span>
     <span class='ocr_line' id='line_1_26' title="bbox 64 2707 1059 2802; baseline 0.003 -26"><span class='ocrx_word' id='word_1_200' title='bbox 64 2737 106 2777; x_wconf 85' lang='grc' dir='ltr'><strong><em>ται</em></strong></span> <span class='ocrx_word' id='word_1_201' title='bbox 117 2708 136 2800; x_wconf 89' lang='grc' dir='ltr'><strong><em>ή</em></strong></span> <span class='ocrx_word' id='word_1_202' title='bbox 149 2710 253 2800; x_wconf 82' lang='grc' dir='ltr'><strong><em>χάρη,</em></strong></span> <span class='ocrx_word' id='word_1_203' title='bbox 265 2712 449 2800; x_wconf 84' lang='grc' dir='ltr'><strong><em>βαθυτάτη,</em></strong></span> <span class='ocrx_word' id='word_1_204' title='bbox 467 2711 545 2791; x_wconf 83' lang='grc' dir='ltr'><strong><em>άλες</em></strong></span> <span class='ocrx_word' id='word_1_205' title='bbox 552 2737 587 2780; x_wconf 87' lang='grc' dir='ltr'><strong><em>τε</em></strong></span> <span class='ocrx_word' id='word_1_206' title='bbox 603 2712 656 2780; x_wconf 86' lang='grc' dir='ltr'><strong><em>έπὶ</em></strong></span> <span class='ocrx_word' id='word_1_207' title='bbox 667 2716 713 2802; x_wconf 78' lang='grc' dir='ltr'><strong><em>τῶ</em></strong></span> <span class='ocrx_word' id='word_1_208' title='bbox 725 2710 862 2797; x_wconf 86' lang='grc' dir='ltr'><strong><em>στόματι</em></strong></span> <span class='ocrx_word' id='word_1_209' title='bbox 876 2707 982 2779; x_wconf 82' lang='grc' dir='ltr'><strong><em>αὐτοῦ</em></strong></span> <span class='ocrx_word' id='word_1_210' title='bbox 995 2708 1059 2779; x_wconf 86' lang='grc' dir='ltr'><strong><em>αά-</em></strong></span> 
     </span>
     <span class='ocr_line' id='line_1_27' title="bbox 64 2807 1058 2899; baseline 0.002 -24"><span class='ocrx_word' id='word_1_211' title='bbox 64 2809 185 2895; x_wconf 83' lang='grc' dir='ltr'><strong><em>τόματοι</em></strong></span> <span class='ocrx_word' id='word_1_212' title='bbox 198 2808 391 2899; x_wconf 87' lang='grc' dir='ltr'><strong><em>πηγνάαται</em></strong></span> <span class='ocrx_word' id='word_1_213' title='bbox 402 2809 547 2880; x_wconf 86' lang='grc' dir='ltr'><strong><em>ἀπλετοι.</em></strong></span> <span class='ocrx_word' id='word_1_214' title='bbox 561 2809 665 2898; x_wconf 88' lang='grc' dir='ltr'><strong><em>κήτεά</em></strong></span> <span class='ocrx_word' id='word_1_215' title='bbox 677 2835 714 2878; x_wconf 88' lang='grc' dir='ltr'><strong><em>τε</em></strong></span> <span class='ocrx_word' id='word_1_216' title='bbox 730 2810 858 2897; x_wconf 79' lang='grc' dir='ltr'><strong><em>μεγάλα</em></strong></span> <span class='ocrx_word' id='word_1_217' title='bbox 866 2807 1058 2897; x_wconf 78' lang='grc' dir='ltr'><strong><em>ἀνάκανθα,</em></strong></span> 
     </span>
     <span class='ocr_line' id='line_1_28' title="bbox 64 2906 1058 2997; baseline -0.001 -21"><span class='ocrx_word' id='word_1_218' title='bbox 64 2906 95 2976; x_wconf 81' lang='grc' dir='ltr'><strong><em>τά</em></strong></span> <span class='ocrx_word' id='word_1_219' title='bbox 107 2907 308 2990; x_wconf 90' lang='grc' dir='ltr'><strong><em>ἀντακαίους</em></strong></span> <span class='ocrx_word' id='word_1_220' title='bbox 321 2912 497 2996; x_wconf 86' lang='grc' dir='ltr'><strong><em>καλέουσι,</em></strong></span> <span class='ocrx_word' id='word_1_221' title='bbox 511 2911 688 2997; x_wconf 86' lang='grc' dir='ltr'><strong><em>παρέχεται</em></strong></span> <span class='ocrx_word' id='word_1_222' title='bbox 702 2910 736 2987; x_wconf 87' lang='grc' dir='ltr'><strong><em>ές</em></strong></span> <span class='ocrx_word' id='word_1_223' title='bbox 748 2916 956 2996; x_wconf 84' lang='grc' dir='ltr'><strong><em>ταρίχευσιν,</em></strong></span> <span class='ocrx_word' id='word_1_224' title='bbox 973 2906 1058 2976; x_wconf 84' lang='grc' dir='ltr'><strong><em>ἀλλα</em></strong></span> 
     </span>
     <span class='ocr_line' id='line_1_29' title="bbox 63 3006 1058 3099; baseline -0.003 -23"><span class='ocrx_word' id='word_1_225' title='bbox 63 3036 91 3076; x_wconf 88' lang='grc' dir='ltr'><strong><em>τε</em></strong></span> <span class='ocrx_word' id='word_1_226' title='bbox 99 3008 203 3081; x_wconf 89' lang='grc' dir='ltr'><strong><em>πολλα</em></strong></span> <span class='ocrx_word' id='word_1_227' title='bbox 219 3007 377 3099; x_wconf 87' lang='grc' dir='ltr'><strong><em>θωμάσαι</em></strong></span> <span class='ocrx_word' id='word_1_228' title='bbox 398 3007 482 3089; x_wconf 80' lang='grc' dir='ltr'><strong><em>ἀξια.</em></strong></span> <span class='ocrx_word' id='word_1_229' title='bbox 499 3009 595 3096; x_wconf 86' lang='grc' dir='ltr'><strong><em>μέχρι</em></strong></span> <span class='ocrx_word' id='word_1_230' title='bbox 606 3011 878 3095; x_wconf 84' lang='grc' dir='ltr'><strong><em>μέννυνΓέρρου</em></strong></span> <span class='ocrx_word' id='word_1_231' title='bbox 888 3006 1012 3094; x_wconf 84' lang='grc' dir='ltr'><strong><em>χῶρον,</em></strong></span> <span class='ocrx_word' id='word_1_232' title='bbox 1025 3008 1058 3084; x_wconf 87' lang='grc' dir='ltr'><strong><em>ές</em></strong></span> 
     </span>
     <span class='ocr_line' id='line_1_30' title="bbox 63 3103 1055 3225; baseline -0.004 -51"><span class='ocrx_word' id='word_1_233' title='bbox 63 3105 111 3175; x_wconf 79' lang='grc' dir='ltr'><strong><em>τὸν</em></strong></span> <span class='ocrx_word' id='word_1_234' title='bbox 120 3110 365 3198; x_wconf 87' lang='grc' dir='ltr'><strong><em>τεσσεράκοντα</em></strong></span> <span class='ocrx_word' id='word_1_235' title='bbox 379 3103 532 3196; x_wconf 86' lang='grc' dir='ltr'><strong><em>ήμερέων</em></strong></span> <span class='ocrx_word' id='word_1_236' title='bbox 542 3107 645 3186; x_wconf 84' lang='grc' dir='ltr'><strong><em>πλόος</em></strong></span> <span class='ocrx_word' id='word_1_237' title='bbox 660 3109 742 3193; x_wconf 80' lang='grc' dir='ltr'><strong><em>ἐστὶ,</em></strong></span> <span class='ocrx_word' id='word_1_238' title='bbox 757 3105 956 3225; x_wconf 85' lang='grc' dir='ltr'><strong><em>γινῶσκεται</em></strong></span> <span class='ocrx_word' id='word_1_239' title='bbox 967 3103 1055 3193; x_wconf 83' lang='grc' dir='ltr'><strong><em>ῥέων</em></strong></span> 
     </span>
     <span class='ocr_line' id='line_1_31' title="bbox 62 3192 1055 3298; baseline -0.003 -29"><span class='ocrx_word' id='word_1_240' title='bbox 62 3201 115 3273; x_wconf 80' lang='grc' dir='ltr'><strong><em>ἀπὸ</em></strong></span> <span class='ocrx_word' id='word_1_241' title='bbox 144 3203 303 3298; x_wconf 81' lang='grc' dir='ltr'><strong><em>βορέω’</em></strong></span> <span class='ocrx_word' id='word_1_242' title='bbox 283 3205 429 3292; x_wconf 81' lang='grc' dir='ltr'><strong><em>ανέμου,</em></strong></span> <span class='ocrx_word' id='word_1_243' title='bbox 450 3231 487 3272; x_wconf 89' lang='grc' dir='ltr'><strong><em>το</em></strong></span> <span class='ocrx_word' id='word_1_244' title='bbox 476 3203 543 3273; x_wconf 73' lang='grc' dir='ltr'><strong><em>δέ</em></strong></span> <span class='ocrx_word' id='word_1_245' title='bbox 557 3205 750 3293; x_wconf 79' lang='grc' dir='ltr'><strong><em>κατύπερθε</em></strong></span> <span class='ocrx_word' id='word_1_246' title='bbox 770 3201 815 3270; x_wconf 88' lang='grc' dir='ltr'><strong><em>δι’</em></strong></span> <span class='ocrx_word' id='word_1_247' title='bbox 836 3192 885 3270; x_wconf 85' lang='grc' dir='ltr'><strong><em>ῶν</em></strong></span> <span class='ocrx_word' id='word_1_248' title='bbox 904 3198 1012 3290; x_wconf 87' lang='grc' dir='ltr'><strong><em>ῥέει’</em></strong></span> <span class='ocrx_word' id='word_1_249' title='bbox 992 3227 1055 3268; x_wconf 91' lang='grc' dir='ltr'><strong><em>αν-</em></strong></span> 
     </span>
     <span class='ocr_line' id='line_1_32' title="bbox 61 3299 1055 3426; baseline -0.004 -52.988"><span class='ocrx_word' id='word_1_250' title='bbox 61 3310 218 3398; x_wconf 84' lang='grc' dir='ltr'><strong><em>θράπωυ,</em></strong></span> <span class='ocrx_word' id='word_1_251' title='bbox 234 3306 346 3387; x_wconf 75' lang='grc' dir='ltr'><strong><em>οὐδεὶς</em></strong></span> <span class='ocrx_word' id='word_1_252' title='bbox 358 3313 423 3396; x_wconf 79' lang='grc' dir='ltr'><strong><em>ἔχει</em></strong></span> <span class='ocrx_word' id='word_1_253' title='bbox 438 3309 580 3396; x_wconf 81' lang='grc' dir='ltr'><strong><em>φράσαι·</em></strong></span> <span class='ocrx_word' id='word_1_254' title='bbox 597 3312 753 3396; x_wconf 85' lang='grc' dir='ltr'><strong><em>φαίνεται</em></strong></span> <span class='ocrx_word' id='word_1_255' title='bbox 766 3308 803 3373; x_wconf 76' lang='grc' dir='ltr'><strong><em>δέ</em></strong></span> <span class='ocrx_word' id='word_1_256' title='bbox 813 3302 915 3426; x_wconf 84' lang='grc' dir='ltr'><strong><em>ῥέων</em></strong></span> <span class='ocrx_word' id='word_1_257' title='bbox 916 3299 962 3370; x_wconf 88' lang='grc' dir='ltr'><strong><em>δι’</em></strong></span> <span class='ocrx_word' id='word_1_258' title='bbox 976 3302 1055 3422; x_wconf 84' lang='grc' dir='ltr'><strong><em>έρή-</em></strong></span> 
     </span>
     <span class='ocr_line' id='line_1_33' title="bbox 61 3393 1053 3495; baseline -0.004 -22"><span class='ocrx_word' id='word_1_259' title='bbox 61 3432 116 3492; x_wconf 89' lang='grc' dir='ltr'><strong><em>μου</em></strong></span> <span class='ocrx_word' id='word_1_260' title='bbox 132 3412 164 3488; x_wconf 83' lang='grc' dir='ltr'><strong><em>ές</em></strong></span> <span class='ocrx_word' id='word_1_261' title='bbox 182 3415 252 3476; x_wconf 90' lang='grc' dir='ltr'><strong><em>τῶν</em></strong></span> <span class='ocrx_word' id='word_1_262' title='bbox 265 3413 428 3495; x_wconf 89' lang='grc' dir='ltr'><strong><em>γεωργῶν</em></strong></span> <span class='ocrx_word' id='word_1_263' title='bbox 438 3406 609 3476; x_wconf 79' lang='grc' dir='ltr'><strong><em>Σκυθέων</em></strong></span> <span class='ocrx_word' id='word_1_264' title='bbox 628 3403 692 3492; x_wconf 81' lang='grc' dir='ltr'><strong><em>τήν</em></strong></span> <span class='ocrx_word' id='word_1_265' title='bbox 705 3403 834 3491; x_wconf 84' lang='grc' dir='ltr'><strong><em>χῶρην·</em></strong></span> <span class='ocrx_word' id='word_1_266' title='bbox 872 3393 967 3471; x_wconf 75' lang='grc' dir='ltr'><strong><em>οὗτοι</em></strong></span> <span class='ocrx_word' id='word_1_267' title='bbox 987 3397 1053 3490; x_wconf 86' lang='grc' dir='ltr'><strong><em>γάρ</em></strong></span> 
     </span>
     <span class='ocr_line' id='line_1_34' title="bbox 61 3495 1055 3591; baseline -0.005 -19"><span class='ocrx_word' id='word_1_268' title='bbox 61 3509 87 3572; x_wconf 83' lang='grc' dir='ltr'><strong><em>οί</em></strong></span> <span class='ocrx_word' id='word_1_269' title='bbox 100 3510 236 3576; x_wconf 83' lang='grc' dir='ltr'><strong><em>Σκύθαι</em></strong></span> <span class='ocrx_word' id='word_1_270' title='bbox 250 3502 331 3590; x_wconf 87' lang='grc' dir='ltr'><strong><em>παρ’</em></strong></span> <span class='ocrx_word' id='word_1_271' title='bbox 354 3501 460 3573; x_wconf 87' lang='grc' dir='ltr'><strong><em>αάτδν</em></strong></span> <span class='ocrx_word' id='word_1_272' title='bbox 472 3495 525 3574; x_wconf 80' lang='grc' dir='ltr'><strong><em>έπὶ</em></strong></span> <span class='ocrx_word' id='word_1_273' title='bbox 541 3501 655 3575; x_wconf 85' lang='grc' dir='ltr'><strong><em>δέκα</em></strong></span> <span class='ocrx_word' id='word_1_274' title='bbox 638 3501 791 3591; x_wconf 86' lang='grc' dir='ltr'><strong><em>ημερέων</em></strong></span> <span class='ocrx_word' id='word_1_275' title='bbox 807 3499 951 3571; x_wconf 87' lang='grc' dir='ltr'><strong><em>πλόον</em></strong></span> <span class='ocrx_word' id='word_1_276' title='bbox 930 3500 1055 3586; x_wconf 84' lang='grc' dir='ltr'><strong><em>ιε’μον-</em></strong></span> 
     </span>
    </p>
   </div>
   <div class='ocr_carea' id='block_1_3' title="bbox 0 0 1254 3925">
    <p class='ocr_par' dir='ltr' id='par_1_3' title="bbox 0 0 1254 3925">
     <span class='ocr_line' id='line_1_35' title="bbox 0 0 1254 3925; baseline 0 5"><span class='ocrx_word' id='word_1_277' title='bbox 0 0 1254 3925; x_wconf 95' lang='lat' dir='ltr'><strong><em> </em></strong></span> 
     </span>
    </p>
   </div>
  </div>
 </body>
</html>
