2500 3925
143 236 207 302 212
513 236 766 294 HERODOTI

141 401 282 488 γατέρα,
303 401 360 465 ἵνα
382 390 405 484 ἢ
428 390 509 473 δούς
530 392 653 483 ἀνιῷτο
675 388 756 480 ἢμή
780 391 861 473 δούς
881 394 1049 481 Καμβύση
1071 388 1150 460 ἀπέ-

143 508 269 583 χθοιτο.
292 492 359 565 ὁδὲ
367 492 508 581 Ἀμασις
517 500 557 583 τῇ
572 489 699 578 δυνάμι
712 498 780 559 τῶν
790 494 950 579 Περσέων
963 488 1151 579 ἀχθόμενος

144 599 199 664 καλ
220 592 401 684 ἀρρωδέων
423 591 486 661 οῦκ
507 590 571 679 εἶχε
592 589 671 659 οὔτε
686 594 806 658 δοῦναι
822 589 898 657 ούτε
920 587 1151 678 ἀρνήσασθαι·

145 687 184 762 εύ
198 691 265 781 γάρ
278 690 457 782 ήπίστατο,
479 691 531 759 ὅτι
552 687 616 758 ούιι
635 686 679 768 ὡς
692 689 838 775 γυναῖκά
852 714 911 775 μιν
926 694 1042 774 ἔμελλε
1058 694 1153 773 Καμ-

143 790 250 881 βύσης
264 794 367 878 ἕξειν,
382 788 450 860 ἀλλ’
465 786 510 870 ὡς
520 788 703 876 παλλακήν.
726 794 830 855 ταῦτα
846 784 886 873 δή
903 786 1152 874 ἐκλογιζόμενος

144 892 278 975 ἐποίησε
292 889 388 957 τάδε·
410 880 456 976 ήν
468 884 609 974 Ἀπρίεω
618 892 680 954 τοῦ
691 887 858 971 προτέρου
869 888 1025 972 βασιλέος
1040 884 1152 970 θυγά-

144 1013 206 1074 τηρ
221 987 328 1073 κάρτα
341 987 469 1073 μεγάλη
485 1012 522 1053 τε
539 988 594 1053 καλ
609 980 756 1069 εὐειδής,
778 982 888 1069 μούνη
905 988 967 1049 τοῦ
982 991 1081 1051 οἰκον
1099 989 1152 1049 λε-

144 1092 315 1174 λειμμένη,
329 1086 458 1174 οῦνομα
470 1088 510 1155 δέ
517 1090 552 1155 οί
558 1077 604 1173 ἦν
614 1090 759 1169 Νίτητις.
782 1080 909 1169 ταύτην
923 1078 964 1169 δή
976 1079 1040 1170 τὴν
1051 1085 1152 1151 παῖδα

144 1184 162 1254 ὁ
181 1183 320 1272 ’Ἀμασις
341 1186 511 1274 κοσμήσας
529 1186 649 1271 ἰσθήτί
660 1208 695 1250 τε
715 1183 770 1250 καλ
788 1187 902 1273 χρυσῷ
915 1176 1107 1268 ἀποπέμπει
1123 1183 1153 1258 ές

143 1285 275 1368 Πέρσας
296 1280 340 1362 ὥς
357 1287 484 1352 ἑωυτοῦ
500 1283 682 1369 θυγατέρα.
714 1277 795 1366 μετὰ
814 1281 850 1348 δὲ
872 1281 999 1368 χρόνον
1025 1278 1070 1359 ῦς
1093 1305 1153 1367 μιν

145 1378 306 1468 ἠσπάζετο
330 1382 503 1470 πατρόθεν
529 1379 743 1467 οῦνομάζων,
776 1381 865 1466 λέγει
890 1379 975 1468 πρὸς
1000 1378 1107 1449 αῦτόν
1133 1376 1153 1466 ή

143 1492 236 1557 παῖς·
264 1471 304 1546 Ὦ
317 1487 467 1569 βασιλεῦ,
484 1479 744 1569 διαβεβλημένος
758 1475 825 1545 ὑπὸ
838 1475 994 1566 Ἀμάσιος
1008 1477 1051 1548 ού
1065 1504 1154 1567 μαν-

142 1578 280 1663 θάνεις,
302 1573 339 1656 ός
353 1578 412 1665 έμέ
425 1597 479 1647 σοι
498 1578 612 1669 κόσμῳ
629 1574 775 1663 ἀσκήσας
790 1574 981 1667 ἀπέπεμψε,
1005 1576 1049 1659 ὡς
1064 1582 1153 1647 ἑωυ-

143 1683 204 1744 τοῦ
224 1680 397 1764 θυγατέρα
418 1675 533 1755 διδοῦς
550 1678 674 1745 έοῦσαν
694 1683 734 1762 τῇ
749 1673 892 1765 ἀληθείη
909 1674 1067 1765 Ἀπρίεω,
1090 1675 1151 1745 τὸν

144 1781 271 1857 ἐκεῖνος
285 1777 384 1847 έόντα
402 1779 530 1847 ἑωυτοῦ
547 1778 714 1883 δεσπότην
724 1774 796 1864 μετ’
812 1783 1008 1864 Αἰγυπτίων
1024 1781 1153 1847 έπανα-

143 1878 223 1960 στάς
250 1879 423 1966 ἐφόνευσε.
472 1885 579 1947 Τοῦτο
603 1877 645 1966 δή
672 1874 707 1947 τό
733 1882 811 1957 ἔπος
836 1881 891 1945 καί
914 1878 999 1966 αῦτη
1021 1877 1042 1967 ή
1065 1885 1154 1966 αἰτίη
1226 1886 1227 1891 ’

142 1978 344 2065 ἐγγενομένη
365 1975 469 2064 ἤγαγε
486 1977 676 2064 Καμβύσην
686 1973 747 2044 τόν
762 1977 881 2064 Κύρου
904 1979 1058 2064 μεγάλως
1080 1989 1155 2046 θυ-

143 2079 300 2160 μωθέντα
315 2071 369 2142 ἐπ’
384 2084 568 2161 Αἴγυπτον.
598 2072 687 2142 ούτω
701 2076 763 2160 μέν
777 2099 844 2142 νυν
858 2075 995 2162 λέγουσι
1009 2080 1153 2161 Πέρσαι.

111 2169 324 2256 δΑἰγύπτιοι
348 2172 384 2239 δέ
406 2177 609 2258 οἰκηιεῦνται
633 2170 835 2260 Καμβύσεα,
858 2175 1009 2261 φάμενοί
1028 2201 1089 2261 μιν
1116 2176 1156 2242 έκ

141 2267 262 2354 ταύτης
277 2265 318 2355 δὴ
332 2275 390 2354 τῆς
409 2267 548 2356 Ἀπρίεω
564 2267 735 2356 θυγατρός
750 2273 926 2356 γενέσθαι·
949 2279 1068 2359 Κῦρον
1084 2270 1154 2358 γάρ

141 2367 227 2437 εἶναι
251 2365 313 2435 τόν
338 2371 513 2454 πέμψαντα
534 2380 618 2454 παρ’
643 2367 786 2454 Ἀμασιυ
808 2371 860 2436 έπί
881 2367 943 2455 τήν
964 2375 1156 2458 θυγατέρα,

140 2465 216 2538 ἀλλ’
243 2465 284 2534 οῦ
298 2468 497 2555 Καμβύσην.
526 2470 680 2554 λέγοντες
700 2470 737 2536 δὲ
758 2473 861 2534 ταῦτα
882 2465 946 2537 ούκ
966 2465 1081 2557 ὀρθῶς
1095 2471 1158 2538 λέ-

139 2588 247 2654 γουσι.
281 2563 323 2634 ού
348 2565 416 2654 μήν
433 2565 512 2636 οῦδὲ
533 2572 656 2653 λέληθε
676 2564 799 2644 αύτούς
825 2571 872 2649 (εἰ
894 2561 959 2653 γάρ
983 2592 1072 2646 τινες
1095 2575 1159 2636 καὶ

140 2664 253 2750 ἀλλοι,
275 2661 315 2731 τά
330 2669 490 2752 Περσέων
503 2666 629 2752 νόμιμα
645 2664 756 2753 ὀρθῶς
771 2666 958 2734 ἐπιστέαται
973 2669 1029 2735 καί
1041 2668 1157 2754 Αίγύ-

139 2765 263 2846 πτιοι),
286 2760 338 2828 ὅτι
360 2771 476 2851 πρωτα
497 2766 560 2851 μὲν
581 2764 691 2831 νόθον
706 2761 749 2830 οῦ
765 2783 826 2848 σφι
846 2762 951 2851 νόμος
968 2768 1037 2834 ἐστὶ
1051 2774 1159 2854 βασι-

140 2867 258 2930 λεῦσαι
278 2867 420 2946 γνησίου
440 2863 641 2947 παρεόντος,
664 2855 757 2940 αὖτις
778 2861 814 2929 δὲ
835 2860 886 2930 ὅτι
902 2865 1161 2951 Κασσανδάνης

140 2967 197 3047 τῆς
212 2960 423 3047 Φαρνάσπεω
443 2961 617 3050 θυγατρός
638 2955 682 3048 ἦν
704 2977 780 3041 παῖς
801 2963 1003 3051 Καμβύσης,
1026 2961 1162 3051 ἀνδρὸς

134 3057 384 3146 Ἀχαιμενίδεω,
407 3057 482 3129 ἀλλ’
507 3059 570 3129 οῦκ
586 3063 622 3126 ἐκ
637 3068 692 3146 τῆς
708 3066 900 3148 Αἰγυπτίης.
931 3059 1018 3128 ἀλλά
1039 3086 1159 3148 παρα-

138 3157 305 3242 τράπουσι
327 3156 388 3227 τόν
414 3158 519 3245 λόγον
543 3159 828 3245 προσποιεύμενοι
852 3169 892 3250 τη
913 3160 1035 3248 Κύρου
1062 3168 1163 3251 οἰκίη

106 3269 124 3323 3
139 3256 315 3339 συγγενέες
327 3255 421 3325 εἰναι.
445 3258 501 3325 καί
514 3257 692 3342 ταῦταμὲν
705 3249 770 3326 ὦδε
782 3263 855 3343 ἔχει.
885 3259 1028 3345 Λέγεται
1042 3259 1081 3326 δὲ
1095 3259 1163 3325 καὶ

141 3345 198 3415 ὅδε
216 3345 234 3416 ὁ
250 3347 363 3443 λόγος,
388 3356 461 3439 έμολ
482 3355 543 3442 μὲν
567 3352 607 3421 ού
630 3349 791 3440 πιθανός,
814 3351 858 3434 ὡς
880 3361 948 3422 τῶν
969 3357 1165 3438 Περσίδων

142 3452 313 3533 γυναικῶν
328 3450 516 3518 ἐσελθοῦσά
530 3476 580 3527 τις
593 3447 685 3530 παρά
699 3448 757 3529 τάς
774 3451 892 3534 Κύρου
907 3467 1090 3536 γυναῖκας,
1109 3453 1164 3533 ὡς
