<?xml version="1.0" encoding="UTF-8"?>
<!DOCTYPE html PUBLIC "-//W3C//DTD XHTML 1.0 Transitional//EN"
    "http://www.w3.org/TR/xhtml1/DTD/xhtml1-transitional.dtd">
<html xmlns="http://www.w3.org/1999/xhtml" xml:lang="en" lang="en">
 <head>
  <title>
</title>
<meta http-equiv="Content-Type" content="text/html;charset=utf-8" />
  <meta name='ocr-system' content='tesseract 3.04.00' />
  <meta name='ocr-capabilities' content='ocr_page ocr_carea ocr_par ocr_line ocrx_word'/>
</head>
<body>
  <div class='ocr_page' id='page_1' title='image "./herodotihistori00dietgoog_0297.png"; bbox 0 0 2500 3925; ppageno 0'>
   <div class='ocr_carea' id='block_1_1' title="bbox 187 216 1086 285">
    <p class='ocr_par' dir='ltr' id='par_1_1' title="bbox 187 216 1086 285">
     <span class='ocr_line' id='line_1_1' title="bbox 187 216 1086 285; baseline 0.012 -11"><span class='ocrx_word' id='word_1_1' title='bbox 187 218 267 275; x_wconf 86' lang='lat' dir='ltr'><strong>LIB.</strong></span> <span class='ocrx_word' id='word_1_2' title='bbox 299 218 342 273; x_wconf 83' lang='grc' dir='ltr'><strong>[ΙΙ.</strong></span> <span class='ocrx_word' id='word_1_3' title='bbox 377 216 786 277; x_wconf 77' lang='lat' dir='ltr'><strong>cAP.1⁶o-L13.1v.</strong></span> <span class='ocrx_word' id='word_1_4' title='bbox 820 219 918 279; x_wconf 72' lang='lat' dir='ltr'><em>w.</em></span> <span class='ocrx_word' id='word_1_5' title='bbox 951 227 978 281; x_wconf 78' lang='grc' dir='ltr'><em>δ.</em></span> <span class='ocrx_word' id='word_1_6' title='bbox 1022 220 1086 285; x_wconf 72' lang='lat'><em>295</em></span> 
     </span>
    </p>
   </div>
   <div class='ocr_carea' id='block_1_2' title="bbox 77 372 1205 3533">
    <p class='ocr_par' dir='ltr' id='par_1_2' title="bbox 77 372 1205 3533">
     <span class='ocr_line' id='line_1_2' title="bbox 96 372 1083 466; baseline 0.008 -20"><span class='ocrx_word' id='word_1_7' title='bbox 96 376 220 456; x_wconf 80' lang='grc' dir='ltr'><em>Σκύθας</em></span> <span class='ocrx_word' id='word_1_8' title='bbox 242 374 521 466; x_wconf 73' lang='grc' dir='ltr'><strong><em>ἀποδημήσαντας</em></strong></span> <span class='ocrx_word' id='word_1_9' title='bbox 542 372 630 445; x_wconf 81' lang='grc' dir='ltr'><em>όκτά</em></span> <span class='ocrx_word' id='word_1_10' title='bbox 653 379 711 446; x_wconf 81' lang='grc' dir='ltr'><em>καλ</em></span> <span class='ocrx_word' id='word_1_11' title='bbox 729 386 835 449; x_wconf 84' lang='grc' dir='ltr'><em>εέκοσι</em></span> <span class='ocrx_word' id='word_1_12' title='bbox 856 386 930 451; x_wconf 79' lang='grc' dir='ltr'><em>ἔτεα</em></span> <span class='ocrx_word' id='word_1_13' title='bbox 949 387 1005 453; x_wconf 84' lang='grc' dir='ltr'><em>καλ</em></span> <span class='ocrx_word' id='word_1_14' title='bbox 1027 380 1083 453; x_wconf 79' lang='grc' dir='ltr'><em>διά</em></span> 
     </span>
     <span class='ocr_line' id='line_1_3' title="bbox 89 474 1082 568; baseline 0.005 -22"><span class='ocrx_word' id='word_1_15' title='bbox 89 477 203 564; x_wconf 56' lang='grc' dir='ltr'><em>«χρόνου</em></span> <span class='ocrx_word' id='word_1_16' title='bbox 222 478 386 547; x_wconf 78' lang='grc' dir='ltr'><em>τοσούτου</em></span> <span class='ocrx_word' id='word_1_17' title='bbox 406 477 582 557; x_wconf 87' lang='grc' dir='ltr'><em>κατιόντας</em></span> <span class='ocrx_word' id='word_1_18' title='bbox 602 479 637 556; x_wconf 88' lang='grc' dir='ltr'><em>ές</em></span> <span class='ocrx_word' id='word_1_19' title='bbox 652 474 716 565; x_wconf 80' lang='grc' dir='ltr'><em>τὴν</em></span> <span class='ocrx_word' id='word_1_20' title='bbox 735 482 901 568; x_wconf 72' lang='grc' dir='ltr'><em>σφετέρην</em></span> <span class='ocrx_word' id='word_1_21' title='bbox 917 483 1082 563; x_wconf 71' lang='grc' dir='ltr'><em>ἐξεδέξατο</em></span> 
     </span>
     <span class='ocr_line' id='line_1_4' title="bbox 96 567 1081 666; baseline 0.005 -23"><span class='ocrx_word' id='word_1_22' title='bbox 96 574 148 644; x_wconf 89' lang='grc' dir='ltr'><em>οῦκ</em></span> <span class='ocrx_word' id='word_1_23' title='bbox 159 574 306 645; x_wconf 83' lang='grc' dir='ltr'><em>ἐλάσσων</em></span> <span class='ocrx_word' id='word_1_24' title='bbox 326 576 432 655; x_wconf 96' lang='grc' dir='ltr'><em>πόνος</em></span> <span class='ocrx_word' id='word_1_25' title='bbox 453 582 515 646; x_wconf 92' lang='grc' dir='ltr'><em>τοῦ</em></span> <span class='ocrx_word' id='word_1_26' title='bbox 535 580 713 662; x_wconf 78' lang='grc' dir='ltr'><em>Μηδικοῦ·</em></span> <span class='ocrx_word' id='word_1_27' title='bbox 742 567 846 663; x_wconf 87' lang='grc' dir='ltr'><em>εῦρον</em></span> <span class='ocrx_word' id='word_1_28' title='bbox 864 577 931 666; x_wconf 89' lang='grc' dir='ltr'><em>γάρ</em></span> <span class='ocrx_word' id='word_1_29' title='bbox 946 576 1081 650; x_wconf 88' lang='grc' dir='ltr'><em>ἀντιευ-</em></span> 
     </span>
     <span class='ocr_line' id='line_1_5' title="bbox 93 670 1082 765; baseline 0.003 -23"><span class='ocrx_word' id='word_1_30' title='bbox 93 680 184 762; x_wconf 87' lang='grc' dir='ltr'><em>μένην</em></span> <span class='ocrx_word' id='word_1_31' title='bbox 196 696 256 761; x_wconf 85' lang='grc' dir='ltr'><em>σφι</em></span> <span class='ocrx_word' id='word_1_32' title='bbox 272 672 432 765; x_wconf 78' lang='grc' dir='ltr'><em>στρατιὴν</em></span> <span class='ocrx_word' id='word_1_33' title='bbox 453 672 517 745; x_wconf 89' lang='grc' dir='ltr'><em>ούκ</em></span> <span class='ocrx_word' id='word_1_34' title='bbox 534 670 671 761; x_wconf 86' lang='grc' dir='ltr'><em>ὀλίγην·</em></span> <span class='ocrx_word' id='word_1_35' title='bbox 700 679 738 743; x_wconf 89' lang='grc' dir='ltr'><em>αί</em></span> <span class='ocrx_word' id='word_1_36' title='bbox 748 672 813 762; x_wconf 91' lang='grc' dir='ltr'><em>γάρ</em></span> <span class='ocrx_word' id='word_1_37' title='bbox 831 683 900 745; x_wconf 77' lang='grc' dir='ltr'><em>τῶν</em></span> <span class='ocrx_word' id='word_1_38' title='bbox 913 682 1082 748; x_wconf 87' lang='grc' dir='ltr'><em>Σκυθέων</em></span> 
     </span>
     <span class='ocr_line' id='line_1_6' title="bbox 92 770 1081 863; baseline 0.002 -22"><span class='ocrx_word' id='word_1_39' title='bbox 92 788 248 859; x_wconf 80' lang='grc' dir='ltr'><em>γυναῖκες,</em></span> <span class='ocrx_word' id='word_1_40' title='bbox 272 771 317 853; x_wconf 76' lang='grc' dir='ltr'><em>ὥς</em></span> <span class='ocrx_word' id='word_1_41' title='bbox 342 795 402 860; x_wconf 86' lang='grc' dir='ltr'><em>σφι</em></span> <span class='ocrx_word' id='word_1_42' title='bbox 430 778 464 843; x_wconf 86' lang='grc' dir='ltr'><em>οί</em></span> <span class='ocrx_word' id='word_1_43' title='bbox 488 772 610 860; x_wconf 84' lang='grc' dir='ltr'><em>ἀνδρες</em></span> <span class='ocrx_word' id='word_1_44' title='bbox 635 770 769 861; x_wconf 82' lang='grc' dir='ltr'><em>ἀπῆσαν</em></span> <span class='ocrx_word' id='word_1_45' title='bbox 792 774 918 863; x_wconf 90' lang='grc' dir='ltr'><em>χρόνον</em></span> <span class='ocrx_word' id='word_1_46' title='bbox 943 773 1081 861; x_wconf 83' lang='grc' dir='ltr'><em>πολλόν,</em></span> 
     </span>
     <span class='ocr_line' id='line_1_7' title="bbox 92 868 1202 961; baseline 0.004 -22"><span class='ocrx_word' id='word_1_47' title='bbox 92 874 228 958; x_wconf 77' lang='grc' dir='ltr'><em>ἐφοίτεον</em></span> <span class='ocrx_word' id='word_1_48' title='bbox 245 871 335 961; x_wconf 81' lang='grc' dir='ltr'><em>παρά</em></span> <span class='ocrx_word' id='word_1_49' title='bbox 351 870 431 953; x_wconf 87' lang='grc' dir='ltr'><em>τοῦς</em></span> <span class='ocrx_word' id='word_1_50' title='bbox 447 873 601 951; x_wconf 89' lang='grc' dir='ltr'><em>δούλους.</em></span> <span class='ocrx_word' id='word_1_51' title='bbox 639 868 727 952; x_wconf 85' lang='grc' dir='ltr'><em>Τοῦς</em></span> <span class='ocrx_word' id='word_1_52' title='bbox 738 874 775 941; x_wconf 80' lang='grc' dir='ltr'><em>δέ</em></span> <span class='ocrx_word' id='word_1_53' title='bbox 787 873 932 955; x_wconf 87' lang='grc' dir='ltr'><em>δούλους</em></span> <span class='ocrx_word' id='word_1_54' title='bbox 946 878 981 943; x_wconf 86' lang='grc' dir='ltr'><em>ολ</em></span> <span class='ocrx_word' id='word_1_55' title='bbox 988 873 1116 943; x_wconf 54' lang='lat' dir='ltr'><em>tud-2</em></span> <span class='ocrx_word' id='word_1_56' title='bbox 1190 886 1202 908; x_wconf 85' lang='grc'><em>·</em></span> 
     </span>
     <span class='ocr_line' id='line_1_8' title="bbox 89 972 1082 1059; baseline -0.001 -19"><span class='ocrx_word' id='word_1_57' title='bbox 89 982 140 1040; x_wconf 87' lang='grc' dir='ltr'><em>θαι</em></span> <span class='ocrx_word' id='word_1_58' title='bbox 149 972 275 1051; x_wconf 78' lang='grc' dir='ltr'><em>πάντας</em></span> <span class='ocrx_word' id='word_1_59' title='bbox 289 976 457 1056; x_wconf 76' lang='grc' dir='ltr'><em>τυφλοῦσι</em></span> <span class='ocrx_word' id='word_1_60' title='bbox 471 977 532 1039; x_wconf 86' lang='grc' dir='ltr'><em>τοῦ</em></span> <span class='ocrx_word' id='word_1_61' title='bbox 543 972 709 1058; x_wconf 84' lang='grc' dir='ltr'><em>γάλακτος</em></span> <span class='ocrx_word' id='word_1_62' title='bbox 723 974 853 1041; x_wconf 78' lang='grc' dir='ltr'><em>εἵνεκεν</em></span> <span class='ocrx_word' id='word_1_63' title='bbox 862 977 924 1041; x_wconf 91' lang='grc' dir='ltr'><em>τοῦ</em></span> <span class='ocrx_word' id='word_1_64' title='bbox 934 979 1082 1059; x_wconf 86' lang='grc' dir='ltr'><em>πίνουσι,</em></span> 
     </span>
     <span class='ocr_line' id='line_1_9' title="bbox 89 1062 1082 1159; baseline 0.004 -23"><span class='ocrx_word' id='word_1_65' title='bbox 89 1077 248 1149; x_wconf 84' lang='grc' dir='ltr'><em>ποιεῦντες</em></span> <span class='ocrx_word' id='word_1_66' title='bbox 275 1062 357 1139; x_wconf 75' lang='grc' dir='ltr'><em>τάδε·</em></span> <span class='ocrx_word' id='word_1_67' title='bbox 395 1067 498 1141; x_wconf 86' lang='grc' dir='ltr'><em>έπεάν</em></span> <span class='ocrx_word' id='word_1_68' title='bbox 525 1076 722 1157; x_wconf 80' lang='grc' dir='ltr'><em>φυσητῆρας</em></span> <span class='ocrx_word' id='word_1_69' title='bbox 744 1070 875 1159; x_wconf 80' lang='grc' dir='ltr'><em>λάβωσι</em></span> <span class='ocrx_word' id='word_1_70' title='bbox 899 1067 1082 1157; x_wconf 75' lang='grc' dir='ltr'><em>ὀστεΐνους,</em></span> 
     </span>
     <span class='ocr_line' id='line_1_10' title="bbox 89 1166 1083 1256; baseline 0.002 -21"><span class='ocrx_word' id='word_1_71' title='bbox 89 1166 204 1237; x_wconf 80' lang='grc' dir='ltr'><em>αὐλοῖσι</em></span> <span class='ocrx_word' id='word_1_72' title='bbox 220 1167 596 1256; x_wconf 74' lang='grc' dir='ltr'><em>προσεμφερεστάτους,</em></span> <span class='ocrx_word' id='word_1_73' title='bbox 619 1168 760 1248; x_wconf 81' lang='grc' dir='ltr'><em>τούτους</em></span> <span class='ocrx_word' id='word_1_74' title='bbox 781 1172 937 1250; x_wconf 74' lang='grc' dir='ltr'><em>ἐσθέντες</em></span> <span class='ocrx_word' id='word_1_75' title='bbox 961 1173 994 1250; x_wconf 90' lang='grc' dir='ltr'><em>ἐς</em></span> <span class='ocrx_word' id='word_1_76' title='bbox 1014 1177 1083 1239; x_wconf 80' lang='grc' dir='ltr'><em>τάν</em></span> 
     </span>
     <span class='ocr_line' id='line_1_11' title="bbox 87 1263 1083 1355; baseline -0.001 -19"><span class='ocrx_word' id='word_1_77' title='bbox 87 1268 206 1353; x_wconf 82' lang='grc' dir='ltr'><em>θηλέων</em></span> <span class='ocrx_word' id='word_1_78' title='bbox 228 1272 344 1336; x_wconf 80' lang='grc' dir='ltr'><em>ἳππων</em></span> <span class='ocrx_word' id='word_1_79' title='bbox 360 1264 401 1336; x_wconf 88' lang='grc' dir='ltr'><em>τά</em></span> <span class='ocrx_word' id='word_1_80' title='bbox 422 1264 536 1354; x_wconf 86' lang='grc' dir='ltr'><em>ἀρθρα</em></span> <span class='ocrx_word' id='word_1_81' title='bbox 549 1267 806 1352; x_wconf 81' lang='grc' dir='ltr'><em>φυσέουσιτοίσι</em></span> <span class='ocrx_word' id='word_1_82' title='bbox 817 1266 969 1355; x_wconf 81' lang='grc' dir='ltr'><em>στόμασι,</em></span> <span class='ocrx_word' id='word_1_83' title='bbox 987 1263 1083 1337; x_wconf 86' lang='grc' dir='ltr'><em>άλλοι</em></span> 
     </span>
     <span class='ocr_line' id='line_1_12' title="bbox 86 1363 1081 1453; baseline 0.003 -21"><span class='ocrx_word' id='word_1_84' title='bbox 86 1370 116 1433; x_wconf 80' lang='grc' dir='ltr'><em>δὲ</em></span> <span class='ocrx_word' id='word_1_85' title='bbox 128 1364 238 1435; x_wconf 84' lang='grc' dir='ltr'><em>ἀλλων</em></span> <span class='ocrx_word' id='word_1_86' title='bbox 253 1364 453 1453; x_wconf 83' lang='grc' dir='ltr'><em>φυσεόντιον</em></span> <span class='ocrx_word' id='word_1_87' title='bbox 469 1363 662 1453; x_wconf 88' lang='grc' dir='ltr'><em>ἀμέλγουσι.</em></span> <span class='ocrx_word' id='word_1_88' title='bbox 686 1367 769 1451; x_wconf 85' lang='grc' dir='ltr'><em>φασλ</em></span> <span class='ocrx_word' id='word_1_89' title='bbox 782 1369 820 1435; x_wconf 75' lang='grc' dir='ltr'><em>δε</em></span> <span class='ocrx_word' id='word_1_90' title='bbox 833 1372 934 1435; x_wconf 89' lang='grc' dir='ltr'><em>τοῦδε</em></span> <span class='ocrx_word' id='word_1_91' title='bbox 951 1369 1081 1437; x_wconf 76' lang='grc' dir='ltr'><em>εἵνεκεν</em></span> 
     </span>
     <span class='ocr_line' id='line_1_13' title="bbox 85 1464 1083 1554; baseline -0.002 -21"><span class='ocrx_word' id='word_1_92' title='bbox 85 1473 170 1535; x_wconf 85' lang='grc' dir='ltr'><em>τοῦτο</em></span> <span class='ocrx_word' id='word_1_93' title='bbox 184 1472 330 1537; x_wconf 89' lang='grc' dir='ltr'><em>ποιέειν·</em></span> <span class='ocrx_word' id='word_1_94' title='bbox 359 1464 419 1546; x_wconf 81' lang='grc' dir='ltr'><em>τάς</em></span> <span class='ocrx_word' id='word_1_95' title='bbox 443 1470 570 1554; x_wconf 80' lang='grc' dir='ltr'><em>φλέβας</em></span> <span class='ocrx_word' id='word_1_96' title='bbox 589 1491 626 1534; x_wconf 89' lang='grc' dir='ltr'><em>τε</em></span> <span class='ocrx_word' id='word_1_97' title='bbox 643 1470 855 1551; x_wconf 80' lang='grc' dir='ltr'><em>πίμπλασθαι</em></span> <span class='ocrx_word' id='word_1_98' title='bbox 872 1466 1083 1552; x_wconf 88' lang='grc' dir='ltr'><em>φυσεομένας</em></span> 
     </span>
     <span class='ocr_line' id='line_1_14' title="bbox 83 1559 1205 1656; baseline -0.004 -21"><span class='ocrx_word' id='word_1_99' title='bbox 83 1575 132 1655; x_wconf 80' lang='grc' dir='ltr'><em>τῆς</em></span> <span class='ocrx_word' id='word_1_100' title='bbox 143 1571 252 1637; x_wconf 79' lang='grc' dir='ltr'><em>ἵππου</em></span> <span class='ocrx_word' id='word_1_101' title='bbox 267 1570 323 1636; x_wconf 80' lang='grc' dir='ltr'><em>καί</em></span> <span class='ocrx_word' id='word_1_102' title='bbox 343 1563 380 1635; x_wconf 86' lang='grc' dir='ltr'><em>τό</em></span> <span class='ocrx_word' id='word_1_103' title='bbox 403 1559 516 1656; x_wconf 89' lang='grc' dir='ltr'><em>ούθαρ</em></span> <span class='ocrx_word' id='word_1_104' title='bbox 534 1573 719 1635; x_wconf 87' lang='grc' dir='ltr'><em>κατίεσθαι.</em></span> <span class='ocrx_word' id='word_1_105' title='bbox 748 1561 850 1633; x_wconf 87' lang='grc' dir='ltr'><em>ἐπεάν</em></span> <span class='ocrx_word' id='word_1_106' title='bbox 866 1567 902 1633; x_wconf 78' lang='grc' dir='ltr'><em>δέ</em></span> <span class='ocrx_word' id='word_1_107' title='bbox 916 1561 1082 1652; x_wconf 74' lang='grc' dir='ltr'><em>ἀμέλξωσι</em></span> <span class='ocrx_word' id='word_1_108' title='bbox 1203 1621 1205 1630; x_wconf 32' lang='grc' dir='ltr'><em>ι</em></span> 
     </span>
     <span class='ocr_line' id='line_1_15' title="bbox 84 1661 1082 1755; baseline -0.005 -20"><span class='ocrx_word' id='word_1_109' title='bbox 84 1664 113 1735; x_wconf 84' lang='grc' dir='ltr'><em>τό</em></span> <span class='ocrx_word' id='word_1_110' title='bbox 131 1666 235 1755; x_wconf 91' lang='grc' dir='ltr'><em>γάλα,</em></span> <span class='ocrx_word' id='word_1_111' title='bbox 257 1668 428 1752; x_wconf 75' lang='grc' dir='ltr'><em>ἐσχέαντες</em></span> <span class='ocrx_word' id='word_1_112' title='bbox 448 1667 481 1744; x_wconf 86' lang='grc' dir='ltr'><em>ές</em></span> <span class='ocrx_word' id='word_1_113' title='bbox 504 1664 622 1745; x_wconf 82' lang='grc' dir='ltr'><em>ξύλινα</em></span> <span class='ocrx_word' id='word_1_114' title='bbox 646 1661 768 1751; x_wconf 77' lang='grc' dir='ltr'><em>ἀγγήια</em></span> <span class='ocrx_word' id='word_1_115' title='bbox 792 1673 888 1733; x_wconf 84' lang='grc' dir='ltr'><em>κοίλα</em></span> <span class='ocrx_word' id='word_1_116' title='bbox 909 1666 964 1731; x_wconf 81' lang='grc' dir='ltr'><em>καλ</em></span> <span class='ocrx_word' id='word_1_117' title='bbox 985 1687 1082 1749; x_wconf 89' lang='grc' dir='ltr'><em>περι-</em></span> 
     </span>
     <span class='ocr_line' id='line_1_16' title="bbox 83 1759 1080 1853; baseline -0.007 -18"><span class='ocrx_word' id='word_1_118' title='bbox 83 1772 241 1848; x_wconf 85' lang='grc' dir='ltr'><em>στίξαντες</em></span> <span class='ocrx_word' id='word_1_119' title='bbox 263 1762 348 1833; x_wconf 87' lang='grc' dir='ltr'><em>κατά</em></span> <span class='ocrx_word' id='word_1_120' title='bbox 372 1762 413 1832; x_wconf 82' lang='grc' dir='ltr'><em>τά</em></span> <span class='ocrx_word' id='word_1_121' title='bbox 439 1761 561 1853; x_wconf 78' lang='grc' dir='ltr'><em>ἀγγήια</em></span> <span class='ocrx_word' id='word_1_122' title='bbox 587 1760 666 1842; x_wconf 84' lang='grc' dir='ltr'><em>τοῦς</em></span> <span class='ocrx_word' id='word_1_123' title='bbox 686 1759 837 1850; x_wconf 84' lang='grc' dir='ltr'><em>τυφλούς</em></span> <span class='ocrx_word' id='word_1_124' title='bbox 863 1764 1019 1830; x_wconf 78' lang='grc' dir='ltr'><em>δονέουσι</em></span> <span class='ocrx_word' id='word_1_125' title='bbox 1042 1760 1080 1829; x_wconf 87' lang='grc' dir='ltr'><em>τό</em></span> 
     </span>
     <span class='ocr_line' id='line_1_17' title="bbox 82 1854 1082 1951; baseline -0.009 -18"><span class='ocrx_word' id='word_1_126' title='bbox 82 1867 169 1951; x_wconf 88' lang='grc' dir='ltr'><em>γάλα,</em></span> <span class='ocrx_word' id='word_1_127' title='bbox 175 1868 234 1933; x_wconf 85' lang='grc' dir='ltr'><em>καλ</em></span> <span class='ocrx_word' id='word_1_128' title='bbox 244 1861 281 1932; x_wconf 83' lang='grc' dir='ltr'><em>τό</em></span> <span class='ocrx_word' id='word_1_129' title='bbox 294 1863 356 1950; x_wconf 78' lang='grc' dir='ltr'><em>μέν</em></span> <span class='ocrx_word' id='word_1_130' title='bbox 366 1859 472 1931; x_wconf 82' lang='grc' dir='ltr'><em>αὐτοῦ</em></span> <span class='ocrx_word' id='word_1_131' title='bbox 480 1862 703 1949; x_wconf 85' lang='grc' dir='ltr'><em>ἐπιστάμενον</em></span> <span class='ocrx_word' id='word_1_132' title='bbox 714 1856 947 1945; x_wconf 86' lang='grc' dir='ltr'><em>ἀπαρύσαντες</em></span> <span class='ocrx_word' id='word_1_133' title='bbox 956 1854 1082 1947; x_wconf 80' lang='grc' dir='ltr'><em>ἡγεῦν-</em></span> 
     </span>
     <span class='ocr_line' id='line_1_18' title="bbox 82 1958 1124 2052; baseline -0.006 -20"><span class='ocrx_word' id='word_1_134' title='bbox 82 1992 126 2032; x_wconf 86' lang='grc' dir='ltr'><em>ται</em></span> <span class='ocrx_word' id='word_1_135' title='bbox 142 1961 230 2032; x_wconf 80' lang='grc' dir='ltr'><em>είυαι</em></span> <span class='ocrx_word' id='word_1_136' title='bbox 244 1962 459 2050; x_wconf 85' lang='grc' dir='ltr'><em>τιμιιότερον,</em></span> <span class='ocrx_word' id='word_1_137' title='bbox 475 1958 512 2029; x_wconf 86' lang='grc' dir='ltr'><em>τό</em></span> <span class='ocrx_word' id='word_1_138' title='bbox 531 1958 562 2028; x_wconf 90' lang='grc' dir='ltr'><em>δ’</em></span> <span class='ocrx_word' id='word_1_139' title='bbox 581 1958 811 2052; x_wconf 77' lang='grc' dir='ltr'><em>ὑπιστάμενον</em></span> <span class='ocrx_word' id='word_1_140' title='bbox 824 1960 925 2028; x_wconf 77' lang='grc' dir='ltr'><em>ἕσσον</em></span> <span class='ocrx_word' id='word_1_141' title='bbox 934 1962 997 2027; x_wconf 85' lang='grc' dir='ltr'><em>τοῦ</em></span> <span class='ocrx_word' id='word_1_142' title='bbox 1012 1958 1081 2027; x_wconf 82' lang='grc' dir='ltr'><em>ἑτέ-</em></span> <span class='ocrx_word' id='word_1_143' title='bbox 1117 1995 1124 2006; x_wconf 88' lang='lat'><strong>·</strong></span> 
     </span>
     <span class='ocr_line' id='line_1_19' title="bbox 82 2053 1084 2148; baseline -0.007 -17"><span class='ocrx_word' id='word_1_144' title='bbox 82 2089 144 2148; x_wconf 76' lang='grc' dir='ltr'><em>ρου.</em></span> <span class='ocrx_word' id='word_1_145' title='bbox 168 2062 302 2131; x_wconf 84' lang='grc' dir='ltr'><em>τούτων</em></span> <span class='ocrx_word' id='word_1_146' title='bbox 325 2062 388 2148; x_wconf 79' lang='grc' dir='ltr'><em>μὲν</em></span> <span class='ocrx_word' id='word_1_147' title='bbox 410 2065 539 2129; x_wconf 78' lang='grc' dir='ltr'><em>εἵνεκεν</em></span> <span class='ocrx_word' id='word_1_148' title='bbox 561 2059 712 2147; x_wconf 82' lang='grc' dir='ltr'><em>ἅπαντα,</em></span> <span class='ocrx_word' id='word_1_149' title='bbox 734 2057 796 2128; x_wconf 86' lang='grc' dir='ltr'><em>τόν</em></span> <span class='ocrx_word' id='word_1_150' title='bbox 816 2053 861 2126; x_wconf 89' lang='grc' dir='ltr'><em>ἀν</em></span> <span class='ocrx_word' id='word_1_151' title='bbox 881 2057 1027 2146; x_wconf 80' lang='grc' dir='ltr'><em>λάβωσι,</em></span> <span class='ocrx_word' id='word_1_152' title='bbox 1048 2060 1084 2125; x_wconf 86' lang='grc' dir='ltr'><em>οί</em></span> 
     </span>
     <span class='ocr_line' id='line_1_20' title="bbox 82 2153 1081 2246; baseline -0.008 -15"><span class='ocrx_word' id='word_1_153' title='bbox 82 2160 211 2231; x_wconf 80' lang='grc' dir='ltr'><em>Σκύθαι</em></span> <span class='ocrx_word' id='word_1_154' title='bbox 230 2163 452 2246; x_wconf 82' lang='grc' dir='ltr'><em>ἐκτυφλοῦσι·</em></span> <span class='ocrx_word' id='word_1_155' title='bbox 482 2157 524 2228; x_wconf 89' lang='grc' dir='ltr'><em>ού</em></span> <span class='ocrx_word' id='word_1_156' title='bbox 540 2157 606 2245; x_wconf 84' lang='grc' dir='ltr'><em>γάρ</em></span> <span class='ocrx_word' id='word_1_157' title='bbox 629 2157 748 2244; x_wconf 89' lang='grc' dir='ltr'><em>ἀρόται</em></span> <span class='ocrx_word' id='word_1_158' title='bbox 771 2161 849 2244; x_wconf 82' lang='grc' dir='ltr'><em>είσλ,</em></span> <span class='ocrx_word' id='word_1_159' title='bbox 872 2153 956 2226; x_wconf 87' lang='grc' dir='ltr'><em>ἀλλά</em></span> <span class='ocrx_word' id='word_1_160' title='bbox 973 2154 1081 2243; x_wconf 84' lang='grc' dir='ltr'><em>νομά-</em></span> 
     </span>
     <span class='ocr_line' id='line_1_21' title="bbox 81 2252 1112 2346; baseline -0.004 -19"><span class='ocrx_word' id='word_1_161' title='bbox 81 2265 136 2339; x_wconf 85' lang='grc' dir='ltr'><em>δες.</em></span> <span class='ocrx_word' id='word_1_162' title='bbox 163 2257 220 2328; x_wconf 86' lang='grc' dir='ltr'><em>Ἐκ</em></span> <span class='ocrx_word' id='word_1_163' title='bbox 232 2257 364 2326; x_wconf 82' lang='grc' dir='ltr'><em>τούτων</em></span> <span class='ocrx_word' id='word_1_164' title='bbox 378 2256 419 2346; x_wconf 79' lang='grc' dir='ltr'><em>δὴ</em></span> <span class='ocrx_word' id='word_1_165' title='bbox 436 2252 485 2327; x_wconf 79' lang='grc' dir='ltr'><em>όν</em></span> <span class='ocrx_word' id='word_1_166' title='bbox 500 2279 562 2345; x_wconf 91' lang='grc' dir='ltr'><em>σφι</em></span> <span class='ocrx_word' id='word_1_167' title='bbox 576 2265 645 2325; x_wconf 80' lang='grc' dir='ltr'><em>τῶν</em></span> <span class='ocrx_word' id='word_1_168' title='bbox 661 2257 796 2326; x_wconf 85' lang='grc' dir='ltr'><em>δούλοιν</em></span> <span class='ocrx_word' id='word_1_169' title='bbox 809 2259 947 2324; x_wconf 75' lang='grc' dir='ltr'><em>καὶτῶν</em></span> <span class='ocrx_word' id='word_1_170' title='bbox 961 2268 1112 2342; x_wconf 73' lang='grc' dir='ltr'><em>γυναι-3</em></span> 
     </span>
     <span class='ocr_line' id='line_1_22' title="bbox 80 2350 1080 2446; baseline -0.006 -19"><span class='ocrx_word' id='word_1_171' title='bbox 80 2367 142 2427; x_wconf 81' lang='grc' dir='ltr'><em>κόν</em></span> <span class='ocrx_word' id='word_1_172' title='bbox 156 2357 331 2446; x_wconf 85' lang='grc' dir='ltr'><em>ἐπετράφη</em></span> <span class='ocrx_word' id='word_1_173' title='bbox 345 2358 481 2446; x_wconf 86' lang='grc' dir='ltr'><em>νεότης,</em></span> <span class='ocrx_word' id='word_1_174' title='bbox 504 2365 540 2426; x_wconf 82' lang='grc' dir='ltr'><em>ολ</em></span> <span class='ocrx_word' id='word_1_175' title='bbox 565 2359 672 2426; x_wconf 85' lang='grc' dir='ltr'><em>ἐπείτε</em></span> <span class='ocrx_word' id='word_1_176' title='bbox 693 2362 824 2442; x_wconf 75' lang='grc' dir='ltr'><em>ἔμαθον</em></span> <span class='ocrx_word' id='word_1_177' title='bbox 836 2350 901 2442; x_wconf 77' lang='grc' dir='ltr'><em>τὴν</em></span> <span class='ocrx_word' id='word_1_178' title='bbox 915 2357 1080 2440; x_wconf 80' lang='grc' dir='ltr'><em>σφετέρην</em></span> 
     </span>
     <span class='ocr_line' id='line_1_23' title="bbox 78 2451 1078 2545; baseline -0.008 -19"><span class='ocrx_word' id='word_1_179' title='bbox 78 2461 225 2544; x_wconf 86' lang='grc' dir='ltr'><em>γένεσιν,</em></span> <span class='ocrx_word' id='word_1_180' title='bbox 256 2453 433 2545; x_wconf 83' lang='grc' dir='ltr'><em>ἧντιεῦντο</em></span> <span class='ocrx_word' id='word_1_181' title='bbox 457 2453 588 2524; x_wconf 84' lang='grc' dir='ltr'><em>αύτοῑσι</em></span> <span class='ocrx_word' id='word_1_182' title='bbox 610 2461 763 2524; x_wconf 86' lang='grc' dir='ltr'><em>κατιοῦσι</em></span> <span class='ocrx_word' id='word_1_183' title='bbox 787 2455 824 2522; x_wconf 85' lang='grc' dir='ltr'><em>έα</em></span> <span class='ocrx_word' id='word_1_184' title='bbox 847 2459 915 2520; x_wconf 81' lang='grc' dir='ltr'><em>τάν</em></span> <span class='ocrx_word' id='word_1_185' title='bbox 936 2451 1078 2541; x_wconf 78' lang='grc' dir='ltr'><em>Μήδων.</em></span> 
     </span>
     <span class='ocr_line' id='line_1_24' title="bbox 77 2546 1081 2641; baseline -0.007 -17"><span class='ocrx_word' id='word_1_186' title='bbox 77 2559 128 2624; x_wconf 84' lang='grc' dir='ltr'><em>καλ</em></span> <span class='ocrx_word' id='word_1_187' title='bbox 141 2562 259 2641; x_wconf 80' lang='grc' dir='ltr'><em>πρῶτα</em></span> <span class='ocrx_word' id='word_1_188' title='bbox 280 2557 342 2640; x_wconf 76' lang='grc' dir='ltr'><em>μὲν</em></span> <span class='ocrx_word' id='word_1_189' title='bbox 363 2551 426 2641; x_wconf 79' lang='grc' dir='ltr'><em>τὴν</em></span> <span class='ocrx_word' id='word_1_190' title='bbox 447 2577 561 2640; x_wconf 75' lang='grc' dir='ltr'><em>χορην</em></span> <span class='ocrx_word' id='word_1_191' title='bbox 578 2547 788 2639; x_wconf 85' lang='grc' dir='ltr'><em>ἀπετάμοντο</em></span> <span class='ocrx_word' id='word_1_192' title='bbox 804 2549 937 2639; x_wconf 87' lang='grc' dir='ltr'><em>τάφρον</em></span> <span class='ocrx_word' id='word_1_193' title='bbox 957 2546 1081 2637; x_wconf 78' lang='grc' dir='ltr'><em>ὀρυξά-</em></span> 
     </span>
     <span class='ocr_line' id='line_1_25' title="bbox 78 2644 1080 2740; baseline -0.006 -20"><span class='ocrx_word' id='word_1_194' title='bbox 78 2680 170 2740; x_wconf 86' lang='grc' dir='ltr'><em>μενοι</em></span> <span class='ocrx_word' id='word_1_195' title='bbox 185 2650 310 2739; x_wconf 86' lang='grc' dir='ltr'><em>εὐρέαν</em></span> <span class='ocrx_word' id='word_1_196' title='bbox 332 2657 596 2720; x_wconf 83' lang='grc' dir='ltr'><em>κατατείνουσαν</em></span> <span class='ocrx_word' id='word_1_197' title='bbox 613 2651 733 2717; x_wconf 78' lang='grc' dir='ltr'><em>ἐκτῶν</em></span> <span class='ocrx_word' id='word_1_198' title='bbox 753 2655 931 2737; x_wconf 78' lang='grc' dir='ltr'><em>Ταυρικῶν</em></span> <span class='ocrx_word' id='word_1_199' title='bbox 951 2644 1080 2736; x_wconf 80' lang='grc' dir='ltr'><em>ούρέοιυ</em></span> 
     </span>
     <span class='ocr_line' id='line_1_26' title="bbox 78 2745 1080 2838; baseline -0.004 -20"><span class='ocrx_word' id='word_1_200' title='bbox 78 2755 107 2828; x_wconf 84' lang='grc' dir='ltr'><em>ἐς</em></span> <span class='ocrx_word' id='word_1_201' title='bbox 125 2747 189 2838; x_wconf 75' lang='grc' dir='ltr'><em>τὴν</em></span> <span class='ocrx_word' id='word_1_202' title='bbox 204 2755 356 2836; x_wconf 83' lang='grc' dir='ltr'><em>Μαιῆτιν</em></span> <span class='ocrx_word' id='word_1_203' title='bbox 379 2757 519 2836; x_wconf 84' lang='grc' dir='ltr'><em>λίμνην,</em></span> <span class='ocrx_word' id='word_1_204' title='bbox 546 2748 653 2836; x_wconf 79' lang='grc' dir='ltr'><em>τῇπέρ</em></span> <span class='ocrx_word' id='word_1_205' title='bbox 671 2749 739 2816; x_wconf 91' lang='grc' dir='ltr'><em>ἐστι</em></span> <span class='ocrx_word' id='word_1_206' title='bbox 759 2753 913 2834; x_wconf 87' lang='grc' dir='ltr'><em>μεγίστη·</em></span> <span class='ocrx_word' id='word_1_207' title='bbox 941 2745 1023 2835; x_wconf 88' lang='grc' dir='ltr'><em>μετά</em></span> <span class='ocrx_word' id='word_1_208' title='bbox 1044 2748 1080 2814; x_wconf 74' lang='grc' dir='ltr'><em>δὲ</em></span> 
     </span>
     <span class='ocr_line' id='line_1_27' title="bbox 78 2842 1081 2939; baseline -0.007 -20"><span class='ocrx_word' id='word_1_209' title='bbox 78 2851 320 2939; x_wconf 82' lang='grc' dir='ltr'><em>πειρεομένοισι</em></span> <span class='ocrx_word' id='word_1_210' title='bbox 332 2850 508 2939; x_wconf 76' lang='grc' dir='ltr'><em>ἐσβάλλειν</em></span> <span class='ocrx_word' id='word_1_211' title='bbox 525 2862 611 2917; x_wconf 87' lang='grc' dir='ltr'><em>τοίσι</em></span> <span class='ocrx_word' id='word_1_212' title='bbox 622 2847 782 2935; x_wconf 80' lang='grc' dir='ltr'><em>Σκύθησι</em></span> <span class='ocrx_word' id='word_1_213' title='bbox 798 2842 1081 2932; x_wconf 83' lang='grc' dir='ltr'><em>ἀντικατιζόμενοι</em></span> 
     </span>
     <span class='ocr_line' id='line_1_28' title="bbox 78 2943 1082 3036; baseline -0.005 -19"><span class='ocrx_word' id='word_1_214' title='bbox 78 2949 245 3036; x_wconf 88' lang='grc' dir='ltr'><em>ἐμάχοντο.</em></span> <span class='ocrx_word' id='word_1_215' title='bbox 270 2953 449 3036; x_wconf 83' lang='grc' dir='ltr'><em>γινομένης</em></span> <span class='ocrx_word' id='word_1_216' title='bbox 464 2950 501 3017; x_wconf 69' lang='grc' dir='ltr'><em>δέ</em></span> <span class='ocrx_word' id='word_1_217' title='bbox 518 2948 622 3036; x_wconf 83' lang='grc' dir='ltr'><em>μάχης</em></span> <span class='ocrx_word' id='word_1_218' title='bbox 637 2943 797 3024; x_wconf 84' lang='grc' dir='ltr'><em>πολλάκις</em></span> <span class='ocrx_word' id='word_1_219' title='bbox 810 2943 920 3013; x_wconf 85' lang='grc' dir='ltr'><em>καλοῦ</em></span> <span class='ocrx_word' id='word_1_220' title='bbox 935 2944 1082 3029; x_wconf 87' lang='grc' dir='ltr'><em>δυναμέ-</em></span> 
     </span>
     <span class='ocr_line' id='line_1_29' title="bbox 78 3038 1149 3135; baseline -0.007 -20"><span class='ocrx_word' id='word_1_221' title='bbox 78 3074 146 3115; x_wconf 83' lang='grc' dir='ltr'><em>νων</em></span> <span class='ocrx_word' id='word_1_222' title='bbox 161 3044 264 3116; x_wconf 74' lang='grc' dir='ltr'><em>οῦδὲν</em></span> <span class='ocrx_word' id='word_1_223' title='bbox 278 3049 382 3116; x_wconf 87' lang='grc' dir='ltr'><em>πλέον</em></span> <span class='ocrx_word' id='word_1_224' title='bbox 398 3053 487 3133; x_wconf 77' lang='grc' dir='ltr'><em>ἔχειν</em></span> <span class='ocrx_word' id='word_1_225' title='bbox 501 3053 570 3115; x_wconf 78' lang='grc' dir='ltr'><em>τῶν</em></span> <span class='ocrx_word' id='word_1_226' title='bbox 584 3050 755 3115; x_wconf 85' lang='grc' dir='ltr'><em>Σκυθέων</em></span> <span class='ocrx_word' id='word_1_227' title='bbox 768 3052 809 3135; x_wconf 78' lang='grc' dir='ltr'><em>τῇ</em></span> <span class='ocrx_word' id='word_1_228' title='bbox 827 3044 933 3132; x_wconf 83' lang='grc' dir='ltr'><em>μάχη,</em></span> <span class='ocrx_word' id='word_1_229' title='bbox 957 3038 1003 3121; x_wconf 78' lang='grc' dir='ltr'><em>εἷς</em></span> <span class='ocrx_word' id='word_1_230' title='bbox 1018 3039 1081 3109; x_wconf 90' lang='grc' dir='ltr'><em>αύ-</em></span> <span class='ocrx_word' id='word_1_231' title='bbox 1145 3051 1149 3058; x_wconf 90' lang='grc'><strong>’</strong></span> 
     </span>
     <span class='ocr_line' id='line_1_30' title="bbox 77 3138 1082 3234; baseline -0.009 -20"><span class='ocrx_word' id='word_1_232' title='bbox 77 3152 248 3227; x_wconf 80' lang='grc' dir='ltr'><em>τῦνέλιξε</em></span> <span class='ocrx_word' id='word_1_233' title='bbox 266 3148 362 3214; x_wconf 90' lang='grc' dir='ltr'><em>τάδε·</em></span> <span class='ocrx_word' id='word_1_234' title='bbox 404 3139 468 3216; x_wconf 80' lang='grc' dir='ltr'><em>Οἷα</em></span> <span class='ocrx_word' id='word_1_235' title='bbox 484 3152 663 3233; x_wconf 85' lang='grc' dir='ltr'><em>ποιεῦμεν,</em></span> <span class='ocrx_word' id='word_1_236' title='bbox 684 3141 806 3231; x_wconf 80' lang='grc' dir='ltr'><em>ἄνδρες</em></span> <span class='ocrx_word' id='word_1_237' title='bbox 820 3140 976 3221; x_wconf 74' lang='grc' dir='ltr'><em>Σκύθαις</em></span> <span class='ocrx_word' id='word_1_238' title='bbox 998 3138 1082 3234; x_wconf 87' lang='grc' dir='ltr'><em>δού-</em></span> 
     </span>
     <span class='ocr_line' id='line_1_31' title="bbox 78 3237 1081 3333; baseline -0.011 -18"><span class='ocrx_word' id='word_1_239' title='bbox 78 3255 164 3315; x_wconf 90' lang='grc' dir='ltr'><em>λοισι</em></span> <span class='ocrx_word' id='word_1_240' title='bbox 188 3260 274 3314; x_wconf 80' lang='grc' dir='ltr'><em>τοίσι</em></span> <span class='ocrx_word' id='word_1_241' title='bbox 299 3242 490 3333; x_wconf 78' lang='grc' dir='ltr'><em>ἡμετέροισι</em></span> <span class='ocrx_word' id='word_1_242' title='bbox 517 3245 700 3332; x_wconf 86' lang='grc' dir='ltr'><em>μαχόμενοι</em></span> <span class='ocrx_word' id='word_1_243' title='bbox 724 3238 824 3310; x_wconf 90' lang='grc' dir='ltr'><em>αῦτοί</em></span> <span class='ocrx_word' id='word_1_244' title='bbox 843 3265 879 3307; x_wconf 86' lang='grc' dir='ltr'><em>τε</em></span> <span class='ocrx_word' id='word_1_245' title='bbox 905 3237 1081 3320; x_wconf 87' lang='grc' dir='ltr'><em>ἐλάσσονες</em></span> 
     </span>
     <span class='ocr_line' id='line_1_32' title="bbox 78 3336 1080 3433; baseline -0.005 -21"><span class='ocrx_word' id='word_1_246' title='bbox 78 3345 286 3433; x_wconf 86' lang='grc' dir='ltr'><em>κτεινόμενοι</em></span> <span class='ocrx_word' id='word_1_247' title='bbox 305 3345 475 3433; x_wconf 84' lang='grc' dir='ltr'><em>γινόμεθα</em></span> <span class='ocrx_word' id='word_1_248' title='bbox 495 3348 551 3414; x_wconf 81' lang='grc' dir='ltr'><em>καλ</em></span> <span class='ocrx_word' id='word_1_249' title='bbox 565 3346 716 3420; x_wconf 87' lang='grc' dir='ltr'><em>ἐκείνους</em></span> <span class='ocrx_word' id='word_1_250' title='bbox 735 3343 921 3416; x_wconf 85' lang='grc' dir='ltr'><em>κτείνοντες</em></span> <span class='ocrx_word' id='word_1_251' title='bbox 941 3336 1080 3407; x_wconf 84' lang='grc' dir='ltr'><em>ἐλασσό-</em></span> 
     </span>
     <span class='ocr_line' id='line_1_33' title="bbox 79 3437 1081 3533; baseline -0.005 -23"><span class='ocrx_word' id='word_1_252' title='bbox 79 3470 149 3512; x_wconf 87' lang='grc' dir='ltr'><em>νων</em></span> <span class='ocrx_word' id='word_1_253' title='bbox 161 3444 198 3514; x_wconf 89' lang='grc' dir='ltr'><em>τό</em></span> <span class='ocrx_word' id='word_1_254' title='bbox 217 3441 339 3514; x_wconf 81' lang='grc' dir='ltr'><em>λοιπόν</em></span> <span class='ocrx_word' id='word_1_255' title='bbox 354 3441 507 3533; x_wconf 85' lang='grc' dir='ltr'><em>ἀρξομεν.</em></span> <span class='ocrx_word' id='word_1_256' title='bbox 536 3451 603 3513; x_wconf 89' lang='grc' dir='ltr'><em>νῦν</em></span> <span class='ocrx_word' id='word_1_257' title='bbox 619 3437 670 3511; x_wconf 83' lang='grc' dir='ltr'><em>τόν</em></span> <span class='ocrx_word' id='word_1_258' title='bbox 688 3465 746 3528; x_wconf 90' lang='grc' dir='ltr'><em>μοι</em></span> <span class='ocrx_word' id='word_1_259' title='bbox 761 3439 870 3506; x_wconf 87' lang='grc' dir='ltr'><em>δοκέει</em></span> <span class='ocrx_word' id='word_1_260' title='bbox 884 3437 1002 3523; x_wconf 75' lang='grc' dir='ltr'><em>αἰχμάς</em></span> <span class='ocrx_word' id='word_1_261' title='bbox 1018 3444 1081 3524; x_wconf 74' lang='grc' dir='ltr'><em>μὲν</em></span> 
     </span>
    </p>
   </div>
   <div class='ocr_carea' id='block_1_3' title="bbox 0 0 1254 3925">
    <p class='ocr_par' dir='ltr' id='par_1_3' title="bbox 0 0 1254 3925">
     <span class='ocr_line' id='line_1_34' title="bbox 0 0 1254 3925; baseline 0 3"><span class='ocrx_word' id='word_1_262' title='bbox 0 0 1254 3925; x_wconf 95' lang='lat' dir='ltr'><em> </em></span> 
     </span>
    </p>
   </div>
  </div>
 </body>
</html>
