2500 3925
330 197 415 253 LIB.
446 199 503 255 vn
539 199 639 259 cAP.
674 207 758 262 30-
772 211 815 266 δύ
1019 209 1078 272 141

70 352 295 476 Ἐλαιοῷντα’
275 355 493 441 αγινεύμενος
505 371 669 442 γυναῖκας
683 356 825 450 ιἰθέμιτα
836 370 917 455 έργα
932 372 1076 457 έρδεσκι.

68 448 119 531 Ἐς
131 449 258 539 ταύτην
275 443 325 539 ύν
338 448 400 541 τὴν
416 450 522 542 ἀκτὴν
535 457 569 537 έξ
579 453 753 545 Ἀβύδου*
738 462 937 552 ορμεύμενοι
952 471 1078 587 έγεφύ-
1091 482 1125 537 34

69 574 157 635 ρουν
167 563 253 619 τοῖσι
263 536 522 639 προσεκέετο,
485 579 548 641 την
559 553 623 640 μὲν
632 564 832 629 λευκολίνου
838 564 1050 654 Φοίνικες,
1013 592 1077 654 την

68 648 101 717 δ’
120 649 288 738 ἑτέρην
252 677 315 741 την
328 659 495 746 βυβλίνην
509 655 697 742 Αἰγύπτιοι.
723 663 843 731 έστιδὲ
853 663 1075 735 έπτιὶστάδιοι
1173 747 1176 754 Δ

68 745 279 872 έξἈῷύδου
275 750 361 831 ές
325 778 388 839 την
400 748 573 822 ἀπαντίον.
595 758 652 824 καί
661 753 703 844 δη
719 759 918 848 ἐζευγμένου
934 768 996 830 τού
1010 762 1075 832 πό-

67 871 133 933 ρου
143 849 380 937 ἐπιγενόμενος
388 876 514 938 γειμων
522 851 625 938 μέγας
635 854 804 938 συνέκοψέ
813 883 850 927 τε
864 861 1033 930 έκείνα’
985 885 1075 931 παν-

67 969 108 1011 τα
118 946 174 1013 καί
185 945 325 1016 διελνσι
353 945 455 1028 Ὡςδ’
470 948 615 1018 έπνθετο
623 949 758 1041 Ξερξης,
769 953 864 1025 δεινα
873 957 1073 1046 ποιεύμενος
1087 971 1122 1026 σε

67 1041 128 1109 τόν
136 1039 542 1132 Ἐλλήσποντονέκέλευσε
551 1055 743 1134 τριηκοσίας
753 1051 929 1125 ἐπικέσθαι
939 1056 1074 1144 μάστιγι

66 1137 195 1226 πληγὰς
208 1144 264 1210 καί
277 1158 426 1213 κατεῖναι
442 1142 530 1224 ές
495 1171 533 1213 το
555 1144 699 1232 πέλαγος
711 1149 842 1219 πεδέων
859 1157 980 1241 ζεῦγος.
1009 1152 1072 1244 ἤδη

66 1235 140 1310 δέ’
117 1259 263 1326 ηκουσα,
282 1239 327 1322 ύς
341 1246 396 1313 καί
410 1243 542 1331 στιγέας
557 1241 628 1331 ἅμα
646 1245 793 1317 τούτοισι
808 1246 982 1372 ἀπέπεμψε
1002 1261 1073 1322 στί-

65 1345 183 1417 ξοντας
195 1334 257 1406 τόν
263 1336 518 1429 Ἑλλήσποντον.
547 1343 734 1413 ἐνετέλλετο
748 1339 836 1433 δη
809 1373 859 1416 ων
876 1352 1072 1438 ῥαπίζοντας

66 1441 178 1522 λέγειν
189 1436 346 1527 βάρβαρά
361 1441 467 1509 τεκαὶ
481 1436 674 1509 ἀτάσθαλα·
697 1434 737 1511 Ὦ
753 1441 877 1531 πικρόν
886 1445 997 1535 ὕδωρ,
1015 1452 1072 1516 δε-

67 1535 191 1622 σπύτης
203 1561 256 1603 τοι
270 1540 368 1624 δίκην
382 1542 528 1607 ἐπιτιθεῖ
533 1527 692 1625 τηνδε,
667 1565 718 1608 οτι
728 1566 788 1626 μιν
797 1539 957 1631 ηδίκησας
969 1543 1071 1614 οὐδέν

65 1632 150 1720 πρὸς
170 1636 302 1705 ἐκείνου
322 1635 443 1707 ἄδικον
454 1635 580 1706 παθόν.
618 1639 686 1707 Καὶ
699 1639 857 1726 βασιλεύς
870 1643 932 1728 μὲν
948 1643 1071 1730 Ξέρξης

65 1733 259 1823 διαβήσεταί
271 1754 326 1823 σε,
343 1762 387 1824 ην
400 1763 436 1805 τε
448 1738 493 1804 σύ
507 1763 546 1823 γε
559 1734 703 1826 βουλη”
680 1764 723 1826 ην
736 1763 772 1806 τε
784 1765 846 1827 μη·
868 1743 921 1809 σοί
935 1741 972 1809 δὲ
986 1767 1069 1810 κατα

64 1839 162 1921 δίκην
173 1831 239 1920 ἄρα
252 1830 362 1915 οὐδεὶς
372 1833 568 1926 ἀνθρώπων
579 1836 662 1905 θύει
675 1832 720 1914 ὡς
730 1836 819 1907 ἐόντι
827 1845 959 1930 θολερῷ
969 1864 1006 1908 τε
1014 1844 1071 1909 καὶ

63 1932 203 2025 ἁλμυρῷ
220 1943 366 2029 ποταμῷ.
404 1938 474 2026 Τήν
490 1965 526 2007 τε
546 1935 586 2026 δὴ
601 1936 780 2007 θάλασσαν
790 1940 1071 2033 ένετέλλετοτού-

64 2056 152 2105 τοισι
166 2042 318 2125 ζημιοῦν,
332 2039 387 2107 καὶ
399 2046 468 2107 τῷν
478 2038 692 2107 έπεστεύτων
704 2044 745 2129 τῇ
757 2038 843 2121 ζεύξι
858 2046 921 2109 τοῦ
931 2037 1069 2127 Ἐλλησ-

62 2135 192 2206 πόντου
206 2132 390 2224 ύποταμείν
398 2135 458 2218 τὰς
469 2138 628 2225 κεφαλάς.
660 2140 726 2205 Καὶ
737 2141 771 2207 οί
785 2136 849 2224 μέν
861 2144 965 2207 ταῦτα
975 2140 1068 2208 έποί-
1081 2158 1116 2216 σε

61 2260 138 2321 ευν,
152 2248 240 2303 τοῖσι
253 2240 450 2322 προσεκέετο
465 2233 586 2324 αότηὴ
602 2234 719 2323 ἄχαρις
731 2237 826 2323 τιμή,
846 2232 906 2315 τὰς
921 2234 958 2305 δέ
972 2232 1069 2306 ἄλλοι

62 2331 289 2419 ἀρχιτέκτονες
304 2334 524 2420 ἐζεύγνυσαν·
553 2333 758 2424 ἐζεύγνυσαν
779 2331 816 2401 δέ
835 2326 917 2434 ω’δε·
944 2358 1068 2419 πεντη-

61 2432 241 2517 κοντέρους
250 2432 307 2500 καί
316 2430 471 2520 τριήρεας
482 2432 675 2517 συνθέντες,
686 2428 753 2499 ὑπὸ
766 2433 828 2517 μέν
838 2428 901 2517 τὴν
911 2429 995 2518 πρός
1004 2438 1066 2499 τοῦ

60 2525 368 2608 ΕὐξείνονΠόντου
379 2527 538 2615 ἑξήκοντά
551 2553 587 2595 τε
597 2528 653 2595 καὶ
663 2532 864 2613 τριηκοσίας,
877 2523 943 2594 ὑπό
958 2526 994 2594 δὲ
1003 2523 1067 2613 τὴν

60 2627 178 2713 έτέρην
191 2629 484 2712 τεσσερεσκαίδεκα
495 2628 551 2693 καί
564 2628 772 2711 τριηκοσίας,
786 2629 847 2692 τοῦ
857 2621 920 2710 μέν
929 2622 1066 2693 Πόντου

60 2724 264 2809 ἐπικαρσίας,
279 2729 341 2790 τοῦ
355 2725 392 2792 δέ
402 2719 650 2810 Ἑλλησπόντου
664 2717 748 2789 κατὰ
758 2718 851 2809 ύόον,
865 2723 922 2789 ίνοι
932 2718 1065 2790 ἀνακω-

58 2822 142 2910 γεύη
154 2819 216 2889 τόν
228 2819 331 2889 τόνον
344 2828 414 2889 τῷν
427 2819 561 2908 ὅπλων,
578 2822 761 2901 συνθέντες
772 2817 809 2887 δέ
820 2815 970 2907 ἀγκύρας
984 2846 1065 2888 πατ-

58 2927 146 3007 ῆκαν
160 2918 377 3007 περιμήκεας,
397 2917 458 3000 τὰς
475 2921 539 3007 μέν
552 2916 639 3007 πρός
654 2925 715 2989 τοῦ
728 2917 863 2987 Πόντου
883 2923 941 3003 τῆς
954 2919 1064 3005 ἑτέρης

57 3027 127 3087 τῷν
137 3016 272 3104 ἀνέμων
283 3020 412 3086 εἵνεκεν
421 3025 490 3087 τῶν
500 3023 631 3087 ἔσωθεν
643 3015 863 3101 ἐκπνεόντων,
875 3020 934 3101 τῆς
947 3015 983 3082 δέ
994 3016 1063 3083 ἑτέ-

57 3142 121 3203 ρης
141 3123 199 3202 τῆς
213 3112 296 3200 πρὸς
310 3118 450 3204 ἑσπέρης
464 3142 501 3185 τε
519 3120 575 3187 καί
595 3123 658 3186 τού
671 3122 814 3203 Αίγαίον
835 3112 939 3201 εὔρου
958 3140 994 3181 τε
1007 3116 1062 3183 καί

58 3211 163 3282 νότον
177 3214 322 3300 εἵνεκεν,
343 3217 521 3285 διέκπλοον
537 3215 574 3283 δέ
589 3213 787 3303 ὑτύφμυσιν
801 3214 978 3282 κατέλιπον
994 3219 1061 3280 τῷν

57 3311 332 3399 πεντηκοντέρων
342 3313 398 3379 καὶ
409 3315 573 3399 τριηρέων
582 3319 711 3400 τριχσύ,
721 3315 779 3381 ἵνα
789 3313 845 3381 καί
855 3312 888 3390 ές
898 3309 959 3379 τὸν
968 3312 1062 3380 Πόν-

56 3433 118 3475 τον
128 3412 186 3496 έχη
196 3404 214 3475 ό
224 3408 431 3495 βουλόμενοι
440 3410 566 3480 πλέειν
574 3417 719 3481 πλοίοισι
730 3418 878 3480 λεπτοῖσι
889 3415 943 3478 καί
954 3412 990 3480 έκ
1000 3417 1060 3479 τοῦ
