2500 3925
149 242 207 307 [86
524 244 774 302 HERODOTI

142 411 179 477 δέ
186 412 308 477 τούτου
318 411 448 492 λέγεται
459 412 580 475 είπείυ·
592 402 733 487 ’Ἄνδρες
744 400 893 489 Ἀργεῖοι,
905 401 1162 490 βασιλεύςΞέρ-

143 510 200 592 ξης
212 506 293 574 τάδε
304 503 386 593 ὑμῖν
396 508 501 591 λέγει·
518 502 630 588 Ἠμείς
643 508 820 588 νομίζομεν
831 507 967 589 Πέρσην
978 501 1074 589 εἶναι,
1092 498 1159 569 ἀπ’

143 599 186 674 οὗ
199 603 294 691 ἡμεῖς
306 604 511 691 γεγόναμεν,
528 607 632 670 παίδα
648 604 795 686 Περσέος
807 609 869 669 τοῦ
882 602 1037 689 Δανάης,
1053 627 1162 689 γεγο-

142 706 225 775 νότα
240 707 277 773 έιι
290 711 348 791 τῆς
362 706 496 792 Κηφέος
510 699 683 789 θυγατρὸς
693 700 923 789 Ἀνδρομέδης.
947 702 1035 772 οὕτω
1046 700 1092 772 άν
1104 696 1160 770 ὦν

143 815 259 890 εἴημεν
272 800 427 889 ὑμέτεροι
444 800 617 888 άπόγονοι.
642 799 720 869 οὔτε
731 793 784 868 ’τόν
793 798 897 887 ἡμέας
907 800 998 881 οίκδς
1009 805 1062 871 ἐπὶ
1073 799 1161 897 τούς

141 900 323 991 ἡμετέρους
360 898 552 989 προγόνους
568 895 829 987 στρατεύεσθαι,
867 896 946 967 ούτε
967 898 1072 987 ὑμέας
1092 900 1160 970 άλ-

141 1010 230 1069 λοισι
249 1001 473 1086 τιμωρέοντας
485 995 566 1085 ἡμῖν
586 994 761 1076 ἀντιξόους
774 998 951 1085 γενέσθαι,
971 996 1055 1069 άλλά
1069 996 1156 1084 παρ’

141 1101 224 1188 ύμῖν
236 1098 366 1168 αύτοῑσι
379 1098 523 1188 ἡσυχίην
535 1104 669 1185 ἔχοντας
683 1103 859 1182 κατῆσθαι.
877 1092 922 1184 ἢν
934 1095 999 1185 γάρ
1012 1101 1083 1185 έμοδ
1096 1102 1161 1185 γε’-

142 1228 241 1286 υηται
254 1195 338 1269 κατά
352 1199 454 1286 νόον,
470 1193 642 1283 υύδαμούς
655 1198 793 1283 μέζονας
806 1190 922 1281 ύμέων
938 1194 1018 1277 άξωι
1041 1204 1159 1266 Ταῦτα

142 1296 353 1378 ἀκούσαντας
368 1294 537 1385 Ἀργείους
549 1298 680 1382 λέγεται
701 1302 836 1382 πρῆγμα
850 1296 1074 1385 ποιήσασθαι,
1099 1301 1158 1366 καὶ

143 1402 343 1483 παραχρῆμα
356 1397 419 1483 μὲν
433 1392 535 1463 οὐδὲν
549 1396 855 1479 ἐπαγγελλομένους
868 1399 1066 1482 μεταιτέειν,
1084 1397 1159 1463 ἐπεὶ

143 1499 183 1563 δέ
191 1514 296 1581 σφεας
305 1494 582 1581 παραλαμβάνειν
592 1489 672 1571 τούς
678 1489 850 1579 Ἕλληνας,
865 1491 954 1562 οὕτω
966 1493 1006 1581 δὴ
1019 1499 1158 1564 έπιστα-

142 1595 282 1680 μένους,
305 1591 358 1661 ὅτι
378 1591 421 1661 ού
435 1591 666 1680 μεταδώσουσι
686 1597 744 1677 τῆς
765 1588 868 1679 ἀρχῆς
880 1594 1156 1682 Λακεδαιμόνιοι,

79 1712 125 1765 151
142 1696 340 1781 μεταιτέειν,
360 1696 418 1761 ἵνα
432 1694 486 1761 έπὶ
507 1690 696 1778 προφάσιος
711 1686 854 1777 ἡσυχίην
868 1688 982 1777 άγωσι.
1012 1702 1157 1780 Συμπε-

143 1807 217 1860 σείν
233 1790 270 1861 δέ
286 1792 435 1861 τούτοισι
449 1795 506 1860 καὶ
520 1790 619 1859 τόνδε
634 1787 694 1858 ιδν
710 1790 814 1876 λόγον
828 1794 968 1878 λέγουσί
978 1821 1066 1874 τινες
1077 1793 1154 1863 Ἑλ·

143 1894 275 1983 λήνων,
296 1901 449 1964 πολλοῖσι
463 1900 550 1962 ἔτεσι
566 1890 710 1979 ὕστερον
723 1891 910 1979 γενόμενον
924 1892 1069 1964 τούτων·
1092 1921 1156 1961 τυ-

141 2009 213 2082 χεῖν
228 1997 266 2062 έν
280 1992 444 2062 Σούσοισι
463 2005 549 2060 τοῖσι
563 1997 789 2079 Μεμνονίοισι
808 1991 923 2072 ἐόντας
938 1995 1051 2080 ἑτέρου
1065 1993 1156 2080 πρή-

141 2119 267 2180 γματος
280 2095 409 2160 εἵνεκεν
421 2088 583 2178 ἀγγέλους
593 2088 792 2177 Ἀθηναίων,
807 2096 958 2177 Καλλίην
967 2116 1004 2158 τε
1014 2088 1075 2159 τδν
1084 2087 1155 2159 Ἱπ-

143 2197 288 2259 πονίκου
302 2192 358 2258 καὶ
373 2187 453 2269 τούς
469 2186 551 2276 μετά
566 2189 689 2257 τούτου
706 2185 913 2276 ἀναβάντας,
931 2187 1100 2276 Ἀργείονς
1116 2190 1154 2256 δέ

143 2285 204 2353 τόν
214 2283 320 2354 αύτδν
330 2294 453 2355 τούτου
462 2288 587 2374 χρόνον
597 2289 792 2373 πέμψαντας
802 2291 857 2356 καὶ
867 2288 1008 2368 τούτους
1019 2290 1052 2368 ές
1058 2295 1154 2357 Σοῦ·
1247 2291 1248 2298 '

62 2416 69 2428 ·
144 2407 186 2453 σα
201 2383 363 2472 ἀγγέλους
378 2391 519 2472 εἰρωτᾶν
530 2385 744 2474 Ἀρτοξέρξην
753 2383 813 2454 τὸν
826 2389 969 2474 Ξέρξεω,
986 2397 1019 2455 εί
1029 2408 1090 2473 σφι
1105 2393 1150 2456 ἔτι
1246 2453 1247 2483 η

143 2486 277 2570 ἐμμένει
290 2480 352 2571 τὴν
362 2481 447 2569 πρός
457 2487 709 2572 Ξέρξηνφιλίην
718 2485 1004 2574 συνεκεράσαντο,
1020 2483 1043 2574 ἢ
1054 2513 1149 2574 νομι-

143 2588 250 2663 ζοίατο
262 2579 347 2668 πρδς
357 2581 464 2651 αὐτοῦ
475 2582 560 2653 εἶναι
570 2587 731 2671 πολέμιοι.
745 2589 882 2673 βασιλέα
894 2587 930 2654 δέ
936 2581 1151 2673 Ἀρτοξέρξην

141 2682 284 2769 μάλιστα
306 2684 461 2768 ἐμμένειν
481 2684 605 2772 φάναι,
626 2688 682 2754 καὶ
702 2683 863 2772 οὐδεμίαν
883 2693 1030 2773 νομίζειν
1052 2687 1152 2756 πόλιν

73 2798 124 2854 152
138 2780 276 2867 ’Ἄργεος
287 2787 497 2869 φιλιωτέρην.
509 2789 554 2853 m
563 2787 625 2870 μέν
636 2810 702 2852 νυν
707 2788 829 2873 ,Ξέρξης
840 2810 876 2852 τε
887 2781 1059 2872 ἀπέπεμψε
1069 2792 1151 2852 ταῦ-

140 2907 181 2948 τα
198 2884 338 2965 λέγοντα
352 2880 484 2968 κη’ρυκα
498 2881 659 2970 έςἍργος
671 2887 727 2952 καὶ
744 2881 902 2970 Ἀργείων
917 2882 1053 2971 ἄγγελοι
1067 2881 1149 2951 ύνα-

139 2979 260 3067 βάντες
272 2981 305 3057 ές
316 2987 434 3047 Σοῦσα
444 2981 636 3066 ἐπειρώτων
644 2979 857 3072 Ἀρτοξέρξην
867 2987 942 3064 περὶ
951 2987 1073 3069 φιλίης,
1089 2977 1150 3048 ούκ
1243 2997 1244 3019 ¹

140 3083 203 3163 ἔχω
215 3074 377 3162 ἀτρεκέως
398 3073 506 3166 εἶπαι,
529 3077 613 3147 ούδέ
618 3106 695 3149 τινα
704 3080 845 3168 γνύμην
855 3082 932 3165 περὶ
942 3077 1056 3149 αύτιόν
1067 3077 1149 3148 άπο-

139 3182 304 3264 φαίνομαι
314 3174 421 3262 άλλην
430 3173 503 3264 γεῆ
523 3175 648 3266 τήνπερ
663 3176 757 3247 αύτοδ
769 3176 910 3265 Ἀργεῑοι
921 3178 1065 3263 λέγουσι.
1079 3181 1148 3244 έπί-

139 3296 261 3362 σταμαι
280 3276 318 3343 δὲ
338 3283 495 3363 τοσοῦτο,
520 3276 572 3346 ὅτι
590 3284 621 3346 εί
639 3278 763 3358 πάντες
783 3275 962 3361 άνδρωποι
978 3273 1020 3345 τά
1040 3276 1148 3364 οίκήῐα
1241 3343 1242 3377 η

139 3369 226 3440 κακά
234 3375 267 3452 ές
278 3375 381 3459 μέσον
392 3381 623 3442 συνενείκαιεν
634 3371 841 3456 ἀλλάξασθαι
851 3371 1054 3462 βουλόμενοι
1064 3389 1146 3443 τοῖσι
1240 3465 1241 3468 ¹

138 3475 324 3558 πλησίοισι,
346 3472 551 3555 ἐγκύψαντες
568 3469 613 3542 άν
632 3476 666 3553 ές
683 3471 724 3542 τά
740 3481 808 3542 τῶν
821 3476 923 3553 πέλας
938 3470 1025 3541 κακά
1040 3470 1129 3542 ύσπα
1240 3499 1241 3555 η
