2500 3925
120 269 190 332 ‘98
520 271 773 328 HERODOTI

150 429 192 518 δή
209 432 246 499 ἐκ
254 430 383 518 βάθεος
393 396 630 518 περιεβάλετο,
651 427 784 514 τοιήνδε
800 429 836 496 δέ
850 429 883 508 ἐξ
894 399 1010 496 Ιαύτῦυ
1025 451 1151 512 παρευ-

150 530 264 616 θήκηυ
279 529 466 616 ἐποιήσατο.
489 535 547 613 τῆς
561 525 677 603 πόλιος
692 525 810 610 ἐούσης
826 526 887 592 δύο
900 527 1075 610 φαρσέων,
1090 528 1153 588 τοῦ

151 625 187 692 δέ
201 650 353 711 ποταμου
338 625 470 710 μέσον
485 629 632 709 ἐχουτος,
649 623 701 690 ἐπὶ
715 628 783 688 τῶν
797 620 963 708 πρότερον
974 623 1152 707 βασιλέων,

150 720 237 801 ὅκως
250 748 299 801 τις
313 724 424 790 ἐθέλοι
441 722 477 789 ἐκ
487 745 549 788 του
534 720 677 806 ἑτέρου
692 717 837 804 φάρσεος
854 719 886 796 ἐς
900 716 1060 804 τοῦτερον
1078 718 1152 782 δια-

151 823 270 940 ήήναι,
292 827 377 907 χρῆν
391 826 495 909 πλοίφ
517 822 711 903 διαβαίνειν.
734 808 829 882 καὶ
807 840 867 901 ην,
891 811 934 892 ὡς
951 810 1015 899 ἐγω
1035 813 1152 895 δοκέω,

152 913 297 1036 ὀχληρὸν
310 925 430 986 τοῦτο.
442 915 526 1001 αῦτη
541 914 576 984 δέ
590 916 645 982 καί
659 919 757 981 τοῦτο
771 916 921 997 προεῖδε·
950 914 1058 980 ἐπείτε
1086 907 1153 1030 γὰρ

153 1013 283 1100 ὤρυσσε
294 1041 331 1082 το
320 1013 485 1101 ἔλυτρον
494 1037 535 1100 τη
520 1018 657 1100 λίμνη,
673 1011 891 1098 μνημόσυνον
901 1008 977 1076 τόδε
988 1004 1104 1076 ἄλλο’
1085 1004 1152 1074 απδ

151 1116 211 1178 τοῦ
229 1107 334 1178 αύτου
319 1115 449 1196 ἔργον
464 1112 515 1178 έλί
500 1116 600 1177 ί.πετο
633 1108 789 1194 ἐτάμνετο
804 1113 923 1185 λίθους
937 1106 1152 1194 περιμήκεας,

153 1205 197 1286 ὡς
214 1210 253 1274 δέ
266 1200 333 1274 οί
310 1227 398 1294 ησαυ
415 1212 448 1275 οί
459 1213 552 1275 λίθοι
565 1209 700 1292 ἑτοῖμοι,
715 1207 769 1272 καὶ
780 1202 819 1272 τό
830 1210 954 1290 χωρίον
966 1201 1153 1291 ὀρώρυκτο,

154 1307 338 1392 ἐκτρέψασα
352 1312 414 1374 τοῦ
433 1313 584 1392 ποταμοῦ
598 1303 636 1374 τό
657 1309 802 1392 ῥέεθρον
821 1311 889 1373 πᾶν
906 1306 939 1382 ἐς
961 1301 999 1372 τό
1023 1302 1154 1388 ὤρυσσε

153 1410 293 1493 χωρίον,
316 1407 353 1473 ἐν
369 1397 397 1494 6
411 1407 591 1492 ἐπίμπλατο
606 1409 722 1490 τοῦτο,
744 1406 781 1471 έν
800 1403 909 1494 τούτῳ
924 1399 1155 1488 ῦπεξηρασμέ·

154 1528 218 1570 νου
231 1509 292 1570 τοῦ
306 1500 445 1589 ἀρχαίου
456 1507 600 1591 ῥεέθρου
610 1509 709 1570 τοῦτο
723 1501 785 1588 μὲν
797 1497 838 1568 τδι
850 1507 958 1588 χείλεα
973 1507 1034 1567 τοῦ
1049 1525 1154 1567 ποτα-

154 1610 220 1690 μοῦ
234 1598 317 1670 κατὰ
332 1601 394 1689 τήν
407 1602 507 1671 πόλιν
521 1600 648 1680 καὶτὰς
675 1602 850 1689 καταβόσις
876 1598 970 1678 τᾶςέ
970 1627 989 1668 κ
1004 1606 1073 1667 τῶν
1088 1624 1155 1666 πυ-

154 1705 257 1770 λίδων
267 1696 345 1776 ἐς
311 1722 371 1766 του
358 1695 543 1816 ποταμόν
546 1699 715 1785 φερούσας
726 1697 969 1783 ἀνοικοδόμησε
980 1701 1155 1764 πλίνθοισι

105 1845 115 1864 ς
157 1794 271 1883 ὀπτῇσι
287 1790 369 1861 κατὰ
384 1791 445 1861 τόν
464 1791 569 1912 αὐτόν
583 1795 688 1880 λόγου
709 1820 755 1885 τφ
741 1801 884 1880 τείχεϊ,
904 1800 1003 1860 τοῦτο
1019 1792 1055 1860 δε
1070 1787 1155 1859 κατὰ

156 1895 260 1979 μέσην
274 1915 338 1960 κου
351 1891 493 1978 μάλιστα
506 1889 570 1979 τήν
587 1891 688 1960 πόλιν
702 1861 786 1959 τόίσι
802 1891 946 1978 λίθοισι,
967 1887 1047 1968 τοῦς
1064 1884 1155 1974 666-

155 1994 252 2075 ξατο,
274 1989 445 2074 οἰκοδόμεε
461 1991 632 2077 γέφυραν,
656 1993 778 2058 δέουσα
794 1986 872 2069 τοῦς
887 1999 1007 2067 λίθους
1028 1987 1157 2075 σιδήρῳ

155 2110 190 2152 τε
210 2086 265 2151 καὶ
285 2086 450 2175 μολύβδῳ.
473 2088 681 2154 ἐπιτείνεσκε
702 2088 739 2153 δὲ
760 2084 812 2155 ἐπ’
832 2084 954 2174 αῦτήυ,
983 2084 1070 2165 ὅκως
1094 2086 1158 2171 μὲν

156 2180 259 2269 ἡμέρη
272 2180 420 2268 γένοιτο,
442 2180 526 2261 ξύλα
545 2183 754 2300 τετράγωνα,
776 2176 879 2251 ἐπ’
853 2209 901 2251 ων
921 2180 982 2269 τήν
997 2182 1159 2269 διάβασιν

158 2280 331 2345 ἐποιεῦντο
346 2281 381 2346 οί
392 2273 621 2365 Βαβυλώνιοι,
643 2276 701 2359 τὰς
715 2279 810 2347 δὲ’
765 2306 888 2358 νυκτας
902 2306 942 2347 τα
930 2277 1037 2359 ξύλα
1052 2283 1158 2345 ταῦτα

157 2372 378 2459 ὀπαείρεσκου
397 2377 544 2441 τοῦδε”
512 2400 656 2461 εινεκεν,
685 2378 741 2442 ιυα
763 2372 806 2493 μή
832 2379 1079 2461 διαφοιτέοντες
1098 2368 1160 2451 τὰς

157 2470 279 2548 νύκτας
299 2472 471 2537 κλέπτοιεν
484 2467 564 2557 παρ’
592 2466 800 2558 ἄλλήλων.’
779 2497 823 2549 ως
843 2469 933 2538 δέ’
896 2497 932 2539 το
953 2496 989 2537 τε
1007 2466 1160 2554 ὀρυχθὲν

157 2573 256 2652 λίμνη
276 2565 403 2651 πλήρης
423 2564 575 2651 ἐγεγόνεε
595 2563 662 2633 ῦπό
683 2572 744 2635 τοῦ
765 2572 917 2652 ποταμοῦ
938 2569 992 2633 καὶ
1016 2561 1056 2631 τὰ
1081 2565 1161 2650 περὶ

157 2660 217 2779 τήν
239 2666 391 2749 γέφυραν
415 2662 633 2750 ἐκεκόσμητο,
654 2661 715 2730 τδυ
736 2660 920 2751 Εὐφρήτην
945 2658 1098 2747 ποταμὸν
1127 2664 1158 2739 ἐς

155 2755 196 2825 τό
214 2754 331 2844 ἀρχαία
346 2759 468 2846 ῥέεθρα
492 2761 527 2827 ἐκ
547 2766 605 2846 τῆς
618 2767 736 2847 λίμνης
756 2762 909 2848 ἐξήγαγε·
932 2763 987 2829 καὶ
1008 2758 1099 2827 οὕτω
1114 2756 1160 2825 τό

156 2852 303 2943 ὀρυχθὲν
317 2858 390 2935 ἕλος
408 2859 593 2945 γενόμενον
615 2862 648 2937 ἐς
674 2863 750 2926 δέου
773 2859 884 2927 ἐδόκεε
903 2862 1082 2946 γεγονέναι
1104 2860 1161 2928 καὶ

87 2963 136 3021 187
155 2966 239 3021 τοῖσι
253 2954 428 3042 πολιήτησι
440 2948 606 3042 γέφυρα
584 2958 935 3041 ηυκατεσκευασμένη
966 2952 1055 3021 H6'
1073 2942 1159 3039 αὐτή

156 3051 239 3139 αῦτη
260 3060 409 3141 βασίλεια
432 3052 528 3122 ταδ’
509 3056 640 3140 απύτην
662 3053 795 3141 τοιήνδε
815 3052 890 3123 τινὰ
913 3054 1159 3174 ἐμηχανήσατο.

156 3148 241 3238 ῦπέρ
256 3155 323 3217 τῶν
337 3150 477 3236 μάλιστα
491 3152 676 3239 λεωφόρων
691 3155 824 3221 πυλέων
838 3158 899 3219 τοῦ
914 3149 1030 3229 ἄστεος
1045 3178 1162 3238 ταφον

156 3250 262 3337 ἑωυτῇ
278 3250 540 3317 κατεσκευάσατο
564 3254 732 3337 μετέωρον
756 3253 913 3336 ἐπιπολῆς
936 3246 1069 3317 αὐτέων
1090 3256 1154 3317 τῶν

158 3348 306 3432 πυλέων,
328 3349 508 3430 ἐνεκόλαψε
523 3351 559 3417 δέ
573 3351 606 3428 ἐς
620 3347 680 3419 τόν
694 3349 804 3436 τύφου
816 3350 993 3437 γράμματα
1014 3353 1160 3436 λέγοντο

158 3445 250 3513 τόδε·
286 3450 384 3512 ΤΩΝ
398 3453 478 3515 ΤΙΣ
491 3443 624 3517 ἘλίΕῬ
636 3447 856 3517 ’ΥΣΤΕΡΟΝ
867 3454 1164 3519 ΓΙΝΟΜΕΝΩΝ
