2500 3925
345 259 428 317 ιιι.
458 260 500 317 ιιι.
536 260 632 318 σεε.
661 264 780 318 ιε-ιο.
1002 254 1065 321 221

74 434 124 497 τοῦ
133 426 289 519 Ἀμάσιος
307 431 440 499 ἐντολαὶ
457 423 555 500 αὗται
572 437 610 501 αί
626 433 659 513 ἐς
677 430 739 521 τὴν
756 432 867 523 ταφὴν
884 460 920 502 τε
937 433 994 501 καὶ
1006 432 1068 502 τόν

76 528 245 621 ἄνθρωπον
277 538 413 620 ἐχονσαι
436 530 478 603 ού
501 560 558 621 μοι
582 534 738 603 δοκέουσι
763 532 872 623 ἆρχὴν
895 534 1067 622 γενέσθαι,

74 630 165 713 ἄλλως
183 628 220 702 δ’
240 632 327 703 αότᾶ
344 632 528 721 Αἰγύπτιοι
546 642 703 725 σεμνοῦν.

134 732 231 805 Μετδ
248 734 287 803 δὲ
300 738 408 803 ταύτα
420 733 439 805 ό
453 736 640 826 Καμβύσης
654 735 879 826 ἐβουλεύσατο
889 743 1066 825 τριφασίας
1088 755 1119 807 17

74 843 248 925 στρατηίας,
266 838 325 907 ἐπί
333 864 370 909 τε
383 844 640 930 Καρχηδονίους
651 840 708 909 καλ
721 840 776 909 ἐπὶ
790 837 999 927 Ἀμμωνίους
1012 839 1069 907 καὶ

74 938 117 1004 ἐπί
130 936 210 1018 τούς
228 947 434 1029 μακροβίους
452 947 644 1028 Αίθίοπας,
666 942 866 1031 οἰκημένους
884 939 923 1009 δέ
940 938 1069 1029 Λιβύης

73 1040 117 1106 ἐπί
128 1045 169 1129 τῇ
182 1044 280 1132 νοτίη
294 1040 462 1133 θαλάσση.
480 1044 717 1137 βουλευομένῳ
733 1044 775 1112 δέ
783 1046 820 1113 οί
829 1044 924 1125 ἔδοξε
938 1042 993 1110 ἐπὶ
1005 1040 1069 1130 μἐν

71 1146 316 1229 Καρχηδονίους
332 1143 394 1212 τόν
411 1143 571 1213 ναυτικόν
590 1144 734 1233 στρατόν
752 1140 987 1230 ἀποστέλλειν,
1014 1142 1070 1213 ἐπὶ

72 1240 103 1310 δέ
113 1239 321 1331 Ἀμμωνίους
338 1246 402 1314 τού
413 1251 512 1329 πεζοῦ
525 1243 768 1335 ἀποκρίναντα,
788 1247 843 1314 ἐπὶ
856 1244 894 1314 δὲ
907 1244 988 1325 τούς
1001 1250 1068 1316 Αἰ·

71 1348 181 1423 θίοπας
194 1344 360 1424 κατόπτας
374 1353 509 1436 πρῶτον
517 1400 527 1435 ,
546 1343 736 1435 ὀψομένους
748 1374 785 1416 τε
797 1346 859 1434 τὴν
873 1348 908 1414 ἐν
922 1345 1069 1415 τούτοισι

71 1458 144 1513 τοῖσι
161 1450 307 1529 Αίθίοψι
324 1450 509 1537 λεγομένην
526 1447 612 1517 εἶναι
629 1445 729 1537 ἡλίου
746 1446 928 1537 τράπεζαν,
954 1451 987 1515 εί
1001 1452 1070 1515 ἐστι

71 1540 232 1635 όληθέως,
251 1549 404 1636 καὶπρὸς
418 1549 525 1640 ταύτῃ
538 1548 578 1619 τὰ
595 1548 682 1619 ἄλλα
693 1551 956 1638 κατοψομένους,
975 1551 1069 1638 δύρα

72 1645 103 1714 δέ
117 1654 162 1740 τῷ
180 1647 270 1743 λόγῳ
283 1651 448 1739 φέροντας
465 1656 513 1744 τῷ
522 1652 656 1738 βασιλέϊ
666 1646 791 1721 αότῶν.
819 1648 862 1721 Ἡ
873 1648 912 1719 δέ
924 1648 1069 1741 τράπεζα
1088 1666 1121 1720 18

72 1754 123 1816 τοῦ
138 1747 237 1837 ἡλίου
254 1750 367 1839 τοιήδε
383 1780 433 1833 τις
452 1754 581 1839 λέγεται
604 1751 706 1822 εἶναι·
731 1750 858 1840 λειμύν
882 1754 951 1821 ἐστι
969 1752 1006 1819 ἐν
1024 1756 1070 1843 τῷ

73 1860 249 1944 προαστείῳ
269 1855 425 1933 ἐπίπλεος
442 1859 553 1943 κρεῶν
572 1854 691 1942 ἑφθῶν
709 1853 847 1923 πάντων
863 1858 934 1921 τῶν
952 1876 1069 1940 τετρα-

73 1949 196 2041 πόδων,
222 1956 256 2036 ἐς
273 1953 334 2024 τόν
352 1953 412 2037 τοὶς
434 1956 499 2045 μὲν
515 1954 642 2037 νύκτας
661 1952 918 2043 ἐπιτηδεύοντας
941 1952 1072 2022 τιθέναι

73 2051 107 2120 τὰ
121 2056 198 2144 κρέα
214 2054 296 2136 τούς
316 2061 354 2126 ἐν
366 2058 456 2128 τέλεϊ
472 2057 634 2139 ε’κύστονς
653 2058 768 2138 ἐόντας
786 2060 855 2126 τῶν
867 2050 993 2142 ύστεόν,
1011 2049 1071 2134 τὰς

74 2154 107 2223 δὲ
122 2154 241 2247 ἡμέρας
259 2163 445 2228 δαίνυσθαι
455 2157 638 2250 προσιόντα
650 2158 711 2230 τόν
721 2156 945 2247 βουλόμενον·
964 2155 1072 2245 φάναι

76 2257 109 2325 δέ
122 2257 198 2340 τούς
218 2263 419 2350 ἐπιχωρίους
442 2265 548 2331 ταῦτα
572 2259 635 2348 τὴν
653 2266 718 2350 γὴν
743 2257 851 2347 αύτὴν
871 2255 1072 2328 ἀναδιδόναι

76 2359 226 2430 ἑκάστοτε.
253 2357 276 2449 ἡ
293 2362 357 2450 μέν
374 2362 418 2449 δὴ
435 2362 577 2452 τράπεζα
589 2370 651 2432 τοῦ
664 2361 762 2449 ἡλίου
776 2361 961 2448 καλεομένη
976 2359 1072 2444 λέχε-

75 2487 121 2528 ται
135 2460 217 2532 εἶναι
240 2463 362 2552 τοιὴδε.
406 2463 574 2555 Καμβύση
599 2465 638 2533 δὲ
657 2461 702 2544 ὡς
721 2467 814 2546 ἐδοξε
830 2463 973 2550 πέμπειν
989 2457 1070 2538 τούς
1090 2474 1122 2527 19

76 2564 306 2653 κατασκόπους,
324 2563 446 2636 αὐτίκα
463 2568 689 2655 μετεπέμπετο
707 2568 740 2648 ἐξ
755 2564 990 2653 Ἐλεφαντίνης
1007 2558 1071 2630 πό-

79 2670 136 2745 λιος
150 2672 221 2736 τῶν
239 2665 477 2756 Ἰχθυοφάγων
495 2666 634 2754 ἀνδρῶν
652 2665 731 2748 τούς
752 2663 992 2754 ἐπισταμένους
1009 2660 1072 2748 τὴν

80 2773 250 2838 Αἰθιοπίδα
275 2773 445 2856 μλύσσαν.
488 2772 525 2839 ἐν
550 2762 577 2863 ᾦ
602 2770 641 2839 δέ
666 2767 806 2848 τούτους
828 2765 1010 2857 μετὴισαν,
1035 2766 1072 2832 έν

80 2868 171 2963 τούτῳ
189 2869 325 2943 ἐκέλευε
339 2872 395 2940 ἐπί
406 2869 469 2958 τὴν
482 2870 686 2961 Καρχηδόνα
699 2869 824 2940 κλύειν
836 2869 897 2938 τόν
911 2863 1072 2937 ναυτικόν

83 2972 216 3060 στρατόν.
245 2980 410 3052 ΙΦοίνικες
427 2972 466 3041 δέ
483 2967 547 3042 ούκ
559 2979 691 3061 ἔφασαν
705 2971 854 3059 ποιὴσειν
871 2973 993 3038 ταῦτα·
1012 2963 1071 3053 ὁρ-

82 3078 165 3143 ιίοισί
180 3101 218 3143 τε
234 3073 300 3165 ψόιρ
318 3073 488 3163 μεγάλοισι
506 3073 716 3161 ἐνδεδέσθαι,
734 3074 791 3142 καί
807 3068 871 3142 ούκ
888 3066 932 3138 ἂν
949 3065 1073 3137 ποιέειν

83 3169 141 3242 ὅσια
152 3177 206 3244 ἐπὶ
218 3175 300 3256 τούς
314 3180 438 3256 παῖδας
450 3173 531 3256 τούς
543 3177 681 3246 ἑωυτῶν
693 3171 957 3266 στρατευόμενοι.
977 3177 1073 3242 ,Φοι-

81 3283 168 3346 νίκων
185 3278 224 3348 δέ
236 3277 284 3348 ὀύ
302 3276 521 3366 βουλομένων
544 3282 579 3348 oc
595 3281 706 3349 λοιποί
730 3275 794 3348 ούκ
812 3272 1072 3361 ἆξιόμαχοιέγί·

82 3402 172 3448 νοντο.
211 3379 439 3470 Καρχηδόνιοι
455 3379 519 3468 μέν
535 3407 602 3449 ννν
619 3376 709 3450 οὕτω
723 3375 938 3462 δουλοσύνην
951 3371 1072 3461 διέφυ-

82 3505 131 3552 λον
146 3481 228 3571 πρός
246 3482 420 3572 Περσέων.
464 3481 649 3570 Καμβύσης
667 3478 733 3569 γὰρ
750 3485 830 3566 βίην
843 3473 907 3545 ούκ
923 3477 1072 3543 ἐδικαίου

82 3582 271 3671 προσφέρειν
291 3584 437 3668 Φοίνιξι,
462 3583 514 3651 ὅτι
531 3583 638 3670 σφέας
661 3608 697 3649 τε
715 3575 840 3652 αύτούς
866 3571 1072 3644 ἐδεδώκεσαν
