2500 3925
122 239 207 296 LIB.
240 242 310 298 VIII.
344 242 442 300 CAP.
476 244 678 302 142-2113.
711 247 758 304 IX.
791 246 889 307 cAP.
922 256 948 307 1.
997 243 1061 309 287

46 422 173 485 τροπα,
195 407 264 467 τάν
284 401 451 487 προδότας
469 402 631 487 γενέσθαι
651 392 854 491 Ἀθηναίους
870 403 933 474 οὐκ
954 403 999 473 ἄν
1019 399 1060 474 εὖ

43 501 130 583 έχοι.
151 499 333 567 ἐπίστασθέ
341 525 376 566 τε
391 497 491 585 οὕτω,
508 507 538 570 εί
547 499 592 589 μὴ
603 504 771 590 πρότερον
781 505 977 593 έτυγχάνετε
987 507 1059 572 έπι-

42 599 218 687 στάμενοι,
236 598 303 670 ἔστ’
318 598 362 669 άν
373 604 429 670 καί
440 598 486 681 εἷς
497 611 595 692 περιῇ
607 602 808 692 Ἀθηναίων,
824 603 959 693 μηδαμὰ
974 601 1059 692 ὅμο-

41 699 254 786 λογὴσοντας
274 699 378 788 ἡμέας
400 705 514 792 Ξέρξη.
548 701 663 790 ὑμέων
683 711 797 791 μέντοι
820 703 978 793 ἀγάμεθα
995 703 1058 794 τὴν

42 799 215 885 πρόνοιαν
227 797 289 886 τὴν
301 802 334 880 ές
344 798 448 889 ἡμέας
464 803 607 886 έοῦσαν,
629 802 681 871 ὅτι
696 808 867 890 προείδετε
879 801 993 891 ἡμέων
1007 809 1059 873 ολ·-

41 901 318 986 κοφθορημένων
330 899 419 970 οὕτω
431 901 516 971 ὥστε
523 904 704 989 έπνθρέίιαι
715 905 847 972 ἐθέλειν
855 899 969 990 ἡμέων
978 899 1058 980 τούς

42 999 185 1076 οἰκέτας.
209 1003 265 1068 καὶ
279 997 359 1086 ἡμίν
373 1001 435 1086 μὲν
448 998 469 1089 ἡ
483 1001 579 1090 χάρις
593 1000 853 1089 ἐκπεπλήρωται,
870 997 966 1088 ἡμεῖς
976 1002 1059 1087 μέν·

40 1123 98 1164 τοι
114 1100 344 1188 λιπαρήσομεν
360 1101 459 1188 οὕτω,
478 1100 565 1181 ὅμως
579 1097 624 1169 άν
641 1108 779 1188 ἔχωμεν,
794 1098 898 1168 οὐδὲν
911 1101 1057 1169 λυπέον-

29 1201 99 1273 τες
113 1193 225 1283 ὑμέας.
249 1207 315 1267 νῦν
329 1201 381 1286 δὲ,
405 1199 450 1279 ὡς
468 1199 557 1269 οὕτω
571 1202 733 1288 ἐχόντων,
755 1199 914 1288 στρατιὴν
935 1196 980 1279 ὡς
994 1197 1057 1266 τά·

39 1314 140 1378 χιστα
156 1297 345 1382 ἐκπέμπετε.
369 1297 413 1378 ὡς
423 1297 489 1385 γάρ
499 1298 594 1387 ἡμεῖς
606 1300 796 1386 εἰκάζομεν,
814 1297 877 1366 οὐκ
889 1295 966 1376 ἑκὰς
975 1294 1057 1383 χρό-
1133 1347 1139 1355 -

39 1421 111 1461 νου
126 1398 287 1480 παρέσται
298 1394 316 1466 ὁ
327 1398 662 1487 βάρβαροςέσβαλων
673 1398 779 1485 έςτὴν
788 1395 964 1486 ἡμετέρην,
979 1392 1053 1463 ἀλλ’

41 1490 150 1562 ἐπεάν
166 1493 302 1581 τάχιστα
317 1496 468 1584 πύθηται
482 1497 544 1585 τὴν
558 1495 718 1585 ἀγγελίην
732 1495 784 1566 ὅτι
800 1495 902 1565 οὐδέν
915 1495 1056 1582 ποιήσο-

41 1619 110 1678 μεν
130 1601 198 1661 τῶν
219 1600 345 1675 έιιείνος
359 1593 472 1684 ἡμέων
492 1599 700 1686 προσεδέετο.
726 1600 808 1684 πρὶν
830 1587 879 1663 ὦν
899 1607 1055 1678 παρεῖναι

42 1695 178 1760 ἐκείνου
193 1695 226 1772 ές
240 1691 304 1782 τὴν
317 1693 486 1784 Ἀττικὴν,
501 1693 604 1785 ἡμέας
617 1695 735 1784 καιρός
749 1697 818 1763 έστι
833 1699 1054 1782 προβωθῆσαι

41 1793 79 1869 ές
99 1788 161 1878 τὴν
175 1799 348 1882 Βοιωτίην.
385 1799 429 1864 Οί
448 1797 511 1883 μὲν
526 1803 633 1864 ταῦτα
647 1792 931 1881 ὑποκριναμένων
952 1787 1053 1876 Ἀθη·

42 1895 152 1959 ναίων
168 1889 421 1983 ἀπαλλάσσοντο
437 1898 470 1975 ἐς
484 1895 657 1984 Σπάρτην.

444 2126 649 2135 —n——ss—

157 2315 166 2323 ’
279 2323 281 2328 ’
333 2348 770 2438 ΗΡοΛοΤοΥ

524 2500 578 2535 W

114 2586 493 2655 ΑΛΙΚΑΡΝΗΣΕΟΣ
512 2582 755 2654 ΙΣΤΟΡΙΩΝ
775 2583 981 2653 ΕΝΝΑΊῊ

232 2714 605 2768 Ειιιννιοονιιιαει
625 2710 870 2768 αιιιτοιτιε.

38 2973 331 3053 ΜΑΡΔΟΝΙΟΣ
348 2984 401 3067 θλ,
421 2980 466 3061 ὅς
482 2986 516 3050 οί
530 2978 763 3067 άπονοστήσας
782 2978 994 3065 Ἀλέξανδρος
1009 2976 1051 3046 τὰ

38 3080 130 3169 παρὰ
141 3080 330 3169 Ἀθηναίων
341 3083 495 3172 ἐσήμηνε,
507 3081 669 3171 ὁρμηθείς
679 3083 716 3150 έν
724 3087 908 3166 Θεσσαλίης
916 3071 979 3167 ἡγε
988 3077 1051 3166 τὴν

39 3178 199 3266 στρατιὴν
213 3187 343 3272 σπουδῇ
356 3185 408 3253 ἐπὶ
419 3180 478 3263 τοὶς
493 3180 655 3271 Ἀθήνας·
679 3178 764 3249 ὅκου
779 3181 816 3249 δέ
827 3179 982 3247 ἑκάστοτε
996 3183 1051 3263 γέ-

38 3304 149 3364 νοιτο,
164 3280 305 3360 τούτους
320 3282 565 3371 παρελάμβανε.
595 3295 682 3350 τοῖσι
698 3281 734 3349 θλ
752 3283 935 3364 Θεσσαλίης
948 3274 1049 3364 ἡγεο-

36 3381 168 3464 μένοισι
189 3378 267 3449 οὔτε
286 3380 326 3449 τά
348 3381 414 3467 πρὸ
439 3390 500 3452 τοῦ
517 3385 734 3471 πεπρηγμένα
757 3384 913 3469 μετέμελε
934 3376 1047 3463 οὐδέν,

37 3481 149 3572 πολλῷ
160 3504 195 3547 τε
209 3486 338 3568 μᾶλλον
349 3483 475 3569 ἐπῆγον
485 3478 546 3551 τὸν
556 3482 704 3570 Πέρσην,
718 3482 774 3550 ιιοά
784 3478 1047 3568 συμπροέπεμψέ
