2500 3925
335 263 420 319 1111.
453 264 486 318 11.
519 262 619 322 οοε.
652 271 828 328 ιιι-119.
1027 265 1088 334 17³

94 421 213 505 ξανδρος
230 416 368 489 άπικετο
383 421 418 498 ές
431 445 470 488 το
479 418 584 488 Ἴλιον
595 417 690 507 ἀγων
702 420 766 510 τὴν
774 421 934 516 Ἑλένην,
947 425 1041 498 εύαέῖ
1051 455 1087 500 τε

92 518 239 605 πνεύματι
262 521 474 607 χρησάμενος
497 522 553 588 καί
572 522 731 612 θαλάσση
752 531 840 614 λείη·
868 529 906 594 ἐν
920 528 957 596 δε
973 525 1086 598 Ἰλιάδι

92 621 180 705 λέγει,
201 615 246 697 (ὃς
261 619 419 702 ἐπλάζετο
433 617 528 706 ἀγων
541 616 659 708 αύτήυ.
698 619 844 711 Ὅμηρος
859 629 922 712 μέν
943 651 1009 696 νυν
1030 630 1085 698 καί

88 714 123 785 τά
131 720 263 806 Κύπρια
280 727 361 789 ἔπεα
377 723 529 807 χαιρέτω.

160 821 348 907 λίίρομέυον
361 820 402 887 δέ
413 844 479 905 μευ
491 815 573 897 τούς
588 821 691 906 ίρέας,
707 825 739 889 εί
749 820 893 907 μάταιον
909 821 1014 909 λόγον
1029 827 1086 894 λέ-
1103 837 1152 892 118

86 933 172 998 γουσι
184 919 219 984 ολ
224 913 384 1003 ’Έλληνες
397 913 437 983 τά
451 913 643 1002 τερίἼλιον
659 919 820 1002 γενέσθαι
833 913 855 1007 ἢ
870 916 930 1010 ού,
954 927 1085 1008 ἔφασαν

85 1009 157 1096 πρὸς
170 1021 275 1082 ταῦτα
290 1013 389 1100 τάδε,
405 1020 569 1104 ίστορίησι
584 1016 731 1101 φάμενοι
743 1020 866 1087 είδέναι
879 1016 961 1107 παρ’
978 1017 1084 1090 αύτοῦ

88 1112 250 1178 Μενέλεω·
273 1115 390 1181 ἐλθεῖν
406 1113 469 1199 μὲν
481 1110 548 1200 γάρ
562 1111 646 1199 μετά
660 1112 723 1201 τὴν
730 1112 864 1204 Ἑλένης
879 1114 1036 1206 ἁρπαγὴν
1049 1121 1083 1196 ές

80 1205 134 1293 τήν
150 1215 318 1297 Τευκρίδα
330 1217 398 1298 γῆν
413 1210 584 1298 Ἑλλήνων
604 1211 766 1301 στρατιὴν
785 1213 913 1304 πολλὴν
929 1219 1081 1305 βαθέαν-

81 1315 326 1402 σανΜενέλεω,
348 1315 496 1400 ἐκβᾶσαν
516 1314 553 1381 δὲ
574 1315 608 1390 ἐς
629 1319 697 1400 γῆν
717 1317 774 1383 καί
798 1318 997 1402 ἱδρυθεῖσαν
1020 1314 1082 1404 τὴν

82 1408 227 1498 στρατιὴν
251 1413 398 1497 πέμπειν
422 1414 457 1491 ἐς
479 1408 641 1481 τδἼλιον
664 1408 844 1499 ἀγγέλους,
876 1409 942 1482 σύν
961 1417 1001 1484 δέ
1020 1433 1081 1501 σφι

81 1510 155 1577 ίέναι
174 1512 231 1578 καί
252 1508 362 1578 αὐτὸν
376 1513 569 1578 Μενέλεων.
592 1506 673 1587 τούς
690 1507 723 1576 δ’
743 1512 852 1581 ἐπείτε
883 1513 1035 1582 ἐσελθεῖν
1048 1515 1082 1591 ἐς

80 1606 111 1674 τό
124 1623 243 1697 τεῖχος,
267 1609 439 1679 ἀπαιτέειν
454 1608 593 1695 Ἑλένην
614 1611 723 1678 τεκαὶ
741 1612 782 1678 τά
802 1609 970 1697 χρήματα,
993 1609 1033 1680 τά
1048 1615 1083 1678 οἱ

81 1716 173 1792 οῖγετο
197 1714 326 1791 κλέψας
349 1706 583 1794 Ἀλέξανδρος,
604 1713 674 1775 τῶν
696 1731 733 1774 τε
754 1703 969 1793 ἀδικημάτων
988 1710 1082 1786 δίκας

81 1808 204 1874 αἰτέειν·
226 1805 309 1885 τούς
325 1807 361 1875 δέ
380 1803 553 1894 Τευκρούς
567 1802 629 1873 τὸν
644 1801 751 1873 αύτόν
763 1805 869 1890 λόγον
882 1811 993 1890 λέγειν
1005 1804 1081 1874 τότε

81 1904 126 1971 καλ
137 1908 339 1992 μετέπειτεν,
354 1908 409 1975 καί
425 1902 597 1992 ὀμνύντας
613 1906 669 1973 καλ
684 1900 842 1991 ἀνωμοτί,
856 1900 901 1991 μη
915 1907 979 1989 μέν
994 1909 1082 1991 ἐχειν

82 2004 197 2089 Ελένην
211 2005 299 2091 μηδὲ
309 2002 349 2072 τά
361 2002 608 2091 ἐπικαλεύμενα
620 2004 789 2091 χρήματα,
804 2000 878 2073 ἀλλ’
895 2003 981 2074 εἶναι
994 2000 1080 2071 αύτά

80 2099 174 2168 πάντα
199 2104 238 2170 ἐν
255 2103 435 2195 Αίγύττηι,
464 2106 520 2173 καλ
542 2101 607 2171 ούιι
633 2099 678 2171 ἀν
705 2106 842 2183 δικαίως
865 2102 961 2174 αύτολ
987 2110 1081 2184 δίκας

80 2194 201 2285 ὑπέχειν
214 2208 287 2269 τῶν
300 2200 462 2288 Πρωτεύς
480 2199 500 2269 ὁ
514 2202 701 2288 Αἰγύπτιος
716 2200 876 2287 βασιλεύς
889 2208 964 2290 ἔχει.
994 2207 1029 2272 οί
1043 2204 1080 2271 δὲ

74 2295 212 2388 Έλληνες
239 2309 490 2390 καταγελᾶσθαι
514 2303 688 2379 δοκέοντες
708 2297 769 2368 ὑπ’
792 2297 905 2369 αὐτῶν
928 2300 1016 2371 οὕτω
1038 2305 1078 2388 δη

78 2400 303 2487 ἐπολιόρκεον,
326 2404 360 2479 ἐς
379 2396 400 2467 δ
419 2404 562 2480 ἐξεῖλον·
592 2402 707 2467 ἑλοῦσι
727 2399 763 2467 δὲ
780 2397 818 2467 τὸ
833 2415 939 2488 τεῖχος
954 2398 1000 2480 ὡς
1015 2398 1079 2469 ούκ

77 2499 220 2582 ἐφαίνετο
240 2496 261 2588 ἡ
278 2497 412 2587 Ἑλένη,
433 2497 518 2568 ἀλλὰ
539 2495 601 2566 τὸν
621 2494 728 2565 αὐτὸν
742 2498 846 2585 λόγον
860 2506 906 2589 τῷ
927 2501 1078 2588 προτέρῳ

79 2597 324 2683 ἐπυνθάνοντο,
340 2597 430 2666 οὕτω
441 2594 483 2684 δὴ
493 2598 733 2677 πιστεύσαντες
742 2604 788 2687 τῷ
799 2598 889 2689 λόγῳ
900 2605 945 2691 τῷ
956 2598 1077 2688 πρύτηι

78 2692 263 2785 οίἝλληυες
283 2695 389 2765 αὐτὸν
404 2699 588 2766 Μενέλεων
602 2692 844 2765 ἀποστέλλουσι
870 2694 959 2783 παρά
977 2704 1077 2784 Πρω-

79 2795 132 2860 τεά.
171 2791 392 2882 ’Λπικόμενος
412 2797 450 2864 δὲ
471 2792 490 2863 ὃ
508 2797 689 2872 Μενέλεως
709 2791 818 2881 ἐςτηυ
834 2804 1011 2881 Αίγυπτον
1025 2795 1079 2862 καλ
1097 2806 1144 2863 119

77 2886 268 2971 ἀναπλάσας
289 2897 322 2972 ἐς
343 2892 407 2980 την
428 2898 589 2979 Μέμφιν,
617 2900 713 2970 είπας
734 2889 797 2978 την
825 2887 988 2977 ἀλήθειαν
1007 2898 1076 2960 τῶν

79 2992 291 3077 πρηγμάτων,
314 2995 369 3060 καὶ
390 2995 524 3071 ξεινίων
544 2987 667 3077 ἤντησε
689 2990 846 3076 μεγάλων
868 2991 923 3057 καί
938 2986 1077 3074 Ἑλένην

79 3082 200 3157 ἀπαθέα
215 3094 330 3157 κακῶν
345 3087 507 3174 ἀπέλαβε,
523 3083 609 3176 πρὸς
622 3088 660 3156 δὲ
671 3088 726 3155 κοιλ
736 3084 776 3157 τά
790 3089 917 3155 ἑαυτοῦ
927 3086 1075 3173 χρήματα

79 3186 186 3255 πάντα.
218 3184 330 3273 τυχών
352 3188 468 3273 μέντοι
489 3186 621 3255 τούτων
641 3187 771 3273 ἐγένετο
786 3185 965 3262 Μενέλεως
988 3178 1075 3272 ἀνὴρ

79 3283 182 3365 ἀδικος
198 3288 232 3365 ἐς
248 3290 470 3371 Αἰγυπτίους·
500 3280 694 3351 άποπλύειν
708 3280 774 3369 γάρ
798 3278 996 3368 ὡρμημένον
1012 3278 1076 3350 m}-

79 3385 130 3453 τὸυ
145 3386 236 3475 ἶσχον
253 3386 406 3455 ἄπλοιαι·
429 3384 543 3473 ἐπειδὴ
559 3386 597 3455 δλ
615 3391 714 3454 τοῦτο
729 3386 782 3453 ἐπὶ
799 3380 925 3451 πολλὸν
941 3389 1074 3453 τοιοῦτο

81 3478 130 3573 ἦν,
157 3492 362 3576 ἐπιτεχνᾶται
386 3496 522 3575 πρῆγμα
548 3484 613 3555 ούιι
639 3482 751 3555 ὅσιον·
784 3481 897 3571 λαβὼν
924 3481 989 3571 γάρ
1011 3485 1073 3552 δύο
