2500 3925
340 274 425 330 ΗΒ.
459 272 845 333 lv.0AP.168-175.
1033 272 1097 337 369

109 440 290 502 καταλέουσι
311 434 366 498 καλ
381 437 510 499 ἔπειτεν
524 433 576 499 ἐπλ
591 431 677 516 γάλα
694 432 933 513 ἐπιπάσσοντες
949 442 1094 505 πίνουσι.

109 543 254 610 γυναῖκας
268 529 305 597 δὲ
319 535 510 616 νομίζοντες
531 526 658 608 πολλάς
673 534 761 616 ἐχειν
777 533 913 612 ἕκαστος
926 536 1096 603 έπίκοινον

109 624 223 693 αὐτέων
236 625 299 713 τήν
313 631 405 713 μίξιν
419 633 611 713 ποιεῦνται,
626 628 740 719 τρόπον
753 634 974 722 παραπλησίη)
984 637 1031 721 τῷ
1041 634 1097 699 καὶ

108 727 318 809 Μασσαγέται.
342 723 445 793 έπεάν
460 732 611 795 σκίπωνα
626 727 896 816 προστήσωνται,
912 740 1095 816 μίσγονται.

106 828 225 905 πρῶτον
240 824 277 889 δέ
291 826 474 909 γαμέοντος
484 828 697 912 Νασαμῶνος
707 823 831 913 άνδρδς
840 829 944 915 νόμος
959 832 1025 899 έστλ
1035 828 1098 919 τὴν

107 920 232 1006 νύμφην
242 926 340 989 νυκτὶ
351 930 391 1012 τῇ
400 924 516 1013 πράτη
531 921 587 991 διά
599 924 738 991 πάντων
748 929 933 1007 διεξελθεῖν
942 935 1011 996 τῶν
1022 934 1097 996 δαι-

104 1018 247 1104 τυμόνων
262 1023 485 1108 μισγομένην·
504 1026 574 1089 τῶν
588 1023 626 1089 δέ
643 1018 688 1100 ὥς
703 1023 841 1103 ἕκαστός
854 1029 889 1093 οί
901 1032 1021 1115 μιχθῇ,
1042 1030 1096 1095 δι-

104 1119 150 1183 δοῖ
159 1122 286 1205 δῶρον,
307 1117 344 1187 τδ
361 1116 405 1187 άν
417 1126 474 1209 ἔχη
485 1120 674 1206 φερόμενος
688 1121 722 1200 ἐξ
737 1130 843 1189 οἴκου.
882 1120 1043 1211 Ὁρκίοισι
1057 1123 1096 1191 δέ

103 1216 147 1283 καὶ
159 1225 302 1307 μαντικῄ
316 1221 471 1307 χρέονται
484 1223 613 1307 τοιῇδε·
636 1216 801 1305 ὀμνύουσι
821 1222 884 1307 μὲν
903 1219 984 1302 τοῦς
1002 1220 1094 1309 παρά

100 1323 183 1403 σφίσι
207 1314 337 1405 ἄνδρας
365 1314 595 1395 δικαιοτάτους
625 1313 683 1382 καὶ
712 1312 868 1402 ἀρίστους
895 1317 1098 1403 λεγομένους

97 1418 262 1503 γενέσθαι,
296 1422 365 1484 τάν
398 1416 537 1504 τύμβων
571 1408 771 1502 άπτάμενοι,
803 1415 1025 1503 μαντεύονται
1058 1414 1097 1484 δέ

100 1517 143 1583 έπλ
159 1523 224 1586 τῶν
250 1517 428 1605 προγόνων
451 1517 639 1603 φοιτέοντες
662 1514 703 1583 τά
726 1515 873 1604 σήματα,
897 1516 954 1585 καὶ
975 1542 1096 1585 κατευ-

102 1614 223 1701 ξάμενοι
242 1617 590 1703 ἐπικατακοιμέονται,
604 1612 643 1682 τῦ
659 1612 692 1681 δ’
707 1610 752 1680 άν
766 1619 821 1703 ίδη
835 1617 872 1681 ἐν
884 1621 925 1702 τῇ
940 1612 998 1694 ὄψι
1014 1612 1094 1680 ἐνύ-

101 1738 205 1799 πνιον,
225 1712 336 1803 τούτῳ
352 1720 478 1801 χρᾶται.
508 1720 635 1781 πίστισι
651 1713 688 1781 δέ
707 1718 853 1801 τοιησιδε
866 1716 1035 1800 χρέονται·
1057 1712 1094 1778 έιι

100 1820 146 1899 τῆς
155 1811 265 1900 χειρὸς
276 1817 367 1881 διδοῖ
376 1828 466 1881 πιεῖν
477 1816 532 1881 καλ
543 1808 645 1890 αύτῦς
658 1814 695 1880 ἐκ
709 1819 767 1899 τῆς
782 1819 844 1879 τοῦ
857 1812 973 1898 έτέρου
986 1816 1093 1877 πίνει·

99 1908 135 1998 ἢν
148 1917 182 1982 δέ
197 1912 243 2002 μὴ
266 1918 364 2000 ἔχωσι
380 1910 490 2000 ὑγρὸν
510 1912 633 1999 μηδὲν,
651 1916 686 1980 ολ
704 1912 741 1980 δέ
755 1919 813 1999 της
834 1910 988 1998 χαμάθεν
1009 1930 1093 1976 σπο-

100 2015 152 2078 δοῦ
166 2009 328 2100 λαβόντες
342 2017 497 2098 λείχουσι.
542 2017 731 2098 Νασαμῶσι
741 2011 778 2078 δέ
788 2009 1020 2097 προσάμουροί
1032 2013 1094 2076 είσι
1114 2023 1163 2080 173

102 2111 263 2181 Ψύλλοι.
293 2106 387 2181 οὗτοι
408 2113 635 2194 ἐξαπολώλασι
658 2113 771 2204 τρόπῳ
791 2115 925 2203 τοιῷδε·
954 2107 1092 2189 ὁνότος

99 2232 149 2296 σφι
164 2215 278 2279 πνέων
293 2209 414 2299 άνεμος
424 2209 464 2282 τά
477 2219 599 2297 ἔλυτρα
613 2219 682 2282 τῶν
691 2209 827 2280 ύδάτων
839 2210 997 2297 ἐξαύηνε,
1018 2207 1040 2296 ἡ
1056 2209 1093 2278 δὲ

98 2308 177 2394 χάρη
192 2329 256 2396 σφι
269 2317 359 2376 πᾶσα
374 2308 468 2390 έντὸς
483 2313 584 2379 ἐοῦσα
598 2317 656 2397 τῆς
667 2310 813 2396 Σύρτιος
821 2302 866 2396 ἦν
877 2309 1038 2394 ἄνυδρος·
1061 2314 1099 2376 οἶ

98 2408 127 2472 δὲ
140 2409 406 2494 βουλευσάμενοι
420 2417 523 2501 κοινῷ
539 2412 629 2501 λόγῳ
643 2410 880 2493 ἐστρατεύοντο
895 2413 948 2478 ἐπὶ
958 2406 1018 2477 τὸν
1031 2407 1093 2477 νό-

98 2531 148 2571 τον
170 2509 272 2593 (λέγω
293 2509 329 2575 δέ
349 2515 470 2594 ταῦτα,
492 2505 532 2576 τά
556 2511 693 2594 λέγουσι
712 2512 868 2595 Λίβυες),
890 2510 947 2576 καί
983 2506 1092 2574 ἐπείτε

97 2607 239 2688 ἐγίνοντο
251 2610 288 2674 ἐν
298 2613 339 2695 τῇ
349 2608 490 2699 ψάμμῳ,
502 2608 652 2685 πνεύσας
663 2603 682 2673 ὁ
693 2606 791 2684 νότος
801 2609 967 2692 κατέχωσέ
975 2625 1088 2692 σφεας.

96 2706 341 2792 ἐξαπολομένων
362 2706 397 2774 δὲ
419 2707 549 2775 τούτων
571 2713 684 2793 έχουσι
708 2705 769 2793 τὴν
792 2706 905 2794 χάρην
926 2709 961 2773 ολ
972 2713 1092 2774 Νασα-

96 2810 203 2885 μῶνες.
254 2805 393 2871 Τούτων
414 2806 450 2872 δὲ
473 2806 668 2889 κατύπερθε
684 2803 768 2889 πρὸς
787 2806 890 2873 νότον
906 2803 1032 2892 άνεμον
1054 2805 1093 2871 ἐν
1108 2806 1160 2864 174

95 2911 128 2991 τῇ
138 2904 304 2992 θηριώδει
316 2906 464 2974 οἰκέουσι
480 2907 769 2994 Γαράμαντες,
784 2914 819 2974 οἳ
831 2906 940 2973 πάντα
952 2901 1091 2988 ἄνθρω-

96 3027 153 3070 πον
166 3004 335 3090 φεύγουσι
354 3006 411 3072 καὶ
430 3002 554 3084 παντὸς
577 3002 727 3092 ὁμιλίην,
737 3003 794 3070 καὶ
806 3001 884 3070 οῦτε
893 3000 999 3069 ὅπλον
1012 3024 1090 3067 κεκ-

95 3105 196 3170 τέαται
210 3100 332 3190 άρήιον
345 3099 447 3170 οῦδὲν
462 3101 540 3170 οὔτε
551 3101 742 3191 ἀμύνεσθαι
754 3105 948 3171 ἐπιστέαται.
987 3093 1091 3168 Ούτοι
1108 3115 1158 3172 17⁵

95 3198 148 3282 μὲν
170 3197 211 3287 δὴ
231 3200 425 3286 κατύπερθε
445 3204 593 3271 οἰκέουσι
613 3203 855 3289 Νασαμάνων,
883 3197 920 3267 τό
942 3196 1089 3286 δὲπαρά

94 3293 148 3383 τὴν
160 3298 337 3366 θάλασσαν
348 3303 479 3384 ἔχονται
493 3297 532 3368 τδ
546 3297 631 3386 πρὸς
645 3303 785 3387 ἑσπέρης
799 3297 959 3385 Μάκαι,
981 3304 1015 3367 οἱ·
1027 3299 1089 3367 λά-

95 3419 172 3477 ρους
186 3402 369 3483 κείρονται,
387 3393 425 3464 τὸ
441 3399 504 3484 μέν
518 3401 622 3485 μέσον
638 3406 706 3466 των
719 3403 842 3484 τριχῶν
862 3393 1009 3475 άνιέντες
1024 3395 1089 3463 αῦ-

96 3493 219 3578 ξεσθαι,
239 3491 334 3642 τάίδέ
349 3498 452 3561 ἐνθεν
466 3497 521 3562 καί
539 3500 642 3562 ένθεν
657 3499 823 3576 κείροντες
837 3495 875 3560 ἐν
887 3496 979 3643 mg,
1003 3495 1037 3571 ἐς
1050 3492 1087 3560 δέ
1189 3523 1194 3531 ’

168 3603 264 3642 mon.
