2500 3925
166 236 229 299 ‘218
542 238 793 297 HERODOTI

120 415 151 469 14
166 401 391 489 δρασσόμενος
412 394 600 483 αὐτοχειρίῃ
622 400 788 480 διέσπειρε
808 404 848 486 τή
862 407 1006 489 στρατιή.
1048 397 1168 489 Ἡμέρη

166 503 202 569 δὲ
217 501 338 589 δεκέτη
354 495 412 565 ἀπ’
427 486 468 583 ής
482 496 649 582 παρέλαβε
663 492 700 562 τδ
715 509 820 581 τεῖχος
834 493 871 563 τό
886 498 924 565 έν
938 500 1058 583 Μέμφι
1073 504 1168 581 Καμ-

164 600 286 690 βύσης,
308 605 442 675 κατίσας
460 597 493 673 ές
506 591 544 661 τὰ
556 595 757 678 προάστειον
773 596 825 663 ἐπὶ
844 595 934 685 λύμη
954 593 1014 664 τόν
1031 600 1167 684 βασιλέα

163 707 232 768 τῶν
252 702 447 782 Αἰγυπτίων
468 693 707 779 Ψαμμήνιτον,
730 692 975 780 βασιλεύσαντα
995 702 1103 781 μῆνας
1124 698 1165 779 ἓξ,

163 803 284 865 τούτου
298 798 433 870 κατίσας
447 788 514 859 σύν
528 788 659 858 ἀλλοισι
674 797 885 877 Αἰγυπτίοισι
901 796 1089 879 διεπειρᾶτο
1105 789 1167 857 αι’·-

161 900 293 978 τού-τής
307 897 415 977 ψυχῆς
429 891 552 957 ποιέων
566 890 696 956 τοιάδε·
720 896 848 967 στείλας
860 888 965 959 αὐτοῦ
979 888 1041 978 τήν
1054 902 1167 975 θυγα-

161 995 238 1079 τέρα
250 994 364 1075 έσθήτι
380 992 498 1077 δουλίη
512 989 671 1073 ἐξέπεμπε
683 983 735 1054 ἐπ’
751 985 844 1075 ὕδωρ
859 994 1002 1074 έχονσαν
1012 988 1166 1076 ὑδρήιον,

160 1094 350 1173 συνέπεμπε
372 1090 407 1154 δὲ
428 1089 483 1155 καὶ
503 1084 605 1163 ἀλλας
628 1088 821 1169 παρθένους
849 1084 1008 1169 ἀπολέξας
1031 1086 1167 1174 ἀνδρῶν

48 1271 52 1276 ᾖ
159 1194 226 1256 τῶν
240 1185 383 1269 πρύτων
397 1181 520 1270 ὁμοίως
534 1186 735 1269 ἐσταλμένας
749 1190 789 1271 τῇ
803 1190 864 1250 τοῦ
880 1187 1042 1272 βασιλέος.
1071 1182 1120 1263 ὡς
1133 1182 1166 1251 δὲ

160 1294 223 1377 βοή
242 1313 277 1354 τε
297 1289 353 1354 καὶ
372 1290 536 1374 κλαυθμῷ
554 1283 723 1370 παρήισαν
739 1288 776 1351 αί
790 1287 956 1370 παρθένοι
973 1283 1063 1373 παρὰ
1087 1282 1167 1361 τούς

160 1388 318 1473 πατέρας,
336 1389 370 1452 οί
378 1383 440 1469 μέν
452 1380 547 1450 ἄλλοι
559 1384 697 1466 πατέρες
703 1376 869 1467 ἀνεβόευν
878 1408 913 1450 τε
921 1387 976 1451 καὶ
987 1380 1166 1450 ἀνέκλαιον

161 1482 312 1571 ὁρέοντες
325 1482 366 1550 τά
383 1488 483 1550 τέκνα
497 1481 730 1567 κεκακωμένα,
747 1477 764 1547 ὁ
781 1482 818 1548 δὲ
836 1480 1052 1569 Ψαμμήνιτος
1067 1498 1165 1567 προί-

160 1582 231 1650 δύν
244 1586 299 1651 καὶ
314 1579 437 1668 μαθων
453 1587 556 1661 ἔκυψε
578 1582 611 1659 ές
633 1577 695 1665 τήν
712 1587 785 1666 μήν.
815 1582 1114 1669 παρεξελθουσέων
1132 1581 1166 1646 δὲ

159 1688 227 1749 τῶν
242 1677 448 1765 ὑδροφόρων
462 1676 604 1763 δεύτεραί
626 1682 660 1744 οί
673 1674 733 1744 τόν
753 1682 855 1745 παῖδα
871 1684 994 1764 έπεμπε
1009 1675 1081 1764 μετ’
1104 1674 1168 1745 ἀλ-

159 1786 228 1847 λων
242 1783 437 1863 Αἰγυπτίων
460 1779 630 1860 δισχιλίων
644 1772 707 1861 τήν
727 1772 833 1861 αύτήν
854 1773 986 1862 ἡλικίην
1006 1774 1166 1861 ἐχόντων,

157 1878 237 1956 τούς
251 1903 287 1945 τε
301 1873 442 1961 αὐχένας
457 1875 548 1964 κοίλῳ
564 1878 764 1960 δεδεμένους
779 1874 887 1943 καὶτὰ
908 1876 1053 1960 στόματα
1069 1877 1167 1960 ἐγκε-

158 1978 412 2060 χαλινωμένους.
435 1973 558 2061 ήχοντο
573 1974 610 2042 δὲ
624 1971 748 2060 ποινήν
762 1982 908 2054 τίσοντες
919 1981 1165 2060 Μυτιληναίων

156 2087 240 2141 τοῖσι
261 2075 299 2139 έν
319 2076 439 2157 Μέμφι
461 2070 699 2157 ἀπολομένοισι
721 2072 787 2141 σύν
806 2082 846 2163 τῇ
867 2080 938 2160 νηί·
966 2079 1070 2142 ταῦτα
1097 2071 1165 2159 γὰρ

156 2173 313 2238 ἐδίκασαν
336 2173 371 2235 οί
388 2169 555 2255 βασιλήιοι
575 2173 742 2257 δικασταί,
765 2169 851 2258 ὑπὲρ
874 2170 998 2258 ἀνδρὸς
1018 2171 1164 2238 έκάστοι
1226 2245 1227 2264 η

156 2271 235 2338 δέκα
245 2273 441 2351 Αίγυπτίων
451 2275 520 2335 τῶν
530 2271 675 2358 πρύτων
690 2270 973 2342 ἀνταπόλλυσθαι.
993 2269 1010 2340 ὁ
1026 2271 1063 2338 δὲ
1078 2270 1165 2340 ίδιίιν
1226 2277 1227 2288 ’

154 2365 372 2453 παρεξιόντας
386 2368 441 2434 καί
455 2366 577 2452 μαθων
591 2369 652 2438 τὸν
667 2376 769 2440 παῖδα
793 2366 959 2457 ἀγόμενον
982 2373 1034 2440 ἐπὶ
1047 2371 1166 2440 θοίνα-

153 2491 229 2549 τον,
251 2470 320 2531 τῶν
336 2462 449 2532 ἀλλων
466 2473 660 2553 Αίγνπτίων
675 2475 745 2536 τῶν
764 2471 1037 2555 περικατημένων
1054 2465 1163 2536 αὐτὸν

154 2563 342 2631 κλαιόντων
368 2561 423 2629 καί
460 2559 552 2629 δεινά
587 2562 786 2636 ποιεύντων,
806 2558 914 2630 τώυτό
953 2564 1087 2648 έποίησε
1124 2563 1165 2630 τό

154 2664 206 2729 έπλ
219 2668 259 2750 τῇ
272 2668 426 2746 θυγατρί.
449 2661 693 2748 παρελθόντων
711 2662 747 2730 δέ
768 2665 822 2730 καὶ
836 2663 966 2729 τούτων
980 2659 1164 2746 συνήνεικε

154 2757 237 2826 ὥστε
264 2765 332 2826 τῶν
354 2765 551 2845 συμποτέων
574 2765 609 2828 οί
631 2761 738 2847 ἀνδρα
762 2759 1036 2847 ἀπηλικέστερον,
1061 2762 1162 2827 έκπε-

152 2857 304 2924 κτωκότα
329 2859 365 2924 έκ
389 2865 456 2924 των
481 2858 607 2926 έόντων
634 2860 752 2945 ἔχοντα’
775 2886 820 2935 τει
836 2857 953 2946 οὐδὲν,
978 2865 1007 2927 εί
1028 2857 1073 2945 μή
1096 2857 1163 2926 ὅσα

151 2952 289 3040 πτωχός,
302 2957 356 3024 καὶ
370 2958 609 3039 προσαιτέοντα
624 2954 687 3043 τήν
701 2955 869 3045 στρατιήν,
887 2961 1043 3043 παριέναι
1059 2965 1165 3042 Ψαμ-

152 3052 294 3141 μήνιτόν
308 3078 344 3120 τε
356 3050 417 3120 τὸν
429 3051 581 3139 Ἀμάσιος
595 3056 650 3122 καὶ
664 3053 742 3134 τούς
754 3058 791 3122 ἐν
800 3062 847 3145 τῷ
857 3062 1043 3145 προαστείῳ
1055 3081 1163 3140 κατη-

151 3153 274 3236 μένους
293 3158 362 3218 τῶν
369 3158 574 3237 Αἰγυπτίων.
597 3151 614 3221 ὁ
633 3156 669 3222 δὲ
685 3155 900 3240 Ψαμμήνιτος
916 3152 960 3232 ὡς
973 3153 1055 3239 εἶδε,
1071 3149 1165 3220 ἀνα-

152 3248 300 3324 κλαύσας
314 3253 398 3332 μέγα
414 3252 468 3315 καὶ
484 3257 625 3328 καλέσας
639 3250 820 3338 ούνομαστί
835 3250 895 3322 τόν
907 3256 1039 3339 ἑταῖρον
1054 3253 1164 3339 έπλή-

152 3347 228 3423 ξατο
248 3340 311 3428 τήν
326 3345 487 3429 κεφαλήν.
517 3338 605 3430 ήσαν
620 3345 654 3414 δ’
672 3347 736 3435 ἀρα
756 3348 860 3417 αὐτοῦ
878 3351 1041 3436 φύλακοι,
1064 3357 1100 3417 οἳ
1118 3373 1162 3417 το

150 3436 353 3522 ποιεύμενον
367 3445 436 3504 πᾶν
457 3442 490 3518 έξ
507 3443 640 3509 ἐκείνου
655 3439 709 3510 ἐπ’
727 3445 847 3531 έκάστῃ
868 3447 969 3537 έξόδφ
987 3446 1164 3536 Καμβύσῃ
