2500 3925
208 216 271 281 ³14
583 218 744 275 HEROD
757 218 812 277 OT
823 220 835 275 1
1222 271 1224 358 ρ

210 406 269 450 τον
257 375 412 455 Κότυος
426 401 488 444 τον
473 374 626 443 Μόνεω
635 381 821 461 κεκλῆσθαι
833 372 896 462 τήν
906 372 1035 463 Ἀσίην,
1048 374 1125 445 ἀλλ’
1142 374 1193 445 οόι
1222 373 1224 460 ή

208 479 316 549 ἐπὶ
275 502 334 563 της
345 470 564 562 Προμηθέος’
558 470 718 560 Ασίης,’
698 472 757 541 κατ’
774 472 853 543 ότευ
866 475 921 543 καὶ
935 471 997 560 τήν
1010 476 1193 561 ένΣιὶρθια
1222 465 1224 556 ἱ

210 572 324 663 φυλήν
338 578 519 659 κεκλῆσθαι
530 569 675 640 Ἀσιάδα.
703 599 725 658 η
713 569 778 639 ’δὲ
790 567 832 657 δή
845 568 994 658 Εὐρώπη
1008 570 1087 641 οὔτε
1100 580 1131 641 εί
1142 599 1194 641 πε-
1222 587 1224 654 λ

210 682 264 762 ρίρ
245 672 362 761 ρρντός
390 674 458 739 έστι
482 669 681 755 γινώσκεται
702 666 788 751 πρός
812 664 970 754 οάόαμων
997 666 1194 756 ἀνθρώπων,

209 771 287 841 οὔτε
302 768 427 840 ὁκόθεν
446 766 484 837 τό
505 767 634 854 οὕνομα
652 772 750 854 ἔλαβε
769 772 887 851 τοῦτο,
905 764 985 833 οὔτε
1004 764 1094 845 ὅστις
1113 773 1149 836 οἱ
1160 763 1194 854 ήι

210 868 228 938 ὁ
252 868 396 955 θέμενος
417 873 586 953 φαίνεται,
609 871 640 934 εί
659 863 704 953 μή
725 861 795 933 ἀπό
820 871 877 951 τῆς
900 871 1023 952 Τυρίης
1051 864 1196 953 φήσομεν

210 966 374 1055 Εὐρωπης
396 972 512 1052 λαβεῖν
529 961 566 1031 τό
589 962 718 1049 οὕνομα
738 959 800 1048 τήν
819 960 948 1080 χόρηρ
977 961 1145 1050 πρότερον
1169 966 1197 1031 δὲ

209 1061 253 1154 ἦν
270 1064 335 1152 ἀρα
355 1062 548 1148 ἀντόννμος,
570 1060 681 1146 ὥσπερ
700 1064 739 1128 αι’
756 1061 874 1146 ἕτεραι.
908 1055 983 1127 ἀλλ’
1005 1057 1091 1147 αὕτη
1107 1087 1150 1146 γε
1170 1064 1198 1128 ἐκ

208 1173 266 1252 τῆς
278 1162 386 1249 Ἀσίης
406 1186 442 1227 τε
464 1166 616 1246 φαίνεται
632 1161 735 1225 έοεῖσα
748 1158 803 1225 καὶ
816 1152 880 1223 οὐκ
895 1153 1080 1242 ἀπικομένη
1095 1156 1179 1237 ές
1145 1185 1198 1244 την

208 1273 273 1352 γῆν
287 1264 429 1349 ταύτην,
452 1259 524 1347 ἥτις
538 1266 604 1327 νῦν
617 1254 704 1327 ὑπ”
700 1257 863 1343 Ελλήνων
875 1254 1024 1343 Εὐρώπη
1039 1260 1198 1340 καλέεται,

207 1359 282 1431 ἀλλ’
299 1359 381 1428 ὅσον
398 1362 434 1427 έκ
444 1363 603 1443 Φοινίκης
620 1358 654 1435 ές
667 1354 821 1441 Κρήτην,
836 1356 873 1423 έκ
885 1354 1018 1442 Κρήτης
1032 1355 1070 1424 δέ
1085 1358 1120 1433 ές
1134 1365 1197 1423 Λν

207 1464 293 1544 κίην.
328 1463 432 1525 ταῦτα
448 1457 510 1542 μέν
526 1482 592 1525 νυν
612 1458 665 1523 ἐπὶ
683 1461 821 1523 τοσοῦτο
844 1454 1007 1542 εἰρήσθω
1036 1469 1126 1523 τοῖσι
1141 1455 1199 1543 γάρ

191 1550 508 1639 »νομιζομένοισι
466 1578 579 1621 αυτων
591 1550 793 1639 χρησόμεθα.

164 1661 197 1717 46
285 1648 371 1718 Οθε
387 1648 517 1727 Πόντος
537 1648 745 1734 ὁΕόξεινος,
767 1646 857 1715 ἐπ’
845 1648 885 1716 όν
899 1648 1113 1736 ἐστρατεύετο
1131 1662 1201 1719 Δα-

209 1762 313 1841 ρεῖος,
324 1751 458 1834 χωρέων
470 1748 603 1817 πασέων
613 1751 786 1865 παρέχεται
797 1752 859 1827 ἔξω
872 1774 933 1815 τον
918 1755 1131 1818 ’Σκυθικοῦ
1147 1757 1200 1818 ἔθ-

208 1873 269 1915 νεα
283 1843 509 1933 ἀμαθέστατα·
552 1841 705 1930 οὔτεγὰρ
721 1850 822 1923 έθνος
838 1852 906 1913 τῶν
922 1844 1014 1925 έντός
1033 1872 1097 1915 τον
1081 1848 1201 1917 Πόν

209 1970 269 2014 τον
286 1940 386 2012 οόόέν
400 1948 517 2030 ἔχομεν
536 1943 765 2030 προβαλέσθαι
787 1950 906 2031 σοφίης
926 1947 1018 2033 πέρι,
1046 1944 1130 2015 οότε
1146 1945 1202 2014 ἀν-

209 2051 272 2132 θρα
290 2045 407 2131 λόγιον
429 2049 566 2130 οῖθαμεν
583 2043 783 2130 γενόμενον,
812 2044 918 2131 πάρεξ
939 2052 1000 2113 τοῦ
1019 2052 1203 2114 Σκυθικοῦ

208 2148 326 2218 ἔθνεος
349 2142 404 2208 καὶ
414 2139 634 2226 Ἀναχάρσιος.
675 2146 721 2229 τῷ
743 2141 779 2207 δὲ
796 2147 960 2231 Σκυθικῷ
973 2144 1067 2227 γένεῖ
1083 2144 1125 2208 ἓν
1146 2143 1203 2228 μὲν

204 2235 242 2306 τό
268 2239 423 2323 μέγιστον
449 2244 516 2304 τοῖν
539 2235 766 2324 ἀνθρωπηίων
792 2238 996 2325 πρηγμάτων
1022 2241 1204 2326 σοφιότατα

203 2335 340 2402 πόντων
361 2334 546 2422 έξεόρηται,
572 2343 640 2404 τῶν
660 2333 753 2422 ἡμεῖς
775 2341 887 2422 ίόμεν,
919 2332 959 2404 τά
980 2339 1096 2423 μέντοι
1122 2337 1205 2407 ἀλλο

204 2429 268 2499 οὐκ
289 2429 423 2517 ἀγαμαι.
465 2429 502 2500 τό
519 2432 555 2500 δὲ
570 2434 727 2518 μέγιστον
738 2431 827 2498 οὕτω
844 2452 904 2519 σφι
921 2431 1107 2522 ἀνεύρηται
1122 2426 1224 2509 ὦστεξ

204 2526 395 2615 ἀποφυγεῖν
418 2554 453 2598 τε
473 2535 599 2618 μηδένα
614 2529 800 2598 ἐπελθόντα
814 2533 866 2600 έπὶ
883 2535 994 2618 σφέας,
1012 2529 1059 2619 μή
1074 2530 1224 2620 βουλαὶ

203 2629 325 2709 μένους
349 2652 385 2693 τε
406 2629 621 2712 ἐξευρεθῆναι
651 2634 849 2716 καταλαβεῖν
871 2627 916 2714 μή
936 2625 1009 2696 οἷόν
1035 2655 1075 2697 τε
1097 2630 1224 2751 εἶναι-ρ

205 2735 290 2788 τοῖσι
312 2719 376 2808 γὰρ
397 2722 477 2810 μήτε
499 2722 599 2792 ἀστεα
616 2723 701 2812 μήτε
720 2718 876 2813 τείχεα
852 2751 875 2816 η
896 2727 1087 2812 ἐκτισμένα,
1119 2726 1224 2799 ἀλλά

205 2817 374 2938 φερέοικοι
393 2819 503 2898 έόντες
517 2820 640 2900 πάντες
655 2825 735 2891 έωσι
747 2823 976 2910 ἱπποτοξόται,
999 2823 1145 2905 ζώοντες
1162 2825 1224 2912 μηξ

204 2911 263 2981 ἀπ’
283 2911 423 3002 ἀρότου,
444 2913 518 2996 ἀλλ’
536 2913 602 2985 ἀπο
590 2914 822 3006 κτηνέωυ,ο
803 2917 968 3008 οίκήματα
979 2923 1021 2990 τέ
1030 2917 1137 3012 σφιή
1154 2926 1224 2992 έπῖΙ

204 3012 358 3098 ζευγέων,
376 3019 442 3090 κῶς
456 3009 518 3081 οὐκ
532 3009 577 3081 ἀν
591 3007 765 3102 εῖησαν
721 3041 815 3086 ουτοι
830 3013 954 3105 αμαχοί
959 3042 998 3086 τε
1006 3018 1103 3088 καὶ
1078 3047 1212 3107 αποροι

158 3123 192 3180 47
203 3116 329 3195 προσμί
327 3130 440 3195 σγεινς
460 3107 649 3230 Ἐξεόρηται
672 3115 713 3182 δέ
728 3134 789 3201 σφι
803 3121 907 3183 ταῦτα
921 3119 980 3202 τῆς
992 3140 1028 3183 τε
1044 3123 1109 3202 γῆς
1125 3120 1212 3186 ἐού-

201 3226 260 3290 σης
274 3207 445 3294 ἐπιτηδέης
458 3211 513 3276 καὶ
526 3216 594 3277 τῶν
608 3217 767 3296 ποταμῶν
778 3211 905 3279 ἐόντων
919 3230 981 3299 σφι
995 3214 1213 3300 συμμάχων·

199 3325 220 3378 η
238 3325 273 3366 τε
286 3326 352 3388 γαρ
361 3328 402 3389 γη
423 3304 525 3371 έουσα
538 3301 715 3426 πεόιβς”
652 3331 753 3430 αντη
769 3308 916 3394 ποιοόόης
933 3310 1039 3376 τεκαὶ
1055 3307 1224 3395 εόνὸρός.

201 3397 286 3481 ἐστι,
307 3406 452 3484 ποταμοί
469 3399 563 3468 πεδί
583 3397 685 3488 αὐτῆς
706 3406 819 3486 ὁεονσι
841 3403 883 3474 οό
905 3412 1018 3496 πολλῷ
1037 3409 1104 3474 τέω
1125 3408 1214 3497 ἄρα·
