2500 3925
171 233 233 296 160
543 235 796 294 HERODOT!

167 395 280 465 κόσιαι
291 400 346 464 καί
355 401 466 483 χίλιαι,
477 399 672 482 παρείχοντο
685 397 721 463 δὲ
731 392 834 474 α’ύτάς
844 398 929 464 οἵδε·
948 395 1184 481 Φοίνικεςμὲν

169 491 236 564 σύν
255 501 412 580 Συρίοισι
429 507 515 562 τοῖσι
534 497 573 562 έν
592 501 633 583 τῇ
652 501 857 586 Παλαιστίνη
877 502 1086 584 τριηκοσίας,
1110 488 1182 566 ω’δε

168 595 422 680 ἐσκευασμένοι·
446 595 522 682 περὶ
535 594 598 681 μέν
612 599 687 683 τῇσι
700 602 864 684 κεφαλῇσι
874 600 996 677 κννέας
1012 593 1103 682 εἶχον
1112 593 1177 682 άγ-

165 691 293 781 χοτάτω
303 693 528 780 πεποιημένας
536 691 665 781 τρόπον
674 689 735 760 τόν
743 690 949 782 Ἑλληνικόν,
957 693 1181 774 ἐνδεδυκότες

167 793 204 860 δὲ
216 790 376 879 θύρηκας
390 793 538 878 λινέους,
553 788 695 872 άσπίδας
710 794 746 860 δὲ
760 801 833 872 ίτυς
846 790 909 861 ούκ
923 792 1065 880 έχούσας
1085 791 1180 880 εἰχον

166 895 223 960 καί
237 888 385 960 άκύυτια.
407 883 503 961 οὗτοι
516 893 554 960 δέ
568 897 602 962 οέ
611 898 770 972 ΦοίνικεςΔ
782 891 819 959 τό
831 891 976 962 παλαιόν
987 899 1112 980 οίκεον,
1130 892 1179 974 ὡς

167 987 260 1060 αύτολ
284 992 435 1077 λέγουσι,
461 993 514 1060 έπλ
532 999 574 1081 τῇ
588 989 737 1081 Ἐρυθρῇ
758 992 930 1081 θαλάσση,
953 994 1116 1060 ἐνθεῦτεν
1138 993 1177 1062 δὲ

166 1087 373 1176 ὑπερβάντες
386 1096 445 1178 τῆς
456 1097 585 1177 Συρίης
594 1095 741 1159 οἰκέουσι
751 1089 791 1159 τά
802 1089 892 1177 παρὰ
904 1091 1092 1160 θάλασσαν.
1113 1099 1177 1179 τῇς

166 1187 204 1255 δὲ
216 1193 346 1274 Συρίης
365 1195 464 1256 τούτο
478 1185 516 1257 τό
531 1197 655 1275 χωρίον
674 1192 730 1258 καὶ
743 1187 780 1258 τό
802 1194 896 1279 μέχρι
911 1191 1088 1278 Αἰγύπτου
1102 1199 1176 1259 πᾶν

166 1293 372 1375 Παλαιστίνη
382 1292 541 1358 καλέεται.
563 1287 742 1377 Αἰγύπτιοι
753 1289 878 1369 δὲνέας
888 1294 1084 1377 παρείχοντο
1097 1293 1176 1376 διη-

167 1391 290 1465 κοσίας.
319 1378 413 1455 ούτοι
432 1387 470 1456 δὲ
491 1385 580 1474 εἶχον
598 1390 675 1476 περὶ
690 1391 753 1476 μὲν
769 1395 843 1478 τῇσι
860 1395 1024 1476 κεφαλῇσι
1044 1387 1174 1473 κράνεα

165 1482 326 1573 χηλευτά,
343 1483 485 1566 ἀσπίδας
498 1489 535 1557 δέ
550 1495 680 1574 κοίλας,
694 1485 754 1567 τάς
770 1497 841 1567 ίτυς
857 1488 1003 1580 μεγάλας
1020 1485 1173 1572 έχούσας,

165 1586 222 1652 καὶ
233 1582 381 1667 δούρατά
390 1611 427 1654 τε
437 1587 591 1674 ναύμαχα
601 1585 708 1656 κάλ’
666 1612 789 1668 τυκους
799 1588 976 1675 μεγάλους.
987 1611 1024 1655 το
1013 1584 1075 1654 δὲ
1084 1592 1171 1670 πλη

165 1693 230 1762 θος
243 1679 356 1751 αὐτῶν
368 1678 646 1805 θωρηκοφόροι
621 1705 720 1774 ησαν,
735 1693 897 1773 μαχαίρας
911 1686 949 1754 δέ
962 1684 1110 1773 μεγάλας
1123 1682 1173 1752 εἷ·

117 1802 154 1858 ρο
166 1806 235 1867 χον.
261 1773 365 1850 Ούτοι
381 1783 503 1870 μὲν”
458 1808 549 1852 ουτω
565 1785 723 1854 ἐστάλατο
732 1786 904 1871 ,Κύπριοι
921 1787 958 1855 δὲ
973 1792 1172 1872 παρείχοντο

165 1879 243 1958 νέας
256 1880 463 1969 πεντήκοντα
476 1883 531 1951 καλ
542 1879 661 1951 ἑκατόν
668 1885 929 1973 ,ἐσκευασμένοι
941 1875 1015 1953 ύδε.
1038 1881 1173 1971 τάςμλν

165 1981 314 2069 κεφαλάς
327 1987 467 2070 είλίχατο
482 1989 662 2073 μίτρησιοί
673 1988 823 2073 βασιλέες
838 1982 962 2071 αὐτῶν,
977 1990 1012 2053 οί
1027 1982 1098 2052 δέ”
1075 1992 1171 2053 αλλοι

164 2080 254 2167 εἰχον
267 2087 433 2168 κιθῶνας,
448 2079 489 2149 τά
499 2083 536 2149 δέ
548 2080 632 2152 άλλα
651 2079 796 2167 κατάπερ
806 2080 971 2169 Ἕλληνες.
991 2082 1126 2151 τούτων,
1134 2086 1170 2151 δὲ
1248 2100 1249 2131 ι

164 2180 285 2248 τοσάδε
297 2179 402 2249 έθνεά
418 2182 498 2266 έστι,
515 2186 550 2248 οί
561 2182 623 2267 μὲν
640 2178 705 2250 άπό
719 2190 911 2269 Σαλαμῖνος
924 2183 979 2249 καὶ
987 2178 1170 2269 Ἀθηνέων,

165 2283 200 2348 οί
215 2279 253 2347 δέ
265 2276 330 2347 άπὸ
342 2277 532 2366 Ἀρκαδίης,
547 2285 582 2349 οἰ
595 2282 632 2347 δὲ
647 2277 712 2347 άπὸ
727 2280 889 2365 Κύθνου,
904 2285 939 2347 οἱ
952 2284 988 2347 δὲ
1003 2275 1068 2347 άπὸ
1086 2286 1169 2347 Φοι-
1247 2290 1248 2312 ἦ

164 2384 276 2466 νίκης,
292 2383 327 2447 οἰ
338 2379 375 2447 δὲ
392 2375 456 2446 άπὸ
471 2384 669 2465 Αίθιοπίης,
692 2374 736 2457 ὡς
750 2376 845 2447 αύτολ
858 2380 1006 2466 Κύπριοι
1022 2382 1167 2465 λέγουσι.

117 2495 148 2551 91
166 2486 299 2559 Κίλικες
309 2480 346 2548 δέ
360 2476 479 2548 ἑκατόν
492 2485 688 2567 παρείχοντο
699 2482 785 2559 νέας.
809 2471 946 2547 σύνοιδ’
961 2472 1005 2548 αὖ
1016 2480 1092 2565 περί
1105 2483 1169 2566 μὲν
1246 2464 1247 2490 ¹

163 2588 238 2670 τῇσι
258 2587 423 2669 κεφαλῇσι
443 2579 569 2663 κράνεα
589 2578 765 2666 έπιχοόρια,
785 2578 919 2666 λαισήιά
935 2604 971 2647 τε
989 2576 1077 2663 ἐἰχον
1093 2574 1166 2644 ἄντ’
1245 2626 1246 2633 1

163 2676 331 2765 άσπίδων,
347 2677 516 2767 ὠμοβοέης
529 2679 753 2766 πεποιημένα,
770 2680 826 2748 καὶ
840 2683 992 2755 κιθῶνας
1006 2678 1167 2762 εἰρινέους

163 2780 393 2859 ἐνδεδυκότες·
421 2780 484 2849 δύο
506 2780 543 2847 δὲ
559 2776 698 2847 άκόντια
720 2780 856 2856 ἕκαστος
874 2780 932 2847 καὶ
953 2780 1048 2864 ξίφος
1068 2774 1165 2863 εἰχον,
1244 2800 1245 2848 ι

161 2878 333 2968 άγχοτάτω
344 2888 417 2971 τῇσι
423 2887 625 2971 Αἰγυπτίησι
637 2886 813 2968 μαχαίρῃσι
825 2880 1040 2965 πεποιημένα.
1062 2870 1165 2947 Οὗτοι

162 2977 225 3065 μέν
238 2976 275 3046 τὰ
291 2976 613 3065 παλαιόν’Ῥπαχαιολ
631 2980 821 3064 ἐκαλέοντο,
837 2977 890 3045 ἐπὶ
904 2975 941 3044 δὲ
955 2981 1093 3054 Κίλικος
1106 2982 1165 3044 τού

158 3077 338 3166 ’Λγῇνορος
352 3076 476 3167 ἀνδρός
486 3086 644 3158 Φοίνικος
658 3085 756 3165 ἔσχον
768 3076 830 3166 τὴν
845 3080 1048 3165 ἐπωνυμίην.
1068 3076 1164 3164 Πάμ-

162 3185 265 3262 φυλοι
276 3179 313 3243 δὲ
323 3174 501 3264 τριήκοντα
511 3185 707 3264 παρείχοντο
719 3178 797 3257 νέας
805 3174 1025 3262 Ἑλληνικοῖσι
1035 3173 1164 3243 ὅπλοισι

161 3277 407 3359 ἐσκευασμένοι.
431 3278 466 3343 οἰ
479 3277 516 3344 δὲ
525 3275 709 3361 Πάμφυλοι
724 3266 817 3343 ούτοι
833 3278 894 3342 εἰσί
909 3278 977 3339 τῶν
991 3274 1028 3339 έκ
1046 3276 1164 3357 Τροίης

112 3388 148 3442 92
162 3367 485 3439 ἀποσκεδασθέντων
498 3371 568 3460 άμα
579 3369 766 3465 Ἀμφιλόχῳ
777 3374 832 3440 καὶ
843 3371 1021 3459 Κάλχαντι.
1043 3370 1162 3439 Λύκιοι
1241 3380 1242 3386 ’

161 3467 199 3533 δὲ
217 3471 414 3567 παρείχοντο
428 3470 506 3549 νίας
522 3472 729 3558 πεντήκοντα
748 3470 989 3557 θωρηκοφόροι
1003 3493 1040 3537 τε
1054 3468 1162 3547 ἐόντες
1240 3532 1241 3564 χ
