2500 3925
388 264 472 320 ωε.
502 262 522 319 1.
557 261 656 319 οτι).
689 263 828 318 ιο-ιι.
1090 250 1110 318 λ

105 433 161 519 ἐμὲ
172 431 348 509 ἐπεδέξατο
358 425 504 516 γυμνήν,
518 424 708 520 ὑπνωμένῳ
718 420 786 515 δὲὴ
800 426 998 515 ἐπιχείρησις
1008 427 1109 495 ἔσται.

99 526 158 609 Ὡς
178 532 217 598 δὲ
235 526 387 617 ἤρτυσαν
409 526 472 615 τήν
493 525 695 617 ἐπιβουλήν,
715 523 839 604 νυκτὸς
858 528 1040 612 γενομένης
1055 521 1111 593 ·ού
1126 533 1160 588 1¹

104 629 171 715 γάρ
193 635 323 715 μετίετο
345 626 364 696 ὁ
389 628 519 715 Γύγης,
545 624 630 694 ούδέ
647 630 681 693 ολ
698 617 744 712 ήν
764 620 938 710 ἀπαλλαγή
960 620 1111 710 οὐδεμία,

105 726 191 797 ἀλλά
207 724 316 815 ἔδεεή
333 725 439 797 αύτάν
453 725 664 795 ἀπολωλέναι
677 720 700 811 ή
715 721 931 807 Κανδαύλην·
954 724 1064 790 είπετο
1078 722 1113 799 ές

105 830 166 899 τὸν
188 829 350 916 θάλαμον
368 836 409 918 τῇ
430 833 576 915 γυναικί.
614 831 674 893 καί
698 849 757 909 μιν
784 824 895 906 ἐκείνη
915 821 1113 907 έγχειρίδιον

106 938 214 999 δαῦσα
236 930 461 1017 κατακρύπτει
480 924 548 995 ὑπὸ
572 922 636 1012 τήν
656 920 765 1009 αύτήν
786 920 913 1006 θύρην.
950 921 1007 987 καὶ
1031 915 1113 1004 μετὰ

103 1038 212 1101 ταῦτα
227 1027 491 1117 ἀναπαυομένου
505 1026 714 1097 Κανδαύλεα
737 1017 888 1103 ύπεκδύς
906 1047 944 1090 τε
958 1024 1014 1091 καί
1027 1018 1110 1090 ἀπο-

104 1137 238 1209 κτείνας
258 1126 364 1199 αύτδν
385 1135 458 1217 ἔσχε
477 1131 534 1197 καὶ
552 1124 616 1212 τὴν
631 1137 776 1211 γυναῖκα
790 1124 847 1189 καὶ
859 1119 922 1207 τήν
936 1125 1114 1209 βασιληίην

105 1229 237 1316 Γύγης·
263 1235 325 1297 τοῦ
347 1232 403 1297 καὶ
423 1226 609 1315 Ἀρχίλοχος
632 1221 802 1310 ύΠάριος,
822 1217 907 1289 κατὰ
926 1219 988 1289 τὰν
1007 1215 1113 1288 αὐτὸν

104 1330 233 1417 χρόνον
245 1328 485 1415 γενόμενος,ε’ν
494 1326 605 1415 ίάμβςο
618 1326 781 1412 τριμέτρῳ
796 1320 1002 1407 ἐπεμνήσθη,
1018 1318 1116 1405 Ἐσχε
1129 1333 1162 1388 1³

106 1432 144 1499 δὲ
153 1426 218 1515 τήν
228 1434 408 1517 βασιληίην
418 1431 475 1495 καὶ
485 1424 679 1512 ἐκρατύνθη
690 1423 727 1489 ἐκ
736 1425 799 1488 τοῦ
810 1422 848 1488 ἐν
858 1427 1023 1504 Δελφοῖσι
1032 1442 1114 1503 χρη·

107 1536 258 1617 στηρίου.
287 1524 333 1607 ἀς
347 1526 412 1615 γάρ
429 1524 469 1612 δή
485 1529 520 1594 οἰ
531 1526 639 1593 Λυδοὶ
654 1516 768 1589 δεινὸν
782 1520 955 1586 ἐποιεῦντο
968 1512 1007 1585 τύ
1022 1523 1116 1583 Καν-

108 1632 241 1701 δαύλεω
256 1628 368 1709 πάδος
382 1630 439 1696 καὶ
453 1628 491 1694 έν
501 1623 638 1694 ὅπλοισι
646 1614 746 1708 ἦσαν,
762 1620 954 1705 συνέβησαν
963 1618 998 1695 ἐς
1007 1610 1112 1683 τύντά

108 1736 192 1801 οἵτε
206 1735 269 1798 τού
284 1728 405 1814 Γύγεω
420 1731 598 1796 στασιῶται
612 1724 669 1789 καὶ
684 1711 719 1787 ὀί
733 1719 844 1787 λοιποὶ
854 1717 979 1801 Λυδοὶ,
994 1709 1039 1801 ήν
1053 1713 1116 1799 μέν

108 1831 149 1921 δὴ
163 1828 202 1901 τό
219 1828 422 1917 χρηστήριον
437 1825 539 1913 ἀνέλη
560 1848 619 1909 μιν
635 1822 773 1907 βασιλέα
795 1813 881 1883 εἶναι
893 1818 1036 1900 Λυδῶν,
1055 1809 1117 1879 τὸν

109 1936 145 2003 δὲ
160 1929 372 2022 βασιλεύειν,
386 1925 430 2017 ήν
445 1928 482 1998 δέ
496 1921 560 2013 μή,
576 1919 765 1991 ἀποδοῦναι
779 1912 885 1984 ὀπίσω
900 1909 1117 2000 έςἩρακλεί-

110 2039 170 2112 δας
182 2027 247 2117 τήν
264 2026 379 2117 ἀρχήν.
415 2025 529 2096 ἀνεῖλέ
544 2049 581 2092 τε
602 2017 698 2107 δήτὸ
714 2015 916 2105 χρηστήριον
932 2015 989 2082 καὶ
1003 2014 1117 2099 ἐβασί-

109 2143 231 2202 λευσεν
246 2127 336 2198 οὕτω
349 2131 472 2215 Γύγης.
502 2123 645 2194 τοσόνδε
658 2122 773 2206 μέντοι
789 2113 860 2185 εἶπε
875 2110 896 2201 ἡ
911 2119 1046 2197 Πυθίη,
1072 2107 1117 2188 ὡς

105 2228 340 2317 Ἡρακλείδῃσι
350 2232 435 2305 τίσις
444 2222 515 2313 ἥξει
527 2225 560 2302 ἐς
570 2219 633 2289 τδν
643 2220 795 2304 πέμπτον
805 2213 978 2300 ἀπόγονον
986 2210 1115 2297 Γύγεα.

110 2330 234 2399 τούτου
250 2333 312 2394 τοῦ
327 2331 424 2404 ἔτνεος
434 2326 545 2392 Λυδοί
557 2346 593 2388 τε
609 2320 666 2386 καὶ
678 2320 714 2385 ol
726 2316 877 2403 βασιλέες
890 2307 1003 2380 αύτῶν
1012 2308 1118 2394 λόγον

110 2426 235 2498 οὐδένα
253 2429 444 2510 ἐποιεῦντο,
461 2422 542 2508 πρὶν
556 2417 597 2506 δή
615 2417 824 2498 ἀπετελέσθη.
851 2409 922 2498 Τήν
932 2405 1046 2496 μέιιδή
1057 2431 1119 2473 τυ-
1131 2415 1166 2467 14

112 2531 255 2617 ραννίδα
280 2523 370 2594 οὗτοι
396 2529 494 2610 ἔσχον
520 2525 554 2602 ολ
573 2513 778 2604 Μερμνάδαι
803 2506 882 2588 τούς
901 2506 1119 2593 Ἡρακλείδας

111 2629 332 2714 ἀπελόμενοι,
358 2625 471 2712 Γύγης
493 2624 529 2691 δέ
549 2614 782 2705 τυραννεύσας
798 2607 971 2694 ἀπέπεμψε
985 2602 1119 2689 ἀναθή-

112 2757 199 2820 ματα
215 2731 248 2806 ἐς
258 2721 417 2810 Δελφούς
428 2721 491 2791 ούκ
501 2719 610 2806 ὀλίγα,
626 2711 695 2784 ἀλλ’
708 2709 772 2780 ὅσα
787 2711 849 2796 μέν
863 2702 1018 2792 ἀργύρου
1034 2698 1119 2769 ἀνοι-

111 2827 512 2917 θήματιηέστιοίπλεῑστα
520 2808 958 2902 ένΔελφολσι,πάρεξδέτοῦ
966 2799 1119 2889 ἀργύρου

113 2923 241 3016 χρυσὸν
261 2921 408 2995 ἄπλετον
430 2917 616 3004 ἀνέθηκεν,
640 2909 744 2979 ἀλλον
763 2933 800 2974 τε
820 2907 956 2974 καὶτοῦ
977 2903 1119 2988 μα’λιστα

112 3028 251 3116 μνήμην
265 3021 361 3104 ἀξιον
375 3027 463 3106 ἔχειν
478 3021 562 3103 ἐστί,
585 3010 747 3100 κρητῆρές
765 3010 801 3074 οἷ
815 3000 966 3091 ἀριθμὸν
987 3003 1021 3079 ἓξ
1037 2997 1122 3086 χρύ-

113 3147 185 3196 σεοι
201 3123 392 3194 ἀνακέαται.
426 3124 538 3189 ἑστᾶσι
559 3117 595 3183 δὲ
616 3103 712 3179 οὗτοι
728 3109 764 3174 έν
778 3111 824 3194 τῷ
841 3105 1039 3188 Κορινθίων
1053 3107 1122 3181 δη-

114 3233 230 3315 σειυρῷ
248 3219 403 3308 σταθμὸν
418 3225 548 3305 ἔχοντες
561 3211 741 3300 τριήκοντα
756 3204 918 3272 τάλαντα·
947 3196 1069 3285 ἀληθεῖ
1085 3194 1121 3262 δὲ

113 3327 203 3414 λόγῳ
224 3323 401 3410 χρεωμένῳ
430 3316 472 3388 ού
495 3319 694 3401 Κορινθίων
720 3312 782 3375 τοῦ
803 3308 967 3390 δημοσίου
997 3297 1066 3367 ἐστὶ
1101 3295 1121 3364 υ

114 3419 307 3513 θησαυρδς,
331 3416 416 3488 ἀλλά
437 3419 598 3499 Κυψέλου
619 3418 683 3480 τοῦ
701 3406 887 3482 Ἠετίωνος.
925 3393 1024 3475 οὗτος
1046 3393 1121 3464 δδό

118 3525 230 3610 Γύγης.
246 3527 379 3607 πρῶτος
398 3517 581 3606 βαρβάρων
600 3517 671 3581 τῶν
689 3506 785 3594 ἡμεῖς
806 3507 902 3586 ἴδμεν
916 3501 949 3574 ές
963 3489 1123 3576 Δελφοὺς
