2500 3925
288 225 607 281 LIB.V111.0AP.
641 222 832 299 (ιε-εει
999 222 1061 285 251

44 377 272 497 ἀρξφὶμενος’
253 378 319 449 απδ
329 408 390 449 του
376 386 579 469 Σιδωνίου,
587 408 618 451 οι
611 383 693 468 ’μέν
705 381 745 471 δη
755 381 850 452 ἄλλοι
860 383 943 452 κατὰ
954 381 1060 453 τύυτύ

44 477 197 565 γνώμην
217 480 430 566 ἐξεφέροντο,
452 478 648 560 κελεύοντες
667 489 855 569 ναυμαχίην
876 486 1062 570 ποιέεσθαι,

41 573 291 664 Ἀρτεμιοίηδὲ
305 576 384 645 τάδε
399 583 480 665 έφη
503 574 608 647 Εἶναί
620 603 678 664 μοι
692 577 777 664 πρὸς
789 583 944 705 βασιλέα,
959 588 1097 667 Μαρ-α
1227 590 1228 593 ’

46 670 211 759 δύνιε,’
189 699 233 753 ως
245 671 310 761 έγοδ
326 673 406 744 τύδε
419 677 523 762 λέγω·
552 700 630 743 ουτε
645 683 805 765 κακίστην
819 682 1005 767 γενομένην
1025 680 1063 745 έν

45 778 128 859 τῇσι
150 780 351 862 ναυμαχίῃσι
365 780 441 863 τῇσι
461 770 546 863 πρδς
559 770 690 863 Εύβοίῃ
710 772 787 844 οὕτε
808 773 996 863 έλύχιστα’
978 800 1063 844 απο-

48 872 251 959 δεξαμένην,
259 876 412 961 δέσποτα,
423 869 485 960 τήν
497 875 621 941 έοῦσαν
631 875 771 962 χνιύμην
781 903 822 962 με
833 876 965 945 δίκαιόν
974 878 1063 943 ἐστιν

47 966 339 1057 ἀποδείκνυσθαι,
359 968 399 1039 τδ
415 972 569 1058 τυγχάνω
584 976 777 1060 φρονέουσα
793 973 912 1061 ἀριστα
927 977 960 1055 ές
974 973 1062 1061 πρή-

47 1094 163 1154 γματα
178 1068 219 1137 τά
236 1070 288 1138 σά.
310 1077 371 1140 καί
381 1099 433 1140 τοι
448 1072 526 1141 τάδε
541 1076 645 1160 λέγω,
667 1078 780 1161 φείδεο
794 1082 863 1143 τῶν
876 1082 964 1145 νεῶν
977 1075 1061 1162 μηδὲ

47 1173 243 1253 ναυμαχίην
257 1167 358 1235 ποιέο.
402 1174 437 1239 οί
444 1164 509 1257 νάρ
522 1169 643 1259 ἀνδρες
652 1177 721 1239 τῶν
732 1179 802 1240 σῶν
814 1171 951 1260 ἀνδρῶν
962 1177 1061 1262 κρέσ-

48 1288 152 1346 σονες
164 1268 307 1337 τοσοῦτό
322 1274 385 1339 είσι
399 1268 483 1339 κατὰ
500 1270 695 1357 θάλασσαν,
710 1270 793 1341 ὅσον
805 1272 926 1361 ἀνδρες
940 1301 1061 1361 γυναι-

49 1376 134 1437 κῶν.
157 1374 192 1437 τί
202 1367 238 1436 δέ
252 1369 386 1449 πάντως
411 1375 467 1439 δεῖ
489 1390 526 1439 σε
545 1378 747 1461 ναυμαχίῃσι
763 1371 1060 1455 ἀνακινδυνεύεινς

50 1467 117 1538 οὐκ
138 1464 222 1556 ἔχεις
241 1470 303 1557 μέν
319 1468 378 1550 τὰς
395 1468 557 1558 Ἀθήνας,
590 1476 723 1559 τῶνπερ
751 1476 879 1541 εἵνεκεν
901 1469 1062 1560 ὡρμήθης

51 1571 314 1657 στρατεύεσθαι,
331 1578 414 1658 ἔχεις
428 1571 464 1639 δέ
479 1569 542 1659 τήν
556 1571 663 1660 ἀλλην
678 1568 834 1653 Ἐλλάδας
855 1567 1010 1657 έμποδύν
1025 1573 1064 1638 δέ

14 1751 15 1760 ¹
52 1700 105 1741 τοι
118 1674 249 1740 ἵσταται
262 1670 389 1752 ούδείς·
411 1682 447 1743 οἳ
456 1678 553 1743 δέπαι
564 1671 779 1761 ἀντέστησαν,
794 1669 988 1760 ἀπήλλαξαν
999 1668 1061 1737 06-

14 1853 15 1856 ¹
53 1798 117 1857 τω,
134 1767 178 1848 ὡς
194 1771 343 1849 ἐκείνους
357 1776 488 1857 έπρεπε.
514 1778 563 1861 Τῇ
574 1775 610 1840 δὲ
625 1767 690 1859 ἐγω
706 1771 810 1838 δοκέω
828 1766 1060 1857 ἀποβήσεσθαι
1075 1768 1097 1851 β

50 1868 94 1939 τὰ
105 1874 173 1937 τῶν
184 1864 416 1954 ἀντιπολέμων
425 1870 613 1957 πρήγματα,
624 1876 723 1937 τοῦτο
733 1866 869 1956 φρύσω·
886 1862 931 1955 ήν
942 1868 1004 1953 μέν
1014 1861 1059 1951 μή

15 2025 18 2062 ,
55 1973 210 2058 ἐπειχθῇς
230 1974 418 2056 ναυμαχίην
437 1969 653 2056 ποιεύμενος,
676 1965 760 2037 ἀλλά
777 1962 836 2048 τάς
855 1967 933 2046 νέας
954 1961 1060 2033 αύτού

56 2076 130 2157 λχῃς
143 2065 284 2158 πρδςχῇ
297 2072 426 2156 μένων,
442 2066 464 2157 ή
479 2073 535 2139 καί
548 2074 744 2158 προβαίνων
758 2069 791 2147 ές
807 2065 869 2154 τήν
882 2064 1060 2136 Πελοπόν-

16 2224 18 2264 ³
52 2188 176 2253 νησον,
201 2163 362 2246 εὐπετέως
376 2192 444 2254 τοι,
466 2169 625 2252 δέσποτα,
641 2165 789 2254 χωρήσει
804 2161 844 2233 τά
860 2166 968 2233 νοέων
980 2161 1058 2250 έλή-

16 2324 19 2364 χ
51 2276 170 2344 λυθας.
199 2263 241 2333 ού
255 2263 320 2352 χάρ
338 2260 406 2335 οἷοί
421 2291 457 2333 τε
477 2262 605 2335 πολλὸν
619 2263 746 2352 χρόνον
761 2268 826 2332 είσί
836 2289 887 2332 τοι
908 2258 1058 2346 ἀπέχειν

18 2454 19 2459 ¹
53 2365 111 2435 οί
103 2375 259 2453 Ελληνες,
269 2364 354 2434 ἀλλά
365 2385 470 2483 σφεας
482 2369 667 2454 διασκεδας,
677 2389 760 2431 κατα
749 2360 868 2440 πόλις
879 2361 916 2429 δὲ
925 2363 1057 2428 ἕκαστοι

19 2524 20 2531 ,
55 2464 242 2551 φεύξονται.
266 2460 343 2529 ούτε
359 2459 426 2547 χάρ
443 2476 532 2540 σῖτος
545 2486 637 2545 παρα
654 2466 750 2547 σφίσι
761 2460 852 2527 έν
813 2485 853 2547 τῃ
868 2457 960 2546 νήσφ
975 2455 1057 2523 ταύ-

55 2587 112 2681 τῃ,
134 2556 178 2638 ὡς
193 2555 257 2645 έχοδ
272 2559 510 2644 πυνθάνομαι,
527 2557 604 2625 οὔτε
619 2553 743 2634 αύτούς
758 2550 908 2642 οίκο’ς,’Λ
886 2581 931 2677 ην
946 2551 990 2622 σύ
1007 2554 1060 2620 ἐπὶ

20 2726 21 2755 ,
54 2659 117 2747 τὴν
129 2658 391 2746 Πελοπόννησον
413 2656 612 2747 ἐλαύνῃς
577 2684 639 2727 ιον
657 2653 758 2739 πεζδν
778 2652 939 2742 στρατόν,
962 2651 1058 2737 ἀτρε-

55 2762 160 2847 μιέειν
178 2754 258 2838 τούς
278 2754 468 2827 έκείδεν’
426 2783 540 2825 αυτων
559 2754 720 2844 ἥκοντας,
747 2752 830 2824 ούδέ
844 2775 905 2842 σφι
925 2750 1060 2841 μελήσει

21 2852 25 2886 ²
55 2854 119 2943 πρδ
133 2862 200 2926 τῶν
209 2853 399 2944 Ἀθηναίων
413 2862 625 2945 ναυμαχέειν.
640 2851 704 2923 Ἦν
719 2858 755 2922 δὲ
770 2851 888 2922 αύτίκα
901 2854 1057 2938 ἐπειχθῇς
1071 2877 1093 2937 χ

58 2963 278 3043 ναυμαχῆσαι,
295 2962 464 3043 δειμαίνω,
479 2953 524 3043 μή
539 2951 558 3024 ὁ
576 2950 734 3032 ναντικδς
744 2946 883 3039 στρατὸς
893 2949 1059 3024 κακωθεὶς

56 3052 115 3123 τὸν
128 3052 224 3136 πεζδυ
237 3056 516 3142 προσδηλήσηται.
539 3049 626 3143 πρὸς
639 3054 687 3140 δέ,
704 3043 732 3119 6
748 3054 898 3138 βασιλεῦ,
916 3049 971 3114 καὶ
982 3044 1058 3113 τόδε

57 3155 91 3232 ές
104 3151 215 3239 θυμὸν
227 3154 348 3241 βύλεο,
364 3152 408 3234 ὡς
421 3170 507 3225 τοῖσι
522 3158 585 3244 μὲν
597 3165 769 3244 χρηστοῖσι
783 3156 851 3218 τῶν
863 3145 1058 3235 ἀνθρώπων

57 3253 150 3322 κακοὶ
165 3256 280 3321 δοῦλοι
301 3257 455 3375 φιλέουσι
472 3263 647 3342 γίνεσθαι,
667 3264 754 3322 τοῖσι
771 3249 808 3317 δὲ
825 3260 956 3316 κακοῖσι
977 3269 1060 3332 χρῃ-

57 3356 134 3419 στοί.
161 3350 212 3418 σοὶ
229 3351 318 3419 δι”
282 3376 372 3420 εοντι
386 3350 510 3443 ἀρίστῳ
524 3352 661 3440 ἀνδρῶν
676 3347 816 3419 πάντων
832 3348 929 3418 κακοὶ
942 3349 1057 3414 δοῦλοι

59 3452 133 3538 sm,
147 3455 180 3518 οἳ
165 3451 229 3518 rev
243 3449 426 3538 συμμάχων
439 3450 529 3546 λόγῳ
543 3446 742 3540 λέγονται
709 3475 724 3516 ε
740 3474 813 3537 ναι,
829 3445 940 3526 έύντες
951 3440 1060 3531 Λίχύ-
1141 3485 1146 3496 ·
