2500 3925
179 258 241 325 298
553 251 803 312 οεοοοοτι

180 429 267 514 έργφ
282 425 317 493 δὲ
336 416 398 489 ούκ
414 421 641 485 ἀποδεικνῦσι.
669 413 830 479 ἐνθεῦτεν
846 404 906 476 τὸν
921 394 1121 492 Ἡρακλέα’
1103 421 1169 465 απι-
1216 469 1222 484 1

180 525 300 593 κέσθαι
316 515 397 640 ἐς1
362 544 424 606 την
434 523 499 585 νῦν
511 507 694 631 Σκυθικὴν
706 508 819 597 χώρην
834 505 1058 591 καλεομένην·
1080 525 1169 568 κατα·

180 631 296 711 λαβεῖν
308 615 374 709 γάρ
389 614 494 686 αὐτόν
509 611 656 701 χειμῶνά
670 637 705 677 τε
720 612 776 677 καὶ
790 605 938 728 κρυμόν·
960 597 1170 685 έπειρυσάμε
1218 647 1219 650 ,

180 748 243 792 νον
266 716 329 807 τὴν
351 716 507 835 λεοντέην
530 713 763 795 κατυπνῶσαι,
785 704 846 786 τάς
868 700 909 771 δέ
930 703 1002 769 06⁸
987 692 1171 821 ιππουςτάς

181 817 247 889 ἀπὸ
268 824 330 885 τοῦ
346 813 493 902 ἅρματος
510 812 694 895 νεμομένας
716 808 753 875 ἐν
771 804 879 894 τοῦτφ
895 808 941 893 τῦ
957 801 1075 923 χρόνω
1095 796 1171 883 ἀφα-
1219 863 1222 902 1

148 923 342 1003 ςνισθῆναι
362 921 441 1001 θείη
461 911 552 997 τύχη.
598 902 706 985 Ὡς’δ
729 907 910 990 ἐγερθῆναι
930 898 993 969 τόν
1007 896 1172 984 Ἡρακλέα,

183 1022 353 1101 δίζησθαι,
375 1010 485 1079 πάντα
511 1008 549 1075 δέ
571 1002 612 1073 τά
634 1011 692 1090 τῆς
712 1002 822 1089 χώρης
845 999 1072 1081 ἐπεξελθόντα
1095 999 1174 1069 τέλος
1217 1021 1219 1046 2

183 1114 364 1183 ἀπικέσθαι
378 1108 460 1189 ἐς
424 1135 487 1196 την
501 1105 637 1191 Ὑλαίην
651 1104 857 1188 καλεομένην
877 1106 958 1187 γῆν
981 1102 1131 1167 ἐνθαῦτα
1146 1093 1219 1159 δε

183 1210 287 1282 αὐτόν
304 1209 417 1329 εῦρειν1
437 1206 510 1275 ἐν”
490 1232 601 1298 αντρφ
618 1200 871 1325 ριξ1οπάρθενόν
885 1225 961 1268 τινα
983 1201 1119 1286 ἔχιδναν
1132 1198 1176 1261 δι·
1215 1177 1219 1255 Ῑ

183 1315 287 1432 φ1υέα,
308 1318 365 1397 τῆς
381 1336 421 1378 τα
409 1306 543 1395 “”μέν
521 1332 592 1374 ανω
613 1299 679 1371 ἀπὸ
693 1307 762 1369 νῦν
784 1302 939 1386 γλουτῶν
964 1296 1052 1365 ειναι
1065 1319 1175 1381 γυναι·
1216 1279 1219 1363 6

183 1409 258 1498 κὸς,
278 1406 319 1477 τά
341 1410 377 1477 δε
398 1403 565 1493 ἔνερθε*
545 1429 652 1490 οφιος.
686 1400 802 1470 ι’δύντα
823 1399 859 1465 66
880 1400 936 1464 καλ
974 1392 1175 1511 θωμάσαντα
1220 1465 1222 1474 1

183 1514 255 1581 έπεέ
255 1514 377 1597 ρεσθαέ
390 1533 465 1626 ριν,
484 1514 517 1573 εἰ
526 1530 590 1575 κου,
601 1503 694 1570 λδοι”
679 1523 802 1577 ιππους
815 1496 1059 1582 πλανεομένας·
1075 1518 1134 1579 την
1147 1488 1176 1555 δε
1220 1566 1222 1575 1

183 1610 290 1779 φάναι
305 1604 433 1693 εωντην
449 1610 553 1725 ἔχειν,
573 1596 709 1670 καλοῦν
726 1595 916 1665 ἀποδώσειν
933 1596 1051 1684 ἐκείνω
1071 1584 1176 1676 πρινῆ

185 1713 414 1828 οέμιχθῆναι·
436 1700 496 1772 τόν
517 1702 554 1769 66
570 1698 734 1785 Ἡρακλέα
754 1701 916 1782 μιχθῆναι
936 1694 990 1761 ἐπὶ
1010 1716 1056 1780 τφ
1042 1689 1178 1773 μισθῷ

184 1806 301 1896 τούτῳ.
324 1807 455 1889 ἐκείνην
465 1828 501 1869 τε
518 1796 558 1885 66
575 1794 848 1884 ὑπερβάλλεσθαι
862 1788 924 1878 την
939 1757 1105 1857 ἀπόδυσιν
1120 1789 1178 1850 τῶν

184 1910 313 1990 ἵππων,
339 1904 550 1992 βουλομένην
571 1892 616 1975 69
636 1903 791 1964 πλεδστον
815 1890 940 1979 χρόνον
965 1899 1118 1955 συνεῖναι
1140 1886 1179 1968 τῷ
1220 1891 1222 1894 ’

178 2006 347 2090 Ἡρακλέϊ,
373 1994 475 2069 καλ
442 2025 501 2068 τον
515 1995 743 2115 κομισάμενον
752 1992 885 2061 ἐθέλειν
895 1984 1178 2055 ἀπαλλάσσεσθαι

185 2108 277 2181 τέλος
292 2090 817 2179 δέἀποδιδοῦσαναῦτὴνεέπεϊν·
829 2083 1042 2171 ’ἐΊππουςμν
1019 2076 1180 2168 νδηταύ-
1220 2074 1222 2079 ’

185 2226 243 2278 τας
257 2195 460 2281 ἀπικομένας
480 2191 605 2260 ἐνθάδε
626 2189 736 2258 ἔσωσά
756 2213 808 2254 τοι
829 2182 912 2271 ἐγω,
933 2189 1067 2269 σῶστρα
1087 2179 1123 2247 δέ
1143 2171 1180 2242 σύ

178 2299 362 2385 παρέσχες
387 2296 450 2377 ἔχω
463 2315 529 2376 γαρ
541 2292 577 2357 ἐκ
592 2291 648 2356 σεο
659 2291 779 2364 παῖδας
792 2296 896 2371 τρεῖς·
918 2282 1071 2365 τούτους,
1087 2272 1222 2346 ἐπεάν“

184 2396 350 2483 γένωνται
370 2387 524 2475 τρόφιες,
546 2387 566 2454 6
585 2414 617 2456 τι
638 2413 700 2504 χρη
689 2383 866 2469 ποιέειν,
895 2382 1010 2467 ἐξηγέο
1041 2376 1103 2466 σῦ,
1124 2385 1182 2444 ελιε

186 2489 292 2561 αύτου
278 2494 481 2568 κατοικίζω
496 2486 619 2604 (χρέρης
631 2483 702 2603 γάρ
712 2487 811 2570 τῆσδε
826 2478 937 2567 έχω
902 2505 940 2547 το
956 2477 1080 2567 κράτος
1090 2473 1222 2574 αῦτη)

187 2600 252 2658 εἴτε
266 2583 450 2671 ἀποπέμπω
464 2577 552 2704 παρὰ
567 2589 613 2653 σέ
654 2577 729 2670 Τὴν
742 2583 805 2669 μέν
819 2578 860 2667 66
874 2585 979 2646 ταῦτα
994 2581 1221 2665 ἐπειρωτᾶν,

186 2685 246 2754 τὸν
263 2685 300 2752 δέ
322 2683 456 2767 λέγουσι
474 2681 558 2768 πρὸς
577 2688 681 2750 ταῦτα
697 2686 818 2748 εἰπεῖν·
850 2675 970 2746 Ἠπεάν
991 2675 1184 2764 ἀνδρωθέν-
1220 2638 1222 2744 6

126 2857 133 2874 1
186 2809 245 2862 τας
276 2788 332 2900 ἴδη
356 2777 436 2858 τοῦς
473 2782 608 2865 παῖδας,
630 2777 710 2847 τάδε
725 2782 868 2846 ποιεῦσα
890 2772 954 2844 οῦκ
970 2771 1016 2842 ἀν
1040 2769 1186 2860 άμαρτά-

187 2905 274 2961 νοις·
295 2875 356 2947 τόν
370 2873 469 2963 μέν’“
448 2901 491 2944 αν
502 2875 583 2966 ὁρᾷς
594 2876 708 2946 αύτῦν
722 2878 800 2946 τόδε
811 2903 849 2944 το
837 2873 966 2956 τόξον
982 2868 1050 2943 ὦδε
1066 2879 1185 2943 διανει-

187 2977 333 3065 νόμενον
354 2978 409 3042 aaz
426 2982 471 3064 τῷ
493 2981 632 3060 ζωστῆρι
648 2981 733 3066 τῶδε
754 2973 838 3044 κατά
858 2975 939 3044 τάδε
961 2975 1222 3093 ζωννύμενον,
1220 2950 1222 3011 6

187 3082 308 3144 τοῦτον
321 3074 384 3158 μέν
400 3075 499 3157 τῆσδε
519 3079 575 3157 τῆς
594 3073 704 3159 χώρης
724 3073 882 3160 οἰκήτορα
898 3081 1015 3142 ποιεῦ·
1040 3100 1078 3154 ος
1095 3065 1166 3140 δ
1145 3090 1222 3136 αν

187 3171 317 3240 τούτων
331 3177 399 3236 νῦν
415 3175 523 3254 ἔργων
538 3176 606 3236 νῦν
617 3172 808 3258 ἐντέλλομαι
817 3177 1012 3266 λείπηται,
993 3191 1140 3260 εκπεμιτε
1152 3172 1187 3236 εἰι

187 3281 245 3360 τῆς
258 3274 374 3361 χάρης.
404 3277 459 3341 καὶ
479 3279 582 3340 ταῦτα
602 3281 744 3343 ποιεῦσα
765 3270 850 3361 αῦτή
871 3301 907 3342 τε
928 3271 1118 3362 εῦφρανέαι
1136 3270 1187 3337 καὶ

140 3385 174 3439 10
187 3368 227 3436 τά
244 3373 460 3456 ἐντεταλμένα
479 3369 638 3455 ποιήσεις.
686 3371 754 3441 Τόν
773 3375 837 3458 μὲν
857 3369 898 3458 66
919 3372 1107 3459 εἰρύσαντα
1125 3376 1190 3438 661¹

187 3463 349 3546 1666666
369 3467 484 3545 &⁸0⁰6
506 3464 587 3548 (660.
601 3469 667 3554 γάρ
689 3467 730 3556 66
751 3471 887 3557 φορέειν
901 3473 985 3550 τέως
1001 3469 1190 3558 Ἡρακλέα),
