2500 3925
373 227 459 284 ιιε
492 185 539 283 τι.
574 227 674 284 οτι.
709 234 851 290 ιι-ει
1077 229 1118 302 σε

106 382 191 456 ὥστε
205 383 244 454 τδ
257 390 381 456 έπίπαν
394 391 549 456 Θασίοισι
565 388 659 454 έοῦσι
674 394 813 474 καρπῶν
830 386 959 461 άτελέσι
975 395 1116 482 προσήιε

106 482 173 554 άκό
187 511 224 552 τε
236 491 294 571 τῆς
303 481 446 573 ήπτίρου
456 487 593 552 καὶτῶν
603 485 777 570 μετάλλων
788 491 877 567 έτεος
889 490 1030 559 ἑκάστου
1040 496 1115 578 διη-

105 585 202 654 κύσιοι
216 586 379 670 τάλαντα,
394 583 451 652 ὅτε
460 583 498 652 δὲ
508 580 546 651 τὸ
558 593 714 652 πλεῖστον
724 589 914 672 προσῆλθε,
930 589 1112 674 τριηκόσια.

107 681 209 752 Εἶδον
222 685 260 750 δὲ
274 684 330 750 καὶ
340 679 443 760 αύτδς
456 678 498 748 τὰ
510 685 654 766 μέταλλα
665 687 788 766 ταῦτα,
803 684 859 750 καὶ
869 691 985 775 μακρῷ
996 677 1041 772 ἦν
1051 683 1115 753 αύ-
1128 699 1164 761 4?

103 788 172 849 τῶν
197 778 441 867 θωμασιώτατα
469 777 510 847 τά
526 784 562 847 οἰ
570 786 726 858 Φοίνικες
739 777 887 866 ἀνεῦρον
903 788 936 850 οἰ
947 780 1029 869 μετά
1045 784 1116 852 Θά-

105 899 168 947 σου
178 884 350 958 κτίσαντες
359 876 423 964 τήν
432 885 540 965 νῆσον
549 877 687 964 ταύτην,
696 876 774 963 Ιήτις
785 884 851 947 νύν
862 881 915 948 έπί
925 888 987 949 τού
998 881 1115 950 Θάσου

103 981 229 1049 τούτου
242 986 305 1050 τού
319 983 478 1058 Φοίνικος
492 976 530 1046 τδ
545 977 677 1066 ούνομα
693 984 775 1065 έσχε.
805 978 844 1047 τά
862 979 899 1048 δέ
914 983 1058 1067 μέταλλα
1072 983 1114 1047 τὰ

103 1075 282 1148 Φοινικικὰ
297 1084 402 1145 ταῦτα
416 1079 484 1145 ἐστὶ
493 1082 552 1164 τῆς
562 1074 679 1146 Θάσου
691 1073 815 1163 μεταξύ
825 1076 987 1165 Αἰνύρων
996 1103 1033 1145 τε
1045 1077 1112 1163 χά-

102 1203 166 1264 ρου
179 1177 386 1263 καλεομένου
397 1179 452 1244 καὶ
463 1176 663 1263 Κοινύρων,
679 1172 796 1243 ἀντίον
811 1176 847 1243 δὲ
857 1181 1111 1262 Σαμοθρηίκης,

103 1269 204 1362 υύρος
213 1275 297 1361 μέγα
312 1270 586 1360 ἀνεστραμμένον
596 1278 634 1340 ἐν
645 1280 685 1363 τῇ
697 1272 818 1360 ζητήσι.
851 1280 958 1342 Τοῦτο
970 1273 1033 1360 μέν
1044 1273 1112 1341 νύν

101 1379 171 1444 ἐστι
186 1380 335 1459 τοιοῦτο,
351 1376 386 1440 οί
398 1373 436 1440 δέ
450 1372 572 1441 Θάσιοι
585 1380 632 1462 τῷ
647 1376 778 1460 βασιλέϊ
789 1373 987 1442 κελεύσαντι
1003 1374 1058 1440 καὶ
1072 1368 1110 1439 τδ
1124 1377 1160 1436 48

101 1488 205 1560 τεῖχος
215 1473 252 1542 τὸ
269 1478 433 1559 σφέτερον
446 1480 600 1541 κατεῖλον
610 1468 736 1551 καὶτὰς
750 1477 828 1549 νέας
840 1467 899 1549 τὰς
910 1469 1019 1548 πάσας
1034 1469 1111 1538 έκό-

101 1592 204 1654 μισαν
218 1571 414 1660 έςἍβδηρα.

185 1671 282 1740 Μετὰ
295 1672 331 1740 δέ
341 1677 439 1739 τοῦτο
451 1667 653 1754 ἀπεπειρᾶτο
665 1665 683 1736 ὁ
695 1678 841 1755 Δαρεῖος
851 1674 920 1736 τῶν
929 1665 1109 1753 Ἑλλήνων,

99 1773 120 1842 ὅ
133 1776 218 1842 πιέν
232 1771 302 1861 νόφ
319 1776 443 1858 ἔχοιεν,
463 1769 586 1856 κότερα
601 1771 776 1854 πολεμέειν
797 1769 910 1858 έωυτῷ
925 1761 948 1854 ή
965 1771 1110 1854 παραδι-

100 1872 198 1945 δόναι
212 1873 316 1957 σφέας
330 1867 464 1948 αὐτούς.
487 1869 647 1955 διέπεμπε
662 1860 711 1936 ύν
724 1867 873 1955 κήρυκας
887 1864 1010 1944 άλλους
1025 1863 1109 1952 άλλη

99 1972 201 2053 τάξας
214 1967 280 2037 ἀνά
294 1967 357 2055 τήν
366 1967 532 2054 Ἐλλάδα,
542 1967 693 2036 κελεύων
713 1969 834 2036 αἰτέειν
848 1969 979 2055 βασιλέι·
993 1971 1058 2051 γήν
1072 1989 1108 2029 τε

99 2073 155 2139 καὶ
164 2067 268 2152 ὕδωρ.
290 2067 433 2145 τούτους
443 2068 505 2154 μὲν
517 2066 557 2154 δή
569 2065 674 2154 έςτήν
683 2064 825 2137 Ἑλλάδα
835 2072 971 2153 έπεμπε,
985 2063 1108 2141 άλλονς

98 2170 135 2237 δὲ
149 2166 298 2255 κήρυκας
312 2169 471 2253 διέπεμπε
481 2168 514 2245 ές
528 2163 588 2245 τὰς
599 2168 727 2235 ἑαυτοῦ
750 2166 988 2257 δασμοφόρους
1012 2166 1108 2246 πόλις

97 2266 156 2347 τὰς
168 2272 483 2355 παραθαλασσίους,
497 2265 649 2334 κελεύων
659 2269 737 2345 νέας
750 2292 785 2333 τε
797 2262 927 2353 μακράς
938 2264 993 2331 καὶ
1003 2267 1107 2331 ίττπα-

97 2366 190 2453 γωγά
201 2376 302 2434 πλοοα
310 2368 495 2434 ποιέεσθαι.
515 2357 623 2432 Οὗτοί
629 2390 666 2432 τε
676 2362 716 2451 δὴ
727 2362 1014 2453 παρεσκευάζοντο
1023 2366 1106 2427 ταῦ·
1118 2366 1154 2425 4⁹

97 2492 153 2551 τα,
174 2466 230 2531 καὶ
250 2478 337 2531 τοῖσι
353 2461 478 2551 ἥκουσι
494 2466 527 2542 ές
541 2461 604 2550 τήν
614 2462 755 2532 Ἐλλάδα
770 2462 890 2549 κήρυξι
909 2461 1027 2529 πολλοὶ
1043 2460 1106 2544 μέν

97 2561 442 2651 ήπειρωτέωνέδοσαν
451 2561 492 2630 τά
503 2570 678 2651 προίσχετο
691 2562 809 2629 αἰτέων
823 2558 841 2628 ὁ
853 2562 1001 2645 Πέρσης,
1015 2556 1106 2625 πάν-

97 2690 149 2741 τες
166 2665 203 2729 δέ
218 2668 378 2747 νησιῶται
399 2665 433 2740 ές
448 2660 529 2740 τούς
545 2659 721 2729 ἀπικοίατο
736 2659 935 2746 αἰτήσοντες.
964 2660 1046 2724 οἵτε
1063 2652 1103 2742 δή

96 2762 192 2831 ἄλλοι
206 2767 368 2849 νησιῶται
382 2764 514 2828 διδοῦσι
528 2768 595 2854 γῆν
603 2786 640 2829 τε
650 2762 706 2827 καὶ
720 2757 813 2847 ὕδωρ
824 2762 977 2847 Δαρείῳ,
991 2756 1045 2823 καί
1062 2752 1102 2839 δή
1122 2818 1124 2823 .

95 2864 151 2929 καὶ
166 2866 351 2947 Αἰγινῆται.
380 2858 539 2946 ποιήσασι
559 2862 599 2926 δέ
612 2877 674 2945 σφι
691 2864 797 2925 ταῦτα
812 2858 914 2932 ἰθέως
931 2851 1104 2940 Ἀθηναῖοι

96 2961 268 3044 ἐπεκέατο,
290 2961 464 3035 δοκέοντες
485 2959 538 3026 έπί
558 2964 654 3043 σφίσι
672 2962 806 3043 ἔχοντας
825 2953 906 3033 τούς
922 2950 1104 3039 Αἰγινήτας

96 3060 293 3142 δεδωκέναι,
316 3054 361 3135 ὡς
375 3055 445 3143 ἅμα
465 3062 512 3146 τῷ
525 3057 642 3144 Πέρση
658 3057 711 3123 έπὶ
726 3057 831 3142 σφέας
845 3051 1101 3141 στρατεύωνται.

94 3151 302 3228 καίάοκενοι
315 3156 506 3243 προφάσιος
516 3156 735 3242 ἐπελάβοντο,
752 3155 940 3240 φοιτέοντές
950 3178 986 3219 τε
997 3154 1030 3230 ἐς
1040 3150 1103 3237 τήν

94 3255 258 3345 Σπάρτην
276 3256 485 3343 ’κατηγόρεον
503 3263 573 3325 τῶν
594 3260 804 3342 Αἰγινητέων
823 3252 864 3323 τὰ
886 3250 1102 3339 πεποιήκοιεν

93 3358 277 3443 προδοντες
290 3351 511 3442 τὴνἙλλάδα.
532 3352 628 3441 Πρδς
640 3355 767 3441 ταύτην
778 3354 815 3422 δὲ
825 3351 887 3441 τήν
897 3355 1100 3438 κατηγορίην
1112 3361 1149 3419 50

93 3462 284 3544 Κλεομένης
297 3450 316 3523 ὁ
329 3452 591 3542 Ἀναξανδρίδεω
607 3452 766 3544 βασιλεύς
781 3449 846 3521 έιέν
860 3453 1101 3539 Σπαρτιητέων
