2500 3925
327 193 413 250 LIB.
445 193 504 250 Vll.
538 192 637 250 GAP.
669 200 842 254 101-104.
1030 195 1092 258 165

77 379 119 440 γε
137 355 268 441 δάημαι
280 361 386 422 εἰκοσι
401 349 488 419 εἶναι
502 348 677 431 ἀντάξιον·
706 354 762 419 καὶ
777 350 865 420 οὕτω
882 353 944 439 μὲν
959 350 1089 442 ὀρθοῖτ’

78 448 127 516 ἀν
141 447 159 518 6
175 451 275 538 λόγος
289 447 307 518 6
323 447 413 538 παρά
431 455 491 518 σεῦ
507 452 689 535 εἰρημένος.
713 455 744 518 εἰ
757 450 793 517 δέ
806 458 955 518 τοιοῦτοί
965 478 1001 520 τε
1014 451 1089 520 ἐόν-

76 574 140 630 τες
146 551 202 615 καί
213 547 364 634 μεγάθεα
374 552 540 633 τοσοῦτοι,
554 544 630 615 όσοι
642 546 685 614 σά
695 573 731 616 τε
742 551 798 616 καί
809 555 843 617 οἳ
851 548 931 636 παρ’
944 553 999 637 ἐμὲ
1011 577 1090 636 φοι-

75 639 405 734 τέονσιἘλλόνωνές
416 645 550 732 λόγους,
562 645 695 735 αὐχέετε
706 655 857 737 τοσοῦτο,
872 649 946 739 όρα,
963 649 1008 738 μὴ
1024 652 1090 737 μά-

74 771 143 833 την
157 746 285 833 κόμπος
299 745 318 815 ὁ
330 747 430 834 λόγος
444 738 543 826 οὗτος
554 744 572 815 6
585 748 759 834 εἰρημένος
769 758 829 836 εἰη.
854 751 923 819 ἐπεὶ
934 754 1015 837 φέρε
1027 755 1088 820 ίδω

75 849 180 913 παντί
195 853 241 936 τῷ
258 846 380 915 οἰκότι·
403 855 472 930 πῶς
487 836 531 913 ἀν
545 852 704 913 δυναίατο
718 851 817 933 χίλιοι
830 843 852 935 ἢ
868 850 923 916 καὶ
936 848 1051 935 μύριοι
1065 843 1087 934 ἢ

77 947 136 1012 καὶ
149 944 441 1034 πεντακισμύριοι,
459 944 570 1023 έόντες
584 969 624 1030 γε
639 943 813 1030 ἐλεύθεροι
829 945 952 1024 πάντες
966 941 1087 1032 ὁμοίως

75 1046 135 1111 καὶ
152 1041 196 1131 μὴ
215 1042 274 1111 ὑπ’
292 1042 577 1131 ένὸςίἀρχόμενοι,
592 1051 722 1137 στρατῷ
736 1049 861 1135 τοσῷδε
875 1041 1085 1132 ἀντιστῆναις

75 1145 154 1211 ἐπεί
160 1168 212 1211 τοι
221 1151 363 1224 πλεῦνες
373 1146 449 1235 περί
463 1145 523 1213 ἕνα
534 1146 676 1213 ἕκαστον
689 1147 856 1231 γινόμεθα
866 1141 888 1232 ἦ
897 1151 997 1231 χίλιοι
1007 1143 1084 1214 έόν-

74 1267 147 1310 των
162 1244 300 1312 ἐκείνων
313 1249 412 1317 πέντε
425 1244 594 1332 χιλιάδων.
615 1241 683 1312 ὑπὸ
697 1242 760 1330 μέν
773 1241 838 1331 γάρ
854 1240 928 1322 ένός
943 1239 1085 1331 ἀρχόμε-

75 1367 134 1408 νοι
148 1338 232 1410 κατά
247 1340 376 1428 τρόπον
387 1341 448 1413 τόν
462 1340 625 1430 ἡμέτερον
638 1340 781 1430 γενοίατ’
800 1339 843 1410 ἀν
861 1346 1085 1430 δειμαίνοντες

74 1446 200 1510 τοῦτον
213 1443 268 1511 καί
281 1439 375 1529 παρὰ
387 1440 450 1529 τὴν
461 1445 596 1511 ἑωυτῶν
610 1439 718 1527 φύσιν
732 1437 916 1528 ἀμείνονες,
931 1442 986 1508 καὶ
1001 1449 1085 1508 ἰοιεν

77 1539 342 1630 ἀναγκαζόμενοι
369 1533 502 1630 μάστιγι
528 1545 562 1622 ές
586 1549 734 1623 πλεῦνας
760 1543 938 1622 ἐλάσσονες
963 1541 1084 1630 έόντες,

77 1638 248 1726 ἀνειμένοι
259 1643 296 1710 δὲ
306 1643 339 1720 ές
350 1638 387 1709 τό
398 1642 584 1726 έλεόθερον
597 1639 661 1710 οὐκ
671 1637 716 1710 ἀν
726 1645 873 1712 ποιέοιεν
884 1641 1014 1711 τούτων
1025 1638 1086 1708 οὐ·

77 1747 203 1831 δέτερα.
227 1745 333 1813 δοκέω
348 1745 385 1812 δὲ
405 1749 510 1832 ἰγωχε
524 1747 581 1812 καὶ
598 1741 828 1823 ἀνισωθέντας
847 1743 973 1831 πλήθει
987 1750 1101 1828 χαλε-.

77 1848 147 1927 πῶς
157 1837 201 1909 ἀν
208 1839 369 1929 Ἕλληνας
380 1845 530 1931 Πέρσησι
540 1842 698 1930 μούνοισι
709 1842 884 1930 μάχεσθαι.
906 1839 990 1910 ἀλλά
1001 1841 1081 1927 παρ’

76 1938 157 2028 ἡμῖν
170 1940 271 2010 τοῦτό
286 1944 371 2028 έστι,
388 1939 425 2011 τό
438 1938 482 2011 σό
494 1944 611 2030 λέγεις,
630 1947 698 2011 ἔστι
712 1968 752 2029 γε
765 1946 879 2029 μέντοι
890 1939 932 2011 οά
946 1937 1084 2027 πολλόν,

78 2037 163 2108 ἀλλά
177 2039 332 2109 σπάνιον.
355 2045 417 2110 εἰσί
430 2040 498 2130 γάρ
511 2044 672 2129 Περσέων
682 2050 750 2112 τῶν
764 2045 854 2128 ἐμάν
868 2042 1085 2129 αἰχμοφόρων

78 2139 323 2227 οἰέθελησονσι
339 2136 509 2229 Ἑλλήνων
529 2138 673 2226 ἀνδράσι
695 2144 782 2231 τρισὶ
801 2138 888 2228 ὁμοῦ
908 2140 1084 2229 μάχεσθαι,
1210 2139 1214 2142 ’

76 2242 144 2304 τῶν
158 2233 204 2305 σύ
216 2234 282 2305 έάν
296 2236 434 2327 ἀπειρος
450 2236 557 2309 πολλά
572 2243 760 2329 φλυηρέεις.
788 2238 881 2329 Πρὸς
895 2246 999 2309 ταῦτα
1010 2248 1084 2325 Δη-
1102 2256 1149 2311 104

76 2334 221 2421 μάρητος
231 2338 336 2421 λέγει·
353 2330 393 2405 Ὦ
405 2344 554 2425 βασιλεῦ,
567 2334 717 2424 ἀρχῆθεν
727 2332 929 2424 ἠπιστάμην,
939 2334 989 2405 ότι
1001 2332 1084 2421 ἀλη-

77 2442 154 2522 θείη
166 2434 346 2521 χρεόμενος
361 2434 403 2504 οά
421 2444 503 2525 φίλα
516 2463 569 2506 τοι
582 2439 682 2525 έρέω,
699 2434 743 2504 σε)
759 2436 796 2503 δέ
807 2440 877 2505 έπεί
891 2433 1083 2525 ἠνάγκασας

78 2535 187 2620 λέγειν
201 2539 269 2601 τῶν
285 2536 398 2621 λόγων
411 2534 491 2615 τούς
506 2535 772 2623 ἀληθεστάτους,
793 2541 910 2622 ἔλεγον
924 2533 964 2603 τά
981 2534 1083 2621 κατή-
1103 2538 1111 2545 ”

78 2658 179 2701 κοντα
189 2634 428 2723 Σπαρτιήτῃσι.
451 2642 558 2704 καίτοι
574 2634 619 2715 ός
634 2630 699 2720 έγά
710 2634 865 2721 τυγχάνω
876 2632 916 2703 τά
929 2642 994 2703 νῦν
1003 2633 1082 2701 τάδε

79 2727 239 2818 έστοργός
256 2734 423 2822 ἐκείνους,
438 2731 540 2813 αι’πός
553 2734 696 2820 μάλιστα
712 2736 909 2819 ἐξεπίστεαι,
931 2735 965 2801 οἵ
976 2758 1018 2820 με
1032 2758 1083 2799 τι-

80 2830 144 2918 μην
158 2855 195 2898 τε
208 2831 264 2898 καί
273 2832 374 2917 γέρεα
384 2828 587 2919 ἀπελόμενοι
603 2831 754 2922 πατρόια
768 2831 889 2902 ἀπολίν
902 2858 938 2901 τε
948 2835 1004 2899 καί
1015 2856 1083 2916 φυ-

79 2931 162 3017 γάδα
177 2930 394 3017 πεποιήκασι,
410 2929 519 3019 πατὴρ
533 2936 571 3000 δέ
586 2930 604 3000 6
620 2929 679 3012 σός
695 2930 942 3019 ὑποδεξάμενος
958 2936 1035 3018 βίον
1048 2930 1085 2995 τέ

81 3055 133 3116 μοι
147 3033 203 3097 καί
216 3028 312 3098 οἰκον
326 3032 460 3099 δέδωκε.
480 3028 543 3099 οάκ
558 3024 607 3099 τόν
623 3030 715 3110 οἰκός
732 3034 800 3099 ἐστι
816 3027 924 3113 ἀνδρα
938 3026 998 3095 τὸν
1015 3025 1083 3094 σοι’-

81 3154 187 3216 φρονα
204 3128 343 3199 εὔνοιαν
357 3137 569 3220 φαινομένην
584 3134 807 3218 διωθέεσθαι,
833 3125 916 3197 ἀλλά
933 3127 1083 3213 στέργειν

81 3228 225 3313 μάλιστα.
249 3225 314 3313 έγό
326 3230 363 3297 δέ
377 3227 456 3297 οὔτε
467 3232 547 3297 δέκα
561 3228 705 3314 ἀνδράσι
717 3228 897 3315 ὑπίσχομαι
907 3220 977 3303 οἶός
989 3248 1025 3291 τε
1037 3220 1083 3289 εἰ·

80 3354 132 3395 ναι
145 3327 313 3415 μάχεσθαι
327 3328 406 3396 οὔτε
422 3331 543 3416 δυοῖσι,
560 3330 647 3397 έκάν
656 3350 692 3397 τε
705 3325 790 3396 εἰναι
805 3320 880 3409 οάδζ
897 3319 941 3390 ἀν
955 3345 1083 3409 μουνο-

81 3430 234 3517 μαχέοιμι.
266 3434 296 3497 εἰ
312 3430 348 3497 δέ
369 3426 534 3516 ἀναγκαίη
555 3424 643 3517 εἰηῆ
663 3430 764 3517 μέγας
780 3452 830 3506 τις
850 3421 868 3495 6
888 3418 1083 3511 ἐποτρύνων
