2500 3925
187 248 252 311 292
562 250 816 309 HERODOTI

189 408 228 480 τό
242 407 275 479 0¹
293 412 454 480 ἐνθεῦτεν
469 411 546 498 έμοί
557 433 594 479 τε
608 414 665 479 καὶ
676 411 823 501 Πέρσησι
836 408 971 497 μελήσει
985 405 1026 477 τά
1037 410 1090 478 όελ
1101 409 1177 475 ποιί

124 536 174 592 156
191 539 252 582 ειν.
300 518 414 579 Ταῦτα
434 509 665 600 ἐντειλάμενος
680 510 732 600 ἤιε
753 516 806 583 ἐπὶ
822 509 881 591 τάς
895 508 1020 597 πάλας,
1043 512 1177 595 ἐπιστρε

191 610 338 699 φόμενος
356 607 400 689 ὡς
421 606 463 697 δὴ
488 607 641 697 ἀληθέως
661 608 854 699 αὐτόμολος.
889 606 1042 697 ὁρέοντες
1071 607 1107 675 δέ
1126 601 1177 675 άπὸ

190 716 258 779 τολν
268 708 416 797 Ιιεόργων
429 712 464 776 ολ
472 706 555 777 κατά
568 717 669 778 τοῦτο
680 714 875 798 τεταγμένοι
885 708 1082 794 κατέτρεχον
1092 702 1177 787 κάτα,

190 810 246 878 καὶ
260 804 376 895 ὀλίγον
385 834 418 876 τι
428 815 693 895 παρακλίναντες
702 806 765 897 τὴν
777 811 892 895 έτέρην
903 805 1016 892 πόλην
1027 803 1178 892 εἰρώτευν,

188 918 237 989 τίς
251 935 288 977 τε
303 917 353 995 είη
368 910 425 977 καὶ
439 906 519 977 ότευ
533 910 691 995 δεόμενος
707 907 793 996 ἥκοι.
817 904 835 976 6
852 908 892 975 δέ
903 927 963 993 σφι
977 900 1130 993 ἠγόρευε,
1147 897 1179 979 ός

190 1018 240 1093 είη
257 1031 293 1074 τε
307 1005 470 1096 Ζώπυρος
483 1012 539 1076 καὶ
552 1004 749 1095 αὐτομολέοι
762 1008 794 1087 ές
805 1008 962 1083 ἐκείνους.
986 996 1073 1091 ἦγον
1084 1000 1125 1090 (λη’
1133 1026 1180 1087 μιν

189 1111 224 1175 οί
235 1106 412 1191 πυλουροί,
425 1112 530 1174 ταῦτα
551 1104 597 1186 ὡς
612 1104 781 1194 ἥκουσαν,
806 1106 858 1173 ἐπὶ
872 1101 914 1171 τά
929 1099 1027 1171 κοινά
1042 1108 1111 1170 τών
1123 1110 1179 1170 Βα-

189 1209 384 1292 βυλωνίων
406 1202 571 1285 καταστάς
585 1207 622 1273 θλ
633 1201 687 1272 ἐπ’
700 1200 785 1272 αὐτόν
796 1205 1027 1287 κατοικτίζετο,
1046 1196 1112 1286 φάς
1124 1196 1179 1267 ὑπὸ

189 1308 340 1389 Δαρείου
351 1306 560 1374 πεπονθέναι
571 1305 612 1373 τά
631 1301 801 1373 πεπόνθεε
824 1298 884 1369 ὁπ’
898 1302 1037 1387 ἑαυτοῦ,
1068 1307 1179 1367 παθεῖν

146 1486 160 1499 ⁵
190 1402 227 1467 δὲ
243 1405 363 1485 ταῦτα,
379 1397 464 1469 διότι
476 1402 728 1489 συμβουλεύσω
738 1405 773 1469 οί
784 1398 1008 1470 ἀπανιστάναι
1018 1396 1082 1487 τὴν
1092 1418 1181 1484 στρα-
1215 1410 1216 1415 ’

188 1499 280 1587 τιη’ν,
302 1500 410 1568 ἐπείτε
435 1495 546 1579 οὐδεὶς
560 1500 665 1586 πόρος
681 1501 836 1586 ἐφαίνετο
852 1504 912 1586 τῆς
926 1495 1078 1577 ἁλώσιος.
1113 1503 1218 1571 Νῦν

188 1623 242 1683 τε,
264 1601 328 1683 ἔφη
349 1600 473 1684 λέγων,
497 1594 561 1683 ἐγώ
583 1595 681 1685 ὑμῖν,
707 1625 732 1666 ω
720 1590 1029 1684 τ”Βαβνλώνιοι,
1006 1620 1077 1683 ηκω
1098 1596 1181 1681 μέγι-

191 1717 271 1764 στον
285 1692 436 1783 ἀγαθόν,
458 1702 592 1787 Δαρείῳ
614 1696 651 1764 δὲ
674 1698 729 1765 καὶ
749 1703 886 1785 στρατιῇ
899 1698 957 1765 καλ
969 1698 1116 1785 Πέρσησι
1129 1694 1218 1787 με’

191 1814 305 1884 γιστον
317 1794 439 1863 κανόν’
461 1792 503 1862 οό
513 1792 580 1883 γάρ
591 1793 632 1882 δὴ
645 1798 704 1882 ἐμέ
711 1822 750 1883 γε
765 1788 831 1865 ὦδε
840 1795 1079 1885 λωβησάμενος
1091 1821 1179 1864 κατα-

190 1901 373 1984 προίξεται
394 1892 616 1982 έπίσταμαιό’
633 1918 739 1962 αυτου
750 1895 858 1974 πασας
868 1920 928 1975 τας
937 1894 1108 1975 διεξοόυυς
1123 1900 1181 1959 τόν

124 2015 171 2072 157
187 1994 437 2086 βουλευμάτων.
465 2001 723 2081 Τοιαῦταέλεγε.
749 1998 825 2063 Ολό
824 1990 1218 2081 ὲΒαβυλώνιοιὸρέον-

187 2119 241 2171 τες
263 2091 371 2177 ἄνδρα
393 2100 462 2161 τῶν
482 2095 520 2161 έν
538 2095 687 2182 Πέρσησι
709 2091 937 2178 δοκιμώτατον
962 2090 1057 2180 ῥινός
1078 2117 1113 2160 τε
1135 2095 1181 2159 καὶ

190 2189 285 2259 ώτωυ
301 2192 520 2278 ἐστερημένον
537 2191 672 2277 μάστιξί
689 2189 799 2258 τεκαὶ
820 2190 933 2274 αἵματι
954 2185 1183 2276 ἀναπεφυρμέ-

189 2313 267 2373 νον,
289 2287 400 2374 πάγχυ
411 2285 602 2367 ἐλπίσαντες
613 2291 724 2375 λέγειν
738 2314 797 2374 μιν
808 2283 937 2373 ἀληθέα
950 2295 1010 2357 καί
1021 2309 1084 2374 σφι
1097 2287 1183 2376 ἥκειν

189 2387 363 2472 σύμμαχον
374 2387 616 2471 ἐπιτρέπεσθαι
628 2391 751 2474 ἑτοῖμοι
761 2379 850 2474 ἦσαν
860 2392 929 2454 τάν
940 2389 1048 2455 έδέετο
1063 2391 1183 2475 σφέων·

189 2490 297 2556 ἐδέετο
311 2484 349 2554 δέ
364 2494 527 2574 στρατιῆς.
550 2485 568 2556 6
585 2486 622 2554 δέ
643 2487 751 2554 έπείτε
773 2483 886 2554 αὐτῶν
899 2491 1000 2554 τοῦτο
1014 2490 1184 2575 παρέλαβε,

189 2591 297 2655 ἐποίεε
326 2583 431 2676 τάπερ
462 2593 508 2678 τῷ
523 2593 658 2678 Δαρείρι
674 2586 905 2674 συνεθήκατο·
934 2584 1106 2672 ἐξαγαγών
1126 2584 1185 2674 γὰρ

187 2695 228 2777 τῇ
250 2685 372 2776 δεκάτη
393 2683 500 2776 ἡμέρη
524 2684 588 2773 τὴν
611 2685 770 2774 στρατιὴν
794 2691 863 2755 τών
882 2693 1112 2773 Βαβυλωνίων
1137 2688 1186 2754 καὶ

188 2785 446 2871 κυκλωσάμενος
467 2782 547 2864 τούς
566 2791 710 2873 χιλίους,
732 2781 812 2864 τούς
833 2785 986 2871 πρώτους
1009 2788 1186 2854 ἐνετείλατο

187 2889 323 2974 Δαρείῳ
337 2883 448 2970 τάξαι,
470 2880 612 2960 τούτους
628 2882 864 2969 κατεφόνευσε.
894 2883 1063 2969 μαθόντες
1083 2885 1186 2970 θέμιν

188 2989 223 3053 ολ
235 2983 450 3071 Βαβυλώνιοι
472 2996 559 3050 τοῖσι
579 2987 672 3050 ἔπεσι
688 2979 729 3051 τά
747 2989 828 3072 ἔργα
844 2983 1073 3072 παρεχόμενον
1083 2979 1186 3070 ὁμοῖα,

187 3085 298 3170 πάγχυ
319 3084 510 3169 περιχαρέες
530 3080 642 3160 ίόντες
661 3089 730 3150 πᾶν
748 3081 788 3171 δὴ
811 3087 934 3170 ἑτοῖμοι
954 3076 1042 3170 ἦσαν
1065 3079 1184 3167 ὑπηρε-

186 3185 283 3249 τέειν.
306 3178 325 3248 6
343 3183 380 3248 δὲ
395 3178 561 3250 διαλιπών
574 3177 700 3270 ἡμέρας
713 3182 773 3263 τάς
782 3185 1003 3271 συγκειμένας
1014 3175 1111 3260 αὖτις
1122 3183 1184 3248 ἐπι-

187 3276 366 3363 λεξάμενος
388 3286 457 3347 τών
478 3286 707 3368 Βαβυλωνίων
730 3282 867 3370 ἐξήγαγε
888 3285 943 3350 καὶ
965 3281 1187 3366 κατεφόνευσε

187 3378 256 3439 τών
268 3381 420 3460 Δαρείου
435 3381 664 3465 στρατιωτέων
686 3378 765 3458 τοὺς
787 3385 976 3467 ιλισχιλίους.
1011 3378 1141 3458 ίόόντες
1156 3375 1189 3444 66

186 3470 242 3536 καί
253 3473 352 3536 τοῦτο
362 3469 400 3539 τό
413 3479 513 3561 ἔργον
525 3480 561 3543 οί
564 3477 778 3563 Βαβυλώνιοι
789 3479 912 3556 πάντες
924 3477 1094 3561 Ζώπυρον
1107 3475 1189 3564 εἶχον
