<?xml version="1.0" encoding="UTF-8"?>
<!DOCTYPE html PUBLIC "-//W3C//DTD XHTML 1.0 Transitional//EN"
    "http://www.w3.org/TR/xhtml1/DTD/xhtml1-transitional.dtd">
<html xmlns="http://www.w3.org/1999/xhtml" xml:lang="en" lang="en">
 <head>
  <title>
</title>
<meta http-equiv="Content-Type" content="text/html;charset=utf-8" />
  <meta name='ocr-system' content='tesseract 3.04.00' />
  <meta name='ocr-capabilities' content='ocr_page ocr_carea ocr_par ocr_line ocrx_word'/>
</head>
<body>
  <div class='ocr_page' id='page_1' title='image "./herodotihistori00dietgoog_0045.png"; bbox 0 0 2500 3925; ppageno 0'>
   <div class='ocr_carea' id='block_1_1' title="bbox 357 244 1088 319">
    <p class='ocr_par' dir='ltr' id='par_1_1' title="bbox 357 244 1088 319">
     <span class='ocr_line' id='line_1_1' title="bbox 357 244 1088 319; baseline 0.022 -9"><span class='ocrx_word' id='word_1_1' title='bbox 357 254 443 311; x_wconf 80' lang='grc' dir='ltr'><strong><em>ιιΒ.</em></strong></span> <span class='ocrx_word' id='word_1_2' title='bbox 476 256 496 312; x_wconf 86' lang='lat'><strong><em>1.</em></strong></span> <span class='ocrx_word' id='word_1_3' title='bbox 530 254 628 314; x_wconf 76' lang='grc' dir='ltr'><strong><em>οΑν.</em></strong></span> <span class='ocrx_word' id='word_1_4' title='bbox 660 260 802 319; x_wconf 78' lang='grc' dir='ltr'><strong><em>ιι-το.</em></strong></span> <span class='ocrx_word' id='word_1_5' title='bbox 1045 244 1088 311; x_wconf 72' lang='lat'><strong><em>³⁰</em></strong></span> 
     </span>
    </p>
   </div>
   <div class='ocr_carea' id='block_1_2' title="bbox 73 408 1151 3380">
    <p class='ocr_par' dir='ltr' id='par_1_2' title="bbox 73 408 1151 3380">
     <span class='ocr_line' id='line_1_2' title="bbox 85 408 1087 507; baseline 0.005 -27"><span class='ocrx_word' id='word_1_6' title='bbox 85 418 120 480; x_wconf 82' lang='grc' dir='ltr'><strong><em>ἐν</em></strong></span> <span class='ocrx_word' id='word_1_7' title='bbox 138 424 225 480; x_wconf 71' lang='grc' dir='ltr'><strong><em>τοῖσι</em></strong></span> <span class='ocrx_word' id='word_1_8' title='bbox 244 408 353 485; x_wconf 80' lang='grc' dir='ltr'><strong><em>ὀπίσω</em></strong></span> <span class='ocrx_word' id='word_1_9' title='bbox 374 416 503 503; x_wconf 86' lang='grc' dir='ltr'><strong><em>λόγοισι</em></strong></span> <span class='ocrx_word' id='word_1_10' title='bbox 524 417 687 503; x_wconf 86' lang='grc' dir='ltr'><strong><em>σημανέω.</em></strong></span> <span class='ocrx_word' id='word_1_11' title='bbox 723 416 765 485; x_wconf 81' lang='grc' dir='ltr'><strong><em>τὰ</em></strong></span> <span class='ocrx_word' id='word_1_12' title='bbox 782 424 927 506; x_wconf 74' lang='grc' dir='ltr'><strong><em>Κροῖσος</em></strong></span> <span class='ocrx_word' id='word_1_13' title='bbox 945 424 1087 507; x_wconf 78' lang='grc' dir='ltr'><strong><em>ἐπιμεμ·</em></strong></span> 
     </span>
     <span class='ocr_line' id='line_1_3' title="bbox 86 509 1086 607; baseline 0.003 -28"><span class='ocrx_word' id='word_1_14' title='bbox 86 509 230 597; x_wconf 80' lang='grc' dir='ltr'><strong><em>ρόμενος</em></strong></span> <span class='ocrx_word' id='word_1_15' title='bbox 243 522 290 607; x_wconf 79' lang='grc' dir='ltr'><strong><em>τῷ</em></strong></span> <span class='ocrx_word' id='word_1_16' title='bbox 304 515 408 605; x_wconf 85' lang='grc' dir='ltr'><strong><em>Κύρρι</em></strong></span> <span class='ocrx_word' id='word_1_17' title='bbox 423 520 456 593; x_wconf 83' lang='grc' dir='ltr'><strong><em>ἐς</em></strong></span> <span class='ocrx_word' id='word_1_18' title='bbox 469 539 505 583; x_wconf 91' lang='grc' dir='ltr'><strong><em>τε</em></strong></span> <span class='ocrx_word' id='word_1_19' title='bbox 520 511 561 583; x_wconf 83' lang='grc' dir='ltr'><strong><em>τά</em></strong></span> <span class='ocrx_word' id='word_1_20' title='bbox 578 515 759 603; x_wconf 77' lang='grc' dir='ltr'><strong><em>χρηστήρια</em></strong></span> <span class='ocrx_word' id='word_1_21' title='bbox 775 522 917 605; x_wconf 77' lang='grc' dir='ltr'><strong><em>ἔπεμπε,</em></strong></span> <span class='ocrx_word' id='word_1_22' title='bbox 938 522 969 585; x_wconf 89' lang='grc' dir='ltr'><strong><em>εί</em></strong></span> <span class='ocrx_word' id='word_1_23' title='bbox 983 534 1086 602; x_wconf 90' lang='grc' dir='ltr'><strong><em>στρα-</em></strong></span> 
     </span>
     <span class='ocr_line' id='line_1_4' title="bbox 84 611 1085 705; baseline 0.003 -24"><span class='ocrx_word' id='word_1_24' title='bbox 84 612 216 701; x_wconf 87' lang='grc' dir='ltr'><strong><em>τεύηται</em></strong></span> <span class='ocrx_word' id='word_1_25' title='bbox 237 616 290 683; x_wconf 79' lang='grc' dir='ltr'><strong><em>ἐπὶ</em></strong></span> <span class='ocrx_word' id='word_1_26' title='bbox 309 616 458 702; x_wconf 78' lang='grc' dir='ltr'><strong><em>Πέρσας,</em></strong></span> <span class='ocrx_word' id='word_1_27' title='bbox 486 616 541 683; x_wconf 79' lang='grc' dir='ltr'><strong><em>καί</em></strong></span> <span class='ocrx_word' id='word_1_28' title='bbox 562 611 604 701; x_wconf 83' lang='grc' dir='ltr'><strong><em>δῆ</em></strong></span> <span class='ocrx_word' id='word_1_29' title='bbox 625 616 682 683; x_wconf 80' lang='grc' dir='ltr'><strong><em>καὶ</em></strong></span> <span class='ocrx_word' id='word_1_30' title='bbox 702 611 909 701; x_wconf 79' lang='grc' dir='ltr'><strong><em>ἀπικομένου</em></strong></span> <span class='ocrx_word' id='word_1_31' title='bbox 934 619 1085 705; x_wconf 73' lang='grc' dir='ltr'><strong><em>χρησμοῦ</em></strong></span> 
     </span>
     <span class='ocr_line' id='line_1_5' title="bbox 86 710 1084 803; baseline 0.003 -24"><span class='ocrx_word' id='word_1_32' title='bbox 86 712 262 800; x_wconf 85' lang='grc' dir='ltr'><strong><em>κιβδῆλου,</em></strong></span> <span class='ocrx_word' id='word_1_33' title='bbox 292 715 427 792; x_wconf 78' lang='grc' dir='ltr'><strong><em>ἐλπίσας</em></strong></span> <span class='ocrx_word' id='word_1_34' title='bbox 454 710 538 801; x_wconf 83' lang='grc' dir='ltr'><strong><em>πρός</em></strong></span> <span class='ocrx_word' id='word_1_35' title='bbox 571 714 698 782; x_wconf 79' lang='grc' dir='ltr'><strong><em>ἑωυτοῦ</em></strong></span> <span class='ocrx_word' id='word_1_36' title='bbox 725 712 787 782; x_wconf 86' lang='grc' dir='ltr'><strong><em>τόν</em></strong></span> <span class='ocrx_word' id='word_1_37' title='bbox 813 710 963 803; x_wconf 84' lang='grc' dir='ltr'><strong><em>χρησμόν</em></strong></span> <span class='ocrx_word' id='word_1_38' title='bbox 988 712 1084 800; x_wconf 80' lang='grc' dir='ltr'><strong><em>εἶναι,</em></strong></span> 
     </span>
     <span class='ocr_line' id='line_1_6' title="bbox 85 808 1085 900; baseline 0.001 -22"><span class='ocrx_word' id='word_1_39' title='bbox 85 810 294 897; x_wconf 75' lang='grc' dir='ltr'><strong><em>ἐστρατεύετο</em></strong></span> <span class='ocrx_word' id='word_1_40' title='bbox 309 814 342 890; x_wconf 85' lang='grc' dir='ltr'><strong><em>ἐς</em></strong></span> <span class='ocrx_word' id='word_1_41' title='bbox 356 809 419 898; x_wconf 87' lang='grc' dir='ltr'><strong><em>τῆν</em></strong></span> <span class='ocrx_word' id='word_1_42' title='bbox 431 813 592 900; x_wconf 88' lang='grc' dir='ltr'><strong><em>Περσέων</em></strong></span> <span class='ocrx_word' id='word_1_43' title='bbox 604 825 736 899; x_wconf 84' lang='grc' dir='ltr'><strong><em>μοίραν.</em></strong></span> <span class='ocrx_word' id='word_1_44' title='bbox 769 808 813 893; x_wconf 80' lang='grc' dir='ltr'><strong><em>ὡς</em></strong></span> <span class='ocrx_word' id='word_1_45' title='bbox 827 812 864 883; x_wconf 76' lang='grc' dir='ltr'><strong><em>δέ</em></strong></span> <span class='ocrx_word' id='word_1_46' title='bbox 878 809 1015 882; x_wconf 89' lang='grc' dir='ltr'><strong><em>ἀπίκετο</em></strong></span> <span class='ocrx_word' id='word_1_47' title='bbox 1032 812 1085 879; x_wconf 79' lang='grc' dir='ltr'><strong><em>ἐπί</em></strong></span> 
     </span>
     <span class='ocr_line' id='line_1_7' title="bbox 86 905 1084 1000; baseline 0 -24"><span class='ocrx_word' id='word_1_48' title='bbox 86 907 255 978; x_wconf 58' lang='grc' dir='ltr'><strong><em>τόνΐίλυν</em></strong></span> <span class='ocrx_word' id='word_1_49' title='bbox 269 907 420 997; x_wconf 85' lang='grc' dir='ltr'><strong><em>ποταμόν</em></strong></span> <span class='ocrx_word' id='word_1_50' title='bbox 434 905 453 978; x_wconf 87' lang='grc' dir='ltr'><strong>ὁ</strong></span> <span class='ocrx_word' id='word_1_51' title='bbox 468 916 623 998; x_wconf 75' lang='grc' dir='ltr'><strong><em>Κροῖσος,</em></strong></span> <span class='ocrx_word' id='word_1_52' title='bbox 637 906 675 979; x_wconf 85' lang='grc' dir='ltr'><strong><em>τό</em></strong></span> <span class='ocrx_word' id='word_1_53' title='bbox 691 913 863 1000; x_wconf 76' lang='grc' dir='ltr'><strong><em>ἐνθεῦτεν,</em></strong></span> <span class='ocrx_word' id='word_1_54' title='bbox 882 909 926 992; x_wconf 80' lang='grc' dir='ltr'><strong><em>ὡς</em></strong></span> <span class='ocrx_word' id='word_1_55' title='bbox 939 910 1002 999; x_wconf 73' lang='grc' dir='ltr'><strong><em>μὲν</em></strong></span> <span class='ocrx_word' id='word_1_56' title='bbox 1018 905 1084 997; x_wconf 81' lang='grc' dir='ltr'><strong><em>έγύ</em></strong></span> 
     </span>
     <span class='ocr_line' id='line_1_8' title="bbox 85 1004 1083 1101; baseline -0.001 -24"><span class='ocrx_word' id='word_1_57' title='bbox 85 1009 186 1095; x_wconf 88' lang='grc' dir='ltr'><strong><em>λέγω,</em></strong></span> <span class='ocrx_word' id='word_1_58' title='bbox 201 1006 285 1077; x_wconf 84' lang='grc' dir='ltr'><strong><em>κατὰ</em></strong></span> <span class='ocrx_word' id='word_1_59' title='bbox 297 1006 357 1089; x_wconf 84' lang='grc' dir='ltr'><strong><em>τάς</em></strong></span> <span class='ocrx_word' id='word_1_60' title='bbox 372 1009 493 1089; x_wconf 81' lang='grc' dir='ltr'><strong><em>ἐούσας</em></strong></span> <span class='ocrx_word' id='word_1_61' title='bbox 504 1011 656 1097; x_wconf 87' lang='grc' dir='ltr'><strong><em>γεφύρας</em></strong></span> <span class='ocrx_word' id='word_1_62' title='bbox 669 1014 838 1100; x_wconf 78' lang='grc' dir='ltr'><strong><em>διεβίβασε</em></strong></span> <span class='ocrx_word' id='word_1_63' title='bbox 852 1011 914 1082; x_wconf 85' lang='grc' dir='ltr'><strong><em>τόν</em></strong></span> <span class='ocrx_word' id='word_1_64' title='bbox 928 1004 1083 1101; x_wconf 85' lang='grc' dir='ltr'><strong><em>στρατόν,</em></strong></span> 
     </span>
     <span class='ocr_line' id='line_1_9' title="bbox 84 1106 1083 1201; baseline 0.004 -25"><span class='ocrx_word' id='word_1_65' title='bbox 84 1106 127 1187; x_wconf 78' lang='grc' dir='ltr'><strong><em>ὡς</em></strong></span> <span class='ocrx_word' id='word_1_66' title='bbox 150 1108 187 1176; x_wconf 78' lang='grc' dir='ltr'><strong><em>δδ</em></strong></span> <span class='ocrx_word' id='word_1_67' title='bbox 207 1106 226 1177; x_wconf 86' lang='grc' dir='ltr'>ὁ</span> <span class='ocrx_word' id='word_1_68' title='bbox 248 1107 371 1190; x_wconf 85' lang='grc' dir='ltr'><strong><em>πολλός</em></strong></span> <span class='ocrx_word' id='word_1_69' title='bbox 391 1110 491 1197; x_wconf 90' lang='grc' dir='ltr'><strong><em>λόγος</em></strong></span> <span class='ocrx_word' id='word_1_70' title='bbox 505 1109 692 1199; x_wconf 72' lang='grc' dir='ltr'><strong><em>Ἑλλήνων,</em></strong></span> <span class='ocrx_word' id='word_1_71' title='bbox 709 1119 820 1200; x_wconf 81' lang='grc' dir='ltr'><strong><em>Θαλῆς</em></strong></span> <span class='ocrx_word' id='word_1_72' title='bbox 834 1110 900 1183; x_wconf 83' lang='grc' dir='ltr'><strong><em>οίό</em></strong></span> <span class='ocrx_word' id='word_1_73' title='bbox 915 1111 1083 1201; x_wconf 82' lang='grc' dir='ltr'><strong><em>Μιλήσιος</em></strong></span> 
     </span>
     <span class='ocr_line' id='line_1_10' title="bbox 84 1205 1084 1300; baseline 0.001 -24"><span class='ocrx_word' id='word_1_74' title='bbox 84 1214 260 1296; x_wconf 79' lang='grc' dir='ltr'><strong><em>διεβίβασε.</em></strong></span> <span class='ocrx_word' id='word_1_75' title='bbox 292 1205 495 1298; x_wconf 75' lang='grc' dir='ltr'><strong><em>ἀπορέοντος</em></strong></span> <span class='ocrx_word' id='word_1_76' title='bbox 507 1207 573 1298; x_wconf 87' lang='grc' dir='ltr'><strong><em>γάρ</em></strong></span> <span class='ocrx_word' id='word_1_77' title='bbox 589 1217 754 1300; x_wconf 87' lang='grc' dir='ltr'><strong><em>Κροίσου,</em></strong></span> <span class='ocrx_word' id='word_1_78' title='bbox 776 1209 863 1291; x_wconf 80' lang='grc' dir='ltr'><strong><em>ὅκως</em></strong></span> <span class='ocrx_word' id='word_1_79' title='bbox 877 1215 914 1281; x_wconf 87' lang='grc' dir='ltr'><strong><em>οί</em></strong></span> <span class='ocrx_word' id='word_1_80' title='bbox 926 1210 1084 1299; x_wconf 80' lang='grc' dir='ltr'><strong><em>διαβήσε-</em></strong></span> 
     </span>
     <span class='ocr_line' id='line_1_11' title="bbox 81 1303 1083 1400; baseline 0.001 -27"><span class='ocrx_word' id='word_1_81' title='bbox 81 1333 132 1374; x_wconf 92' lang='grc' dir='ltr'><strong><em>ται</em></strong></span> <span class='ocrx_word' id='word_1_82' title='bbox 148 1303 210 1374; x_wconf 87' lang='grc' dir='ltr'><strong><em>τόν</em></strong></span> <span class='ocrx_word' id='word_1_83' title='bbox 224 1306 377 1395; x_wconf 85' lang='grc' dir='ltr'><strong><em>ποταμόν</em></strong></span> <span class='ocrx_word' id='word_1_84' title='bbox 390 1306 408 1377; x_wconf 87' lang='grc' dir='ltr'><strong><em>ό</em></strong></span> <span class='ocrx_word' id='word_1_85' title='bbox 425 1304 564 1397; x_wconf 91' lang='grc' dir='ltr'><strong><em>στρατός</em></strong></span> <span class='ocrx_word' id='word_1_86' title='bbox 585 1307 642 1378; x_wconf 86' lang='grc' dir='ltr'><strong><em>·οιἰ</em></strong></span> <span class='ocrx_word' id='word_1_87' title='bbox 661 1307 726 1398; x_wconf 86' lang='grc' dir='ltr'><strong><em>γάρ</em></strong></span> <span class='ocrx_word' id='word_1_88' title='bbox 740 1308 781 1400; x_wconf 77' lang='grc' dir='ltr'><strong><em>δὴ</em></strong></span> <span class='ocrx_word' id='word_1_89' title='bbox 797 1310 884 1379; x_wconf 81' lang='grc' dir='ltr'><strong><em>είναί</em></strong></span> <span class='ocrx_word' id='word_1_90' title='bbox 900 1333 949 1378; x_wconf 87' lang='grc' dir='ltr'><strong><em>κω</em></strong></span> <span class='ocrx_word' id='word_1_91' title='bbox 961 1317 1083 1378; x_wconf 85' lang='grc' dir='ltr'><strong><em>τοῦτον</em></strong></span> 
     </span>
     <span class='ocr_line' id='line_1_12' title="bbox 80 1404 1083 1496; baseline 0.002 -23"><span class='ocrx_word' id='word_1_92' title='bbox 80 1404 139 1477; x_wconf 84' lang='grc' dir='ltr'><strong><em>τόν</em></strong></span> <span class='ocrx_word' id='word_1_93' title='bbox 152 1405 280 1495; x_wconf 87' lang='grc' dir='ltr'><strong><em>χρόνον</em></strong></span> <span class='ocrx_word' id='word_1_94' title='bbox 294 1405 352 1487; x_wconf 83' lang='grc' dir='ltr'><strong><em>τὰς</em></strong></span> <span class='ocrx_word' id='word_1_95' title='bbox 366 1408 516 1496; x_wconf 75' lang='grc' dir='ltr'><strong><em>γεφύρας</em></strong></span> <span class='ocrx_word' id='word_1_96' title='bbox 529 1408 665 1487; x_wconf 84' lang='grc' dir='ltr'><strong><em>ταύτας·</em></strong></span> <span class='ocrx_word' id='word_1_97' title='bbox 698 1411 826 1495; x_wconf 82' lang='grc' dir='ltr'><strong><em>λέγεται</em></strong></span> <span class='ocrx_word' id='word_1_98' title='bbox 842 1408 1010 1495; x_wconf 81' lang='grc' dir='ltr'><strong><em>παρεόντα</em></strong></span> <span class='ocrx_word' id='word_1_99' title='bbox 1024 1404 1083 1476; x_wconf 88' lang='grc' dir='ltr'><strong><em>τόν</em></strong></span> 
     </span>
     <span class='ocr_line' id='line_1_13' title="bbox 82 1504 1083 1599; baseline -0.003 -22"><span class='ocrx_word' id='word_1_100' title='bbox 82 1512 196 1595; x_wconf 82' lang='grc' dir='ltr'><strong><em>Θαλῆν</em></strong></span> <span class='ocrx_word' id='word_1_101' title='bbox 218 1509 256 1575; x_wconf 86' lang='grc' dir='ltr'><strong><em>έν</em></strong></span> <span class='ocrx_word' id='word_1_102' title='bbox 269 1511 315 1598; x_wconf 76' lang='grc' dir='ltr'><strong><em>τῷ</em></strong></span> <span class='ocrx_word' id='word_1_103' title='bbox 330 1509 542 1598; x_wconf 76' lang='grc' dir='ltr'><strong><em>στρατοπέδω</em></strong></span> <span class='ocrx_word' id='word_1_104' title='bbox 556 1512 691 1594; x_wconf 87' lang='grc' dir='ltr'><strong><em>ποιῆσαι</em></strong></span> <span class='ocrx_word' id='word_1_105' title='bbox 706 1504 797 1599; x_wconf 77' lang='grc' dir='ltr'><strong><em>αύτῷ</em></strong></span> <span class='ocrx_word' id='word_1_106' title='bbox 810 1504 871 1576; x_wconf 86' lang='grc' dir='ltr'><strong><em>τόν</em></strong></span> <span class='ocrx_word' id='word_1_107' title='bbox 883 1504 1034 1594; x_wconf 85' lang='grc' dir='ltr'><strong><em>ποταμόν</em></strong></span> <span class='ocrx_word' id='word_1_108' title='bbox 1049 1509 1083 1587; x_wconf 78' lang='grc' dir='ltr'><strong><em>ἐξ</em></strong></span> 
     </span>
     <span class='ocr_line' id='line_1_14' title="bbox 81 1601 1081 1695; baseline -0.001 -21"><span class='ocrx_word' id='word_1_109' title='bbox 81 1605 257 1695; x_wconf 81' lang='grc' dir='ltr'><strong><em>ἀριστερῆς</em></strong></span> <span class='ocrx_word' id='word_1_110' title='bbox 266 1601 375 1692; x_wconf 86' lang='grc' dir='ltr'><strong><em>χειρός</em></strong></span> <span class='ocrx_word' id='word_1_111' title='bbox 385 1607 503 1693; x_wconf 77' lang='grc' dir='ltr'><strong><em>ῥέοντα</em></strong></span> <span class='ocrx_word' id='word_1_112' title='bbox 516 1610 578 1673; x_wconf 86' lang='grc' dir='ltr'><strong><em>τού</em></strong></span> <span class='ocrx_word' id='word_1_113' title='bbox 593 1611 738 1694; x_wconf 83' lang='grc' dir='ltr'><strong><em>στρατοῦ</em></strong></span> <span class='ocrx_word' id='word_1_114' title='bbox 748 1607 804 1674; x_wconf 83' lang='grc' dir='ltr'><strong><em>καλ</em></strong></span> <span class='ocrx_word' id='word_1_115' title='bbox 818 1611 854 1675; x_wconf 81' lang='grc' dir='ltr'><strong><em>ἐκ</em></strong></span> <span class='ocrx_word' id='word_1_116' title='bbox 865 1610 972 1694; x_wconf 83' lang='grc' dir='ltr'><strong><em>δεξιῆς</em></strong></span> <span class='ocrx_word' id='word_1_117' title='bbox 982 1608 1081 1694; x_wconf 80' lang='grc' dir='ltr'><strong><em>ῥέειν,</em></strong></span> 
     </span>
     <span class='ocr_line' id='line_1_15' title="bbox 80 1694 1081 1793; baseline -0.003 -20"><span class='ocrx_word' id='word_1_118' title='bbox 80 1712 217 1793; x_wconf 91' lang='grc' dir='ltr'><strong><em>ποιῆσαι</em></strong></span> <span class='ocrx_word' id='word_1_119' title='bbox 240 1703 276 1773; x_wconf 73' lang='grc' dir='ltr'><strong><em>δέ</em></strong></span> <span class='ocrx_word' id='word_1_120' title='bbox 299 1694 379 1771; x_wconf 75' lang='grc' dir='ltr'><strong><em>ὦδε·</em></strong></span> <span class='ocrx_word' id='word_1_121' title='bbox 412 1700 548 1771; x_wconf 79' lang='grc' dir='ltr'><strong><em>ἀνωθεν</em></strong></span> <span class='ocrx_word' id='word_1_122' title='bbox 569 1710 632 1771; x_wconf 85' lang='grc' dir='ltr'><strong><em>τοῦ</em></strong></span> <span class='ocrx_word' id='word_1_123' title='bbox 653 1706 878 1792; x_wconf 85' lang='grc' dir='ltr'><strong><em>στρατοπέδου</em></strong></span> <span class='ocrx_word' id='word_1_124' title='bbox 891 1702 1081 1792; x_wconf 79' lang='grc' dir='ltr'><strong><em>ἀρξάμενον</em></strong></span> 
     </span>
     <span class='ocr_line' id='line_1_16' title="bbox 80 1798 1082 1894; baseline 0 -24"><span class='ocrx_word' id='word_1_125' title='bbox 80 1805 229 1894; x_wconf 73' lang='grc' dir='ltr'><strong><em>διώρυχα</em></strong></span> <span class='ocrx_word' id='word_1_126' title='bbox 257 1804 387 1890; x_wconf 77' lang='grc' dir='ltr'><strong><em>βαθέαν</em></strong></span> <span class='ocrx_word' id='word_1_127' title='bbox 420 1798 595 1890; x_wconf 88' lang='grc' dir='ltr'><strong><em>ὀρύσσειν,</em></strong></span> <span class='ocrx_word' id='word_1_128' title='bbox 623 1800 748 1888; x_wconf 82' lang='grc' dir='ltr'><strong><em>ἀγοντα</em></strong></span> <span class='ocrx_word' id='word_1_129' title='bbox 774 1805 968 1890; x_wconf 81' lang='grc' dir='ltr'><strong><em>μηνοειδέα,</em></strong></span> <span class='ocrx_word' id='word_1_130' title='bbox 994 1801 1082 1879; x_wconf 89' lang='grc' dir='ltr'><strong><em>όκως</em></strong></span> 
     </span>
     <span class='ocr_line' id='line_1_17' title="bbox 80 1898 1082 1993; baseline -0.004 -21"><span class='ocrx_word' id='word_1_131' title='bbox 80 1900 122 1972; x_wconf 87' lang='grc' dir='ltr'><strong><em>ἀν</em></strong></span> <span class='ocrx_word' id='word_1_132' title='bbox 135 1900 174 1974; x_wconf 85' lang='grc' dir='ltr'><strong><em>τό</em></strong></span> <span class='ocrx_word' id='word_1_133' title='bbox 192 1900 421 1993; x_wconf 88' lang='grc' dir='ltr'><strong><em>στρατόπεδον</em></strong></span> <span class='ocrx_word' id='word_1_134' title='bbox 432 1902 615 1989; x_wconf 73' lang='grc' dir='ltr'><strong><em>ἱδρυμένου</em></strong></span> <span class='ocrx_word' id='word_1_135' title='bbox 631 1898 714 1970; x_wconf 85' lang='grc' dir='ltr'><strong><em>κατά</em></strong></span> <span class='ocrx_word' id='word_1_136' title='bbox 729 1902 841 1972; x_wconf 86' lang='grc' dir='ltr'><strong><em>νότου</em></strong></span> <span class='ocrx_word' id='word_1_137' title='bbox 855 1900 964 1990; x_wconf 88' lang='grc' dir='ltr'><strong><em>λάβοι,</em></strong></span> <span class='ocrx_word' id='word_1_138' title='bbox 978 1900 1082 1991; x_wconf 77' lang='grc' dir='ltr'><strong><em>ταύτῃ</em></strong></span> 
     </span>
     <span class='ocr_line' id='line_1_18' title="bbox 79 1997 1083 2091; baseline 0 -20"><span class='ocrx_word' id='word_1_139' title='bbox 79 1999 160 2072; x_wconf 79' lang='grc' dir='ltr'><strong><em>κατὰ</em></strong></span> <span class='ocrx_word' id='word_1_140' title='bbox 181 1998 247 2088; x_wconf 79' lang='grc' dir='ltr'><strong><em>τὴν</em></strong></span> <span class='ocrx_word' id='word_1_141' title='bbox 269 1999 417 2090; x_wconf 83' lang='grc' dir='ltr'><strong><em>διύρυχα</em></strong></span> <span class='ocrx_word' id='word_1_142' title='bbox 438 2000 683 2087; x_wconf 77' lang='grc' dir='ltr'><strong><em>ἐκτραπόμενος</em></strong></span> <span class='ocrx_word' id='word_1_143' title='bbox 707 2005 743 2070; x_wconf 85' lang='grc' dir='ltr'><strong><em>ἐκ</em></strong></span> <span class='ocrx_word' id='word_1_144' title='bbox 766 2006 834 2070; x_wconf 80' lang='grc' dir='ltr'><strong><em>τῶν</em></strong></span> <span class='ocrx_word' id='word_1_145' title='bbox 849 1997 995 2089; x_wconf 87' lang='grc' dir='ltr'><strong><em>ἀρχαίων</em></strong></span> <span class='ocrx_word' id='word_1_146' title='bbox 1008 2003 1083 2091; x_wconf 87' lang='grc' dir='ltr'><strong><em>ῥεέ-</em></strong></span> 
     </span>
     <span class='ocr_line' id='line_1_19' title="bbox 82 2093 1120 2189; baseline -0.003 -19"><span class='ocrx_word' id='word_1_147' title='bbox 82 2112 194 2189; x_wconf 74' lang='grc' dir='ltr'><strong><em>θρων,</em></strong></span> <span class='ocrx_word' id='word_1_148' title='bbox 216 2102 273 2168; x_wconf 82' lang='grc' dir='ltr'><strong><em>καί</em></strong></span> <span class='ocrx_word' id='word_1_149' title='bbox 289 2093 382 2179; x_wconf 77' lang='grc' dir='ltr'><strong><em>αὖτις</em></strong></span> <span class='ocrx_word' id='word_1_150' title='bbox 395 2099 683 2187; x_wconf 87' lang='grc' dir='ltr'><strong><em>παραμειβόμενος</em></strong></span> <span class='ocrx_word' id='word_1_151' title='bbox 696 2097 734 2169; x_wconf 84' lang='grc' dir='ltr'><strong><em>τό</em></strong></span> <span class='ocrx_word' id='word_1_152' title='bbox 751 2099 977 2188; x_wconf 88' lang='grc' dir='ltr'><strong><em>στρατόπεδον</em></strong></span> <span class='ocrx_word' id='word_1_153' title='bbox 993 2101 1027 2179; x_wconf 86' lang='grc' dir='ltr'><strong><em>ἐς</em></strong></span> <span class='ocrx_word' id='word_1_154' title='bbox 1040 2095 1082 2167; x_wconf 86' lang='grc' dir='ltr'><strong><em>τά</em></strong></span> <span class='ocrx_word' id='word_1_155' title='bbox 1114 2093 1120 2106; x_wconf 80' lang='grc'><strong>’</strong></span> 
     </span>
     <span class='ocr_line' id='line_1_20' title="bbox 78 2194 1082 2289; baseline -0.003 -20"><span class='ocrx_word' id='word_1_156' title='bbox 78 2200 199 2289; x_wconf 81' lang='grc' dir='ltr'><strong><em>ἀρχαῖα</em></strong></span> <span class='ocrx_word' id='word_1_157' title='bbox 223 2199 394 2288; x_wconf 80' lang='grc' dir='ltr'><strong><em>ἐσβάλλοι,</em></strong></span> <span class='ocrx_word' id='word_1_158' title='bbox 425 2196 507 2266; x_wconf 83' lang='grc' dir='ltr'><strong><em>ύστε</em></strong></span> <span class='ocrx_word' id='word_1_159' title='bbox 541 2198 648 2266; x_wconf 83' lang='grc' dir='ltr'><strong><em>ἐπείτε</em></strong></span> <span class='ocrx_word' id='word_1_160' title='bbox 677 2201 732 2267; x_wconf 77' lang='grc' dir='ltr'><strong><em>καὶ</em></strong></span> <span class='ocrx_word' id='word_1_161' title='bbox 753 2201 889 2288; x_wconf 77' lang='grc' dir='ltr'><strong><em>ἐσχίσθη</em></strong></span> <span class='ocrx_word' id='word_1_162' title='bbox 911 2194 1082 2286; x_wconf 84' lang='grc' dir='ltr'><strong><em>τάχισταὸ</em></strong></span> 
     </span>
     <span class='ocr_line' id='line_1_21' title="bbox 77 2293 1081 2386; baseline -0.004 -18"><span class='ocrx_word' id='word_1_163' title='bbox 77 2296 244 2385; x_wconf 84' lang='grc' dir='ltr'><strong><em>ποταμός,</em></strong></span> <span class='ocrx_word' id='word_1_164' title='bbox 261 2294 431 2386; x_wconf 87' lang='grc' dir='ltr'><strong><em>ἀμφοτέρη</em></strong></span> <span class='ocrx_word' id='word_1_165' title='bbox 447 2293 603 2384; x_wconf 85' lang='grc' dir='ltr'><strong><em>διαβατὸς</em></strong></span> <span class='ocrx_word' id='word_1_166' title='bbox 617 2299 756 2382; x_wconf 75' lang='grc' dir='ltr'><strong><em>ἐγένετο.</em></strong></span> <span class='ocrx_word' id='word_1_167' title='bbox 791 2303 825 2366; x_wconf 77' lang='lat' dir='ltr'><strong><em>oc</em></strong></span> <span class='ocrx_word' id='word_1_168' title='bbox 837 2299 873 2367; x_wconf 81' lang='grc' dir='ltr'><strong><em>δέ</em></strong></span> <span class='ocrx_word' id='word_1_169' title='bbox 889 2301 945 2366; x_wconf 83' lang='grc' dir='ltr'><strong><em>καλ</em></strong></span> <span class='ocrx_word' id='word_1_170' title='bbox 960 2294 999 2366; x_wconf 82' lang='grc' dir='ltr'><strong><em>τὸ</em></strong></span> <span class='ocrx_word' id='word_1_171' title='bbox 1015 2320 1081 2364; x_wconf 88' lang='grc' dir='ltr'><strong><em>πα-</em></strong></span> 
     </span>
     <span class='ocr_line' id='line_1_22' title="bbox 77 2391 1080 2484; baseline -0.005 -17"><span class='ocrx_word' id='word_1_172' title='bbox 77 2399 192 2483; x_wconf 84' lang='grc' dir='ltr'><strong><em>ράπαν</em></strong></span> <span class='ocrx_word' id='word_1_173' title='bbox 205 2399 343 2484; x_wconf 85' lang='grc' dir='ltr'><strong><em>λέγουσι</em></strong></span> <span class='ocrx_word' id='word_1_174' title='bbox 359 2399 414 2466; x_wconf 79' lang='grc' dir='ltr'><strong><em>καὶ</em></strong></span> <span class='ocrx_word' id='word_1_175' title='bbox 430 2393 467 2465; x_wconf 84' lang='grc' dir='ltr'><strong><em>τό</em></strong></span> <span class='ocrx_word' id='word_1_176' title='bbox 484 2393 622 2484; x_wconf 80' lang='grc' dir='ltr'><strong><em>ἀρχαίου</em></strong></span> <span class='ocrx_word' id='word_1_177' title='bbox 637 2399 780 2484; x_wconf 79' lang='grc' dir='ltr'><strong><em>ῥέεθρον</em></strong></span> <span class='ocrx_word' id='word_1_178' title='bbox 795 2391 1080 2484; x_wconf 78' lang='grc' dir='ltr'><strong><em>ἀποξηρανθῆναι.</em></strong></span> 
     </span>
     <span class='ocr_line' id='line_1_23' title="bbox 76 2490 1082 2584; baseline -0.005 -18"><span class='ocrx_word' id='word_1_179' title='bbox 76 2494 161 2566; x_wconf 83' lang='grc' dir='ltr'><strong><em>ἀλλά</em></strong></span> <span class='ocrx_word' id='word_1_180' title='bbox 179 2503 281 2565; x_wconf 86' lang='grc' dir='ltr'><strong><em>τοῦτο</em></strong></span> <span class='ocrx_word' id='word_1_181' title='bbox 296 2496 357 2582; x_wconf 75' lang='grc' dir='ltr'><strong><em>μὲν</em></strong></span> <span class='ocrx_word' id='word_1_182' title='bbox 371 2492 414 2564; x_wconf 90' lang='grc' dir='ltr'><strong><em>ού</em></strong></span> <span class='ocrx_word' id='word_1_183' title='bbox 430 2499 624 2584; x_wconf 87' lang='grc' dir='ltr'><strong><em>προσίεμαι·</em></strong></span> <span class='ocrx_word' id='word_1_184' title='bbox 654 2502 720 2574; x_wconf 77' lang='grc' dir='ltr'><strong><em>κός</em></strong></span> <span class='ocrx_word' id='word_1_185' title='bbox 732 2492 798 2583; x_wconf 85' lang='grc' dir='ltr'><strong><em>γάρ</em></strong></span> <span class='ocrx_word' id='word_1_186' title='bbox 813 2490 920 2564; x_wconf 83' lang='grc' dir='ltr'><strong><em>ὀπίσω</em></strong></span> <span class='ocrx_word' id='word_1_187' title='bbox 935 2492 1082 2582; x_wconf 87' lang='grc' dir='ltr'><strong><em>πορευό-</em></strong></span> 
     </span>
     <span class='ocr_line' id='line_1_24' title="bbox 74 2593 1126 2687; baseline -0.004 -21"><span class='ocrx_word' id='word_1_188' title='bbox 74 2623 172 2685; x_wconf 91' lang='grc' dir='ltr'><strong><em>μενοι</em></strong></span> <span class='ocrx_word' id='word_1_189' title='bbox 197 2597 357 2684; x_wconf 87' lang='grc' dir='ltr'><strong><em>διέβησαν</em></strong></span> <span class='ocrx_word' id='word_1_190' title='bbox 376 2593 499 2679; x_wconf 84' lang='grc' dir='ltr'><strong><em>αύτόνς</em></strong></span> <span class='ocrx_word' id='word_1_191' title='bbox 513 2605 655 2687; x_wconf 76' lang='grc' dir='ltr'><strong><em>Κροῖσος</em></strong></span> <span class='ocrx_word' id='word_1_192' title='bbox 665 2599 702 2666; x_wconf 76' lang='grc' dir='ltr'><strong><em>δέ</em></strong></span> <span class='ocrx_word' id='word_1_193' title='bbox 712 2599 821 2668; x_wconf 87' lang='grc' dir='ltr'><strong><em>ἐπείτε</em></strong></span> <span class='ocrx_word' id='word_1_194' title='bbox 832 2597 951 2684; x_wconf 84' lang='grc' dir='ltr'><strong><em>διαβὰς</em></strong></span> <span class='ocrx_word' id='word_1_195' title='bbox 960 2597 1027 2663; x_wconf 89' lang='grc' dir='ltr'><strong><em>σύν</em></strong></span> <span class='ocrx_word' id='word_1_196' title='bbox 1036 2599 1082 2679; x_wconf 77' lang='grc' dir='ltr'><strong><em>τῷ</em></strong></span> <span class='ocrx_word' id='word_1_197' title='bbox 1093 2595 1126 2655; x_wconf 72' lang='grc'><strong><em>76</em></strong></span> 
     </span>
     <span class='ocr_line' id='line_1_25' title="bbox 73 2690 1082 2784; baseline -0.003 -22"><span class='ocrx_word' id='word_1_198' title='bbox 73 2701 208 2784; x_wconf 78' lang='grc' dir='ltr'><strong><em>στρατῷ</em></strong></span> <span class='ocrx_word' id='word_1_199' title='bbox 215 2692 351 2762; x_wconf 87' lang='grc' dir='ltr'><strong><em>ἀπίκετο</em></strong></span> <span class='ocrx_word' id='word_1_200' title='bbox 362 2698 421 2779; x_wconf 86' lang='grc' dir='ltr'><strong><em>τῆς</em></strong></span> <span class='ocrx_word' id='word_1_201' title='bbox 435 2699 674 2781; x_wconf 85' lang='grc' dir='ltr'><strong><em>Καππαδοκίης</em></strong></span> <span class='ocrx_word' id='word_1_202' title='bbox 687 2696 720 2773; x_wconf 83' lang='grc' dir='ltr'><strong><em>ἐς</em></strong></span> <span class='ocrx_word' id='word_1_203' title='bbox 732 2690 794 2780; x_wconf 78' lang='grc' dir='ltr'><strong><em>τὴν</em></strong></span> <span class='ocrx_word' id='word_1_204' title='bbox 803 2698 949 2781; x_wconf 84' lang='grc' dir='ltr'><strong><em>Πτερίην</em></strong></span> <span class='ocrx_word' id='word_1_205' title='bbox 962 2700 1082 2761; x_wconf 90' lang='grc' dir='ltr'><strong><em>καλεο·</em></strong></span> 
     </span>
     <span class='ocr_line' id='line_1_26' title="bbox 74 2789 1083 2884; baseline -0.002 -20"><span class='ocrx_word' id='word_1_206' title='bbox 74 2799 184 2884; x_wconf 82' lang='grc' dir='ltr'><strong><em>μένην</em></strong></span> <span class='ocrx_word' id='word_1_207' title='bbox 207 2789 243 2882; x_wconf 79' lang='grc' dir='ltr'><em>ἡ</em></span> <span class='ocrx_word' id='word_1_208' title='bbox 265 2793 302 2862; x_wconf 75' lang='grc' dir='ltr'><strong><em>δέ</em></strong></span> <span class='ocrx_word' id='word_1_209' title='bbox 321 2801 445 2882; x_wconf 89' lang='grc' dir='ltr'><strong><em>Πτερίη</em></strong></span> <span class='ocrx_word' id='word_1_210' title='bbox 469 2797 536 2863; x_wconf 79' lang='grc' dir='ltr'><strong><em>ἐστὶ</em></strong></span> <span class='ocrx_word' id='word_1_211' title='bbox 555 2801 613 2881; x_wconf 87' lang='grc' dir='ltr'><strong><em>τῆς</em></strong></span> <span class='ocrx_word' id='word_1_212' title='bbox 627 2792 737 2881; x_wconf 86' lang='grc' dir='ltr'><strong><em>χύρης</em></strong></span> <span class='ocrx_word' id='word_1_213' title='bbox 749 2792 871 2881; x_wconf 90' lang='grc' dir='ltr'><strong><em>ταύτης</em></strong></span> <span class='ocrx_word' id='word_1_214' title='bbox 889 2789 927 2861; x_wconf 86' lang='grc' dir='ltr'><strong><em>τό</em></strong></span> <span class='ocrx_word' id='word_1_215' title='bbox 945 2791 1083 2882; x_wconf 84' lang='grc' dir='ltr'><strong><em>ἰσχυρό-</em></strong></span> 
     </span>
     <span class='ocr_line' id='line_1_27' title="bbox 73 2889 1151 2985; baseline -0.002 -24"><span class='ocrx_word' id='word_1_216' title='bbox 73 2920 178 2962; x_wconf 91' lang='grc' dir='ltr'><strong><em>τατον</em></strong></span> <span class='ocrx_word' id='word_1_217' title='bbox 200 2889 285 2963; x_wconf 85' lang='grc' dir='ltr'><strong><em>κατά</em></strong></span> <span class='ocrx_word' id='word_1_218' title='bbox 300 2894 464 2981; x_wconf 77' lang='grc' dir='ltr'><strong><em>Σινώπην</em></strong></span> <span class='ocrx_word' id='word_1_219' title='bbox 483 2893 584 2963; x_wconf 89' lang='grc' dir='ltr'><strong><em>πόλιν</em></strong></span> <span class='ocrx_word' id='word_1_220' title='bbox 598 2891 660 2980; x_wconf 80' lang='grc' dir='ltr'><strong><em>τῆν</em></strong></span> <span class='ocrx_word' id='word_1_221' title='bbox 674 2894 710 2961; x_wconf 88' lang='grc' dir='ltr'><strong><em>έν</em></strong></span> <span class='ocrx_word' id='word_1_222' title='bbox 724 2889 873 2985; x_wconf 78' lang='grc' dir='ltr'><strong><em>Εύξείνηι</em></strong></span> <span class='ocrx_word' id='word_1_223' title='bbox 888 2890 1001 2985; x_wconf 80' lang='grc' dir='ltr'><strong><em>πόυτρι</em></strong></span> <span class='ocrx_word' id='word_1_224' title='bbox 1015 2890 1082 2979; x_wconf 87' lang='grc' dir='ltr'><strong><em>μά-</em></strong></span> <span class='ocrx_word' id='word_1_225' title='bbox 1148 2927 1151 2939; x_wconf 87' lang='grc'><em>·</em></span> 
     </span>
     <span class='ocr_line' id='line_1_28' title="bbox 74 2990 1082 3081; baseline -0.007 -19"><span class='ocrx_word' id='word_1_226' title='bbox 74 2991 174 3062; x_wconf 84' lang='grc' dir='ltr'><strong><em>λιστά</em></strong></span> <span class='ocrx_word' id='word_1_227' title='bbox 192 3019 236 3081; x_wconf 86' lang='grc' dir='ltr'><strong><em>κη</em></strong></span> <span class='ocrx_word' id='word_1_228' title='bbox 249 2994 398 3079; x_wconf 85' lang='grc' dir='ltr'><strong><em>κειμένη·</em></strong></span> <span class='ocrx_word' id='word_1_229' title='bbox 433 2995 581 3060; x_wconf 81' lang='grc' dir='ltr'><strong><em>ἐνθαῦτα</em></strong></span> <span class='ocrx_word' id='word_1_230' title='bbox 596 2990 908 3078; x_wconf 87' lang='grc' dir='ltr'><strong><em>ἐστρατοπεδεύετο,</em></strong></span> <span class='ocrx_word' id='word_1_231' title='bbox 927 2998 1082 3078; x_wconf 81' lang='grc' dir='ltr'><strong><em>φθείρων</em></strong></span> 
     </span>
     <span class='ocr_line' id='line_1_29' title="bbox 74 3086 1081 3180; baseline -0.002 -21"><span class='ocrx_word' id='word_1_232' title='bbox 74 3101 143 3160; x_wconf 80' lang='grc' dir='ltr'><strong><em>τῶν</em></strong></span> <span class='ocrx_word' id='word_1_233' title='bbox 159 3099 302 3180; x_wconf 85' lang='grc' dir='ltr'><strong><em>Συρίων</em></strong></span> <span class='ocrx_word' id='word_1_234' title='bbox 323 3089 402 3171; x_wconf 88' lang='grc' dir='ltr'><strong><em>τούς</em></strong></span> <span class='ocrx_word' id='word_1_235' title='bbox 422 3092 576 3180; x_wconf 81' lang='grc' dir='ltr'><strong><em>κλήρους.</em></strong></span> <span class='ocrx_word' id='word_1_236' title='bbox 610 3094 665 3160; x_wconf 81' lang='grc' dir='ltr'><strong><em>καλ</em></strong></span> <span class='ocrx_word' id='word_1_237' title='bbox 687 3086 752 3160; x_wconf 82' lang='grc' dir='ltr'><strong><em>εἷλε</em></strong></span> <span class='ocrx_word' id='word_1_238' title='bbox 766 3094 829 3178; x_wconf 75' lang='grc' dir='ltr'><strong><em>μὲν</em></strong></span> <span class='ocrx_word' id='word_1_239' title='bbox 844 3097 913 3159; x_wconf 79' lang='grc' dir='ltr'><strong><em>τόν</em></strong></span> <span class='ocrx_word' id='word_1_240' title='bbox 929 3096 1081 3178; x_wconf 84' lang='grc' dir='ltr'><strong><em>Πτερίων</em></strong></span> 
     </span>
     <span class='ocr_line' id='line_1_30' title="bbox 76 3186 1083 3281; baseline -0.002 -21"><span class='ocrx_word' id='word_1_241' title='bbox 76 3191 139 3280; x_wconf 82' lang='grc' dir='ltr'><strong><em>τῆν</em></strong></span> <span class='ocrx_word' id='word_1_242' title='bbox 154 3191 257 3263; x_wconf 91' lang='grc' dir='ltr'><strong><em>πόλιν</em></strong></span> <span class='ocrx_word' id='word_1_243' title='bbox 278 3195 334 3262; x_wconf 80' lang='grc' dir='ltr'><strong><em>καὶ</em></strong></span> <span class='ocrx_word' id='word_1_244' title='bbox 348 3188 633 3281; x_wconf 80' lang='grc' dir='ltr'><strong><em>ἠνδραποδίσατο,</em></strong></span> <span class='ocrx_word' id='word_1_245' title='bbox 657 3186 723 3260; x_wconf 77' lang='grc' dir='ltr'><strong><em>εἷλε</em></strong></span> <span class='ocrx_word' id='word_1_246' title='bbox 743 3190 779 3258; x_wconf 73' lang='grc' dir='ltr'><strong><em>δὲ</em></strong></span> <span class='ocrx_word' id='word_1_247' title='bbox 799 3188 859 3270; x_wconf 85' lang='grc' dir='ltr'><strong><em>τάς</em></strong></span> <span class='ocrx_word' id='word_1_248' title='bbox 879 3195 1083 3280; x_wconf 88' lang='grc' dir='ltr'><strong><em>περιοικίδας</em></strong></span> 
     </span>
     <span class='ocr_line' id='line_1_31' title="bbox 77 3286 1083 3380; baseline -0.003 -21"><span class='ocrx_word' id='word_1_249' title='bbox 77 3289 181 3380; x_wconf 88' lang='grc' dir='ltr'><strong><em>αὐτῆς</em></strong></span> <span class='ocrx_word' id='word_1_250' title='bbox 195 3292 320 3379; x_wconf 87' lang='grc' dir='ltr'><strong><em>πόσας,</em></strong></span> <span class='ocrx_word' id='word_1_251' title='bbox 336 3297 485 3378; x_wconf 86' lang='grc' dir='ltr'><strong><em>Συρίους</em></strong></span> <span class='ocrx_word' id='word_1_252' title='bbox 500 3315 536 3357; x_wconf 93' lang='grc' dir='ltr'><strong><em>τε</em></strong></span> <span class='ocrx_word' id='word_1_253' title='bbox 550 3288 652 3358; x_wconf 77' lang='grc' dir='ltr'><strong><em>οὐδέν</em></strong></span> <span class='ocrx_word' id='word_1_254' title='bbox 667 3288 782 3367; x_wconf 85' lang='grc' dir='ltr'><strong><em>ἐόντας</em></strong></span> <span class='ocrx_word' id='word_1_255' title='bbox 797 3294 923 3369; x_wconf 87' lang='grc' dir='ltr'><strong><em>αίτίους</em></strong></span> <span class='ocrx_word' id='word_1_256' title='bbox 936 3286 1083 3358; x_wconf 83' lang='grc' dir='ltr'><strong><em>ἀναστό-</em></strong></span> 
     </span>
    </p>
   </div>
   <div class='ocr_carea' id='block_1_3' title="bbox 82 3380 1083 3578">
    <p class='ocr_par' dir='ltr' id='par_1_3' title="bbox 82 3380 1083 3578">
     <span class='ocr_line' id='line_1_32' title="bbox 83 3380 1083 3479; baseline -0.008 -21"><span class='ocrx_word' id='word_1_257' title='bbox 83 3419 156 3472; x_wconf 82' lang='grc' dir='ltr'><strong><em>τους</em></strong></span> <span class='ocrx_word' id='word_1_258' title='bbox 182 3396 325 3479; x_wconf 86' lang='grc' dir='ltr'><strong><em>ἐποίησε.</em></strong></span> <span class='ocrx_word' id='word_1_259' title='bbox 361 3396 474 3475; x_wconf 85' lang='grc' dir='ltr'><strong><em>Κῦρος</em></strong></span> <span class='ocrx_word' id='word_1_260' title='bbox 497 3389 533 3457; x_wconf 77' lang='grc' dir='ltr'><strong><em>δέ</em></strong></span> <span class='ocrx_word' id='word_1_261' title='bbox 554 3385 689 3474; x_wconf 83' lang='grc' dir='ltr'><strong><em>ἀγείρας</em></strong></span> <span class='ocrx_word' id='word_1_262' title='bbox 711 3382 773 3453; x_wconf 86' lang='grc' dir='ltr'><strong><em>τόν</em></strong></span> <span class='ocrx_word' id='word_1_263' title='bbox 794 3387 920 3453; x_wconf 81' lang='grc' dir='ltr'><strong><em>ἑωυτοῦ</em></strong></span> <span class='ocrx_word' id='word_1_264' title='bbox 941 3380 1083 3471; x_wconf 87' lang='grc' dir='ltr'><strong><em>στρατόν</em></strong></span> 
     </span>
     <span class='ocr_line' id='line_1_33' title="bbox 82 3479 1083 3578; baseline -0.008 -20"><span class='ocrx_word' id='word_1_265' title='bbox 82 3493 134 3560; x_wconf 79' lang='grc' dir='ltr'><strong><em>καί</em></strong></span> <span class='ocrx_word' id='word_1_266' title='bbox 148 3487 354 3578; x_wconf 79' lang='grc' dir='ltr'><strong><em>παραλαβύυ</em></strong></span> <span class='ocrx_word' id='word_1_267' title='bbox 371 3486 450 3568; x_wconf 86' lang='grc' dir='ltr'><strong><em>τούς</em></strong></span> <span class='ocrx_word' id='word_1_268' title='bbox 463 3484 587 3576; x_wconf 83' lang='grc' dir='ltr'><strong><em>μεταξύ</em></strong></span> <span class='ocrx_word' id='word_1_269' title='bbox 596 3488 773 3561; x_wconf 80' lang='grc' dir='ltr'><strong><em>οἰκέοντας</em></strong></span> <span class='ocrx_word' id='word_1_270' title='bbox 787 3483 914 3561; x_wconf 79' lang='grc' dir='ltr'><strong><em>πάντας</em></strong></span> <span class='ocrx_word' id='word_1_271' title='bbox 928 3479 1083 3570; x_wconf 68' lang='grc' dir='ltr'><strong><em>ἠντιοῦτο</em></strong></span> 
     </span>
    </p>
   </div>
   <div class='ocr_carea' id='block_1_4' title="bbox 0 0 1254 3925">
    <p class='ocr_par' dir='ltr' id='par_1_4' title="bbox 0 0 1254 3925">
     <span class='ocr_line' id='line_1_34' title="bbox 0 0 1254 3925; baseline 0 3"><span class='ocrx_word' id='word_1_272' title='bbox 0 0 1254 3925; x_wconf 95' lang='lat' dir='ltr'><strong><em> </em></strong></span> 
     </span>
    </p>
   </div>
  </div>
 </body>
</html>
