2500 3925
195 224 285 319 νεα
581 253 835 313 εενοοοτι

196 422 310 503 πρῶτα
325 415 387 501 μὲν
400 409 703 497 ΔιδςἘλευθερίον
718 407 835 498 βωμὸν
858 410 1036 498 ίδρύσατο,
1063 413 1120 481 καὶ
1144 417 1187 480 τί·

195 542 296 605 μενος
309 517 385 600 περὶ
407 511 513 581 αὖτόν
532 510 649 596 οὔρισε
670 517 776 579 τοῦτο’
809 509 846 579 τδ
870 518 937 579 νῦν
953 517 991 581 ἐν
1013 518 1059 603 τῷ
1089 536 1191 601 προα-

196 620 268 683 στεί
266 640 292 705 ῳ
253 614 390 696 ίέστί,
418 634 500 696 μετα
488 606 597 676 δέ”
569 634 614 686 ως
629 612 663 676 οί
678 610 871 696 ἐπεποίητο,
897 611 1076 695 ἐκκλησίην
1091 631 1190 678 συνα-

192 721 305 802 χείρας
329 710 468 779 πάντων
489 713 559 776 τῶν
579 705 692 775 άστῶν
709 711 798 787 ἔλεξε
811 708 907 777 τάδε·
935 704 1044 795 Ἐμοὶ,
1067 707 1115 789 ὡς
1130 720 1190 779 ίστε

192 814 246 882 καλ
261 808 373 896 ὑμελς,
391 812 561 893 σκῆπτρον
580 804 636 871 καί
655 802 798 922 δύναμις
811 811 902 873 πᾶσα
922 802 942 892 ἡ
959 808 1191 893 Πολυκράτεος

190 909 438 993 ἐπιτέτραπται,
453 908 512 971 καί
523 927 580 988 μοι
596 902 731 988 παρέχει
749 898 980 988 νῦνῦμέων”
957 928 1092 990 αρχειν·
1133 903 1190 993 ἐμά

191 1001 274 1074 δὲ
237 1031 277 1072 τα
288 1030 335 1095 τςο
319 1005 451 1081 πέλας
461 998 669 1120 ἐπιπλήσσω,
676 996 776 1077 αὐτὸς
787 1025 870 1067 κατα
859 996 1083 1086 δύναμιν’
1042 1026 1086 1071 ου
1099 1003 1191 1091 ποιή-

192 1123 257 1171 σω·
272 1126 351 1169 ουτε
361 1101 429 1187 γαρ
440 1126 497 1187 μοι
506 1094 762 1185 Πολυκρατης
740 1116 860 1184 ηρεσκε
877 1098 1048 1180 δεσπόζων
1058 1096 1189 1189 ανδρων

191 1201 318 1290 ὁμοίων
332 1203 444 1290 ἑωυτῷ
464 1196 542 1266 οὕτε
562 1194 678 1281 ἄλλος,
707 1194 797 1275 ὅστις
811 1200 948 1264 τοιαῦτα
962 1199 1079 1270 ποιέει.
1124 1208 1190 1269 Πο-

188 1299 356 1386 λυκράτης
380 1301 443 1384 μέν
463 1322 531 1364 νυν
552 1295 708 1380 ἐξέπλησε
731 1308 852 1382 μοῖραν
868 1292 931 1382 τὴν
952 1298 1100 1385 ἑωυτοῦ,
1130 1296 1188 1385 έχδ

189 1397 227 1467 δὲ
247 1399 281 1477 ές
294 1397 397 1483 μέσον
420 1391 484 1482 τὴν
499 1390 606 1481 ἀρχὴν
623 1393 730 1471 ταθεὶς
750 1397 926 1479 ἰσονομίην
946 1391 1030 1481 ὑμῖν
1043 1420 1186 1483 προαγο-

188 1495 287 1584 ρεύω.
331 1493 452 1562 τοσάδε
469 1494 582 1579 μέντοι
597 1494 715 1559 δικαιῶ
731 1492 830 1578 μέρεα
845 1494 1000 1583 ἐμεωυτῷ
1018 1498 1187 1581 γενέσθαι,

187 1596 225 1663 ἐκ
241 1618 303 1678 μιν
325 1618 365 1679 με
382 1599 452 1660 τῶν
468 1588 705 1675 Πολυκράτεος
723 1590 901 1676 χρημάτων
915 1593 1066 1679 ἐξαίρετα
1085 1598 1119 1676 ἓξ
1133 1597 1189 1664 τά·

187 1692 294 1763 λαντά
309 1718 365 1780 μοι
375 1692 552 1778 γενέσθαι,
569 1688 742 1811 ἱρωσύνην
759 1688 796 1757 δὲ
812 1687 898 1774 πρδς
911 1691 1062 1761 τούτοισι
1077 1699 1187 1780 αίρεῦ-

187 1820 244 1880 μαι
262 1789 353 1883 αὐτω
338 1792 405 1860 τέ
415 1816 471 1878 μοι
485 1790 539 1858 καί
554 1802 639 1857 τοῖσι
651 1785 698 1855 ιἰπ
702 1785 864 1909 ’ἐμεῦί
827 1815 848 1856 α
849 1790 889 1857 λεδ
905 1790 1115 1876 γινομένοισι
1132 1798 1188 1859 τοῦ

186 1889 272 1972 Διδς
285 1897 347 1959 τοῦ
366 1888 596 1976 Ἐλευθερίου,
610 1893 658 1978 τῷ
672 1884 774 1966 αντός
789 1912 825 1955 τε
839 1884 915 1975 ίρδν
925 1890 1120 1989 ἱδρυσάμην
1138 1893 1186 1957 καὶ
1217 1924 1218 1960 ι

186 1988 248 2078 τὴν
262 1992 459 2076 ἐλευθερίην
474 1985 556 2073 ὑμῖν
571 1984 814 2073 περιτίθημι.ε
813 1987 917 2072 Ομὲυ
929 1985 969 2074 δη
985 1995 1090 2057 ταῦτα
1106 2005 1186 2059 τοῖσι
1216 2029 1217 2050 ι

185 2093 343 2174 Σαμίοισι
355 2086 600 2172 ἐπηγγέλλετο
614 2111 684 2152 των
696 2087 735 2152 δέ
742 2110 791 2164 τις
801 2083 1030 2165 ἐῖαναστας
999 2112 1086 2156 ειπε·
1106 2086 1185 2158 Ἀλλ’
1215 2115 1216 2143 ι

186 2181 260 2254 οὐδ’
279 2179 479 2264 αξιοςείς
434 2201 523 2268 συχε
532 2179 679 2270 ημίων
657 2207 948 2270 αρχειν,χιγονως
958 2209 993 2252 τε
1008 2191 1123 2266 κακῶς
1137 2187 1186 2254 καὶ
1214 2213 1215 2234 ι

184 2279 281 2350 lew*
261 2291 412 2369 ολεθρος,
429 2277 512 2350 άλλά
527 2278 690 2367 penest
671 2307 757 2359 οκως
771 2281 875 2366 λόγον
892 2279 1012 2361 δαίσεις
1023 2309 1094 2350 των
1110 2309 1185 2370 μετ-

124 2400 171 2456 133
124 2385 344 2467 ιεχείρισας
362 2377 548 2465 χρημάτων.
597 2385 709 2446 Ταῦτα
728 2374 852 2446 είπεέ
813 2381 879 2446 έων
897 2380 935 2446 έν
956 2393 1043 2448 τοῖσι
1056 2377 1184 2450 άστοϊσι
1212 2390 1213 2418 ¹

182 2475 335 2562 δόκιμος,
363 2482 410 2564 τῷ
431 2473 560 2561 οὕνομα
583 2501 629 2561 ην
647 2477 857 2563 Τελέσαρχος.
901 2476 1123 2565 Μαιάνδριος
1153 2481 1184 2546 δε

181 2573 251 2666 νόῳ
264 2570 396 2661 λαβων,
428 2569 473 2651 ὡς
487 2577 518 2640 εί
535 2571 671 2658 μετήσει
692 2598 754 2658 την
771 2569 893 2660 άρχην,
920 2570 1022 2654 άλλος
1041 2601 1092 2654 τις
1110 2572 1182 2644 ἀντ’

182 2668 287 2740 αυτοῦ
300 2695 468 2755 τυραυνος
477 2668 771 2756 καταστησεται,ου
761 2664 823 2758 δη
831 2675 877 2738 ἐτι
890 2675 927 2738 έν
941 2670 1011 2762 νόῳ
1030 2667 1096 2758 εἶχε
1107 2699 1186 2759 μετ

181 2765 320 2838 ιέναι’
278 2765 401 2856 αυτὴν,
427 2764 503 2838 ἀλλ’
520 2764 564 2846 ὥς
578 2763 769 2854 ἀνεχώρησε
786 2765 868 2846 ἐς
832 2794 894 2855 την
909 2765 1116 2890 ἀκρόπολιν,
1126 2800 1187 2860 με
1193 2763 1194 2766 “

181 2864 436 2950 ταπεμπάμενος
447 2865 507 2930 ἕνα
521 2863 672 2948 ἕκαστον,
692 2859 737 2942 ὥς
751 2860 791 2950 δη
806 2863 910 2951 λόγον
923 2891 992 2934 των
1002 2869 1184 2954 χρημάτων

179 2962 316 3047 δυ’σων,
345 2962 510 3049 σννέλαβί
531 2981 637 3048 σφεας
653 2989 707 3030 και
697 2963 892 3050 κατέδησε.
922 2966 957 3032 οί
969 2964 1032 3050 μὲν
1052 2961 1094 3052 δὴ
1111 2968 1186 3034 έδε·

179 3065 292 3147 δέατο,
308 3059 525 3145 Μαιάνδριον
537 3061 573 3130 δέ
586 3087 669 3147 μετα
684 3067 787 3128 ταῦτα
798 3062 957 3148 κατέλαβε
971 3069 1105 3143 νοῦσος.
1130 3070 1182 3134 έλ-

178 3164 282 3239 πίζων
299 3159 339 3228 δέ
349 3185 409 3244 μιν
423 3156 676 3227 ἀποθανέεσθαι
691 3155 709 3227 ὁ
726 3156 909 3245 ἀδελφεός,
920 3165 966 3250 τῷ
982 3157 1113 3248 οὕνομα
1140 3157 1183 3250 ἦν

179 3256 389 3343 Λυκάρητος,
416 3260 473 3324 ἵνα
488 3254 728 3345 εὐπετεστέρως
744 3259 890 3346 κατάσχῃ
903 3253 944 3326 τᾶ
965 3260 1002 3326 έν
1019 3261 1060 3349 τῇ
1074 3261 1192 3352 ΣάμῳΙ

177 3352 370 3439 πράγματα,
391 3361 596 3424 κατακτείνει
614 3353 694 3435 τούς
708 3355 878 3444 δεσμώτας
892 3357 1036 3438 πάντας·
1058 3357 1101 3428 οὐ
1114 3357 1183 3445 γὰρ

115 3458 166 3512 144
178 3446 236 3535 δὴ,
252 3447 297 3528 ὥς
309 3459 436 3538 οίκασι,
462 3452 641 3538 ἐβούλοντο
663 3451 747 3522 εἶναι
763 3451 947 3541 έλεάθεροι.
982 3452 1111 3544 Ἐπειδὴ
1131 3451 1182 3525 dv
