2500 3925
376 193 460 250 ΗΒ.
485 195 519 252 V.
560 193 655 250 cAr.
682 197 813 254 22-27.
1061 197 1096 260 ll

93 359 320 449 ὑπερθέωμαι.
352 359 496 433 τούτοισι
513 377 598 432 τοῖσι
616 368 709 434 ἐπεσι
721 360 1100 457 πιστεύσαςόἹστιαίος,

88 463 150 531 καὶ
168 457 234 549 ἀμα
251 462 336 550 μέγα
349 459 543 551 ποιεύμενος
560 464 711 550 βασιλέος
725 461 912 553 σύμβουλος
928 470 1099 557 γενέσθαι,

89 560 230 631 ἀπίκετο
249 564 282 641 ἐς
297 558 355 642 τάς
368 559 504 653 Σάρδις.
537 559 726 657 ἀπικομένῳ
746 566 784 633 δέ
799 570 835 635 οί
849 571 940 654 ἐλεγε
957 579 1101 658 Δαρεῖος

93 660 189 732 τάδε·
219 656 363 748 Ἱστιαῖε,
393 660 457 750 ἐγύ
478 683 517 740 σε
544 661 801 753 μετεπεμψάμην
825 670 933 736 τοῖνδε
957 670 1099 739 εἵνεκεν·

95 765 206 832 ἐπείτε
236 759 370 851 τάχιστα
389 760 549 852 ἐνόστησα
565 758 632 834 ἀπὸ
643 765 810 835 Σκυθέων
827 767 883 836 καὶ
900 764 943 837 σύ
955 795 1011 855 μοι
1028 772 1099 857 ἐγέ-

94 890 152 932 νεο
171 863 203 944 ἐξ
217 858 414 951 ὀφθαλμῶν,
432 861 534 934 οὐδέν
551 891 598 934 κω
612 860 692 934 ἀλλο
710 868 818 952 χρῆμα
830 863 917 936 οὕτω
935 870 972 936 έν
985 871 1104 958 βραχέί

96 959 291 1050 ἐπεζήτησα,
311 961 356 1044 ὡς
373 963 411 1033 σέ
428 968 516 1034 ίδείν
532 990 568 1034 τε
585 966 641 1033 καὶ
660 968 692 1046 ἐς
704 963 823 1053 λόγους
839 993 896 1055 μοι
908 963 1099 1055 ἀπικέσθαι,

96 1060 265 1150 ἐγνωκώς,
290 1057 340 1132 ότι
356 1063 531 1152 κτημάτων
554 1061 689 1134 πόντων
714 1067 783 1135 ἐστὶ
804 1064 999 1154 τιμιύτατον
1015 1065 1100 1158 ἀνήρ

92 1171 192 1246 φίλος
210 1160 346 1243 συνετός
363 1165 472 1234 τεκαὶ
489 1161 622 1251 εὔνοος,
646 1162 689 1233 ια’
705 1192 754 1234 τοι
773 1162 837 1254 έγοδ
858 1167 915 1236 καί
931 1164 1101 1256 ἀμφότερα

88 1268 259 1352 σννειδιδς
276 1277 339 1361 ἔχω
354 1274 556 1362 μαρτυρέειν
570 1275 603 1352 ἐς
616 1271 793 1362 πρήγματα
807 1270 847 1342 τά
861 1271 932 1361 ἐμά.
964 1280 1030 1343 νῦν
1045 1263 1104 1359 ύν,

93 1365 133 1442 εύ
147 1373 212 1464 γὰρ
227 1377 384 1462 ἐποίησας
397 1372 615 1464 ἀπικόμενος,
630 1373 711 1444 τάδε
724 1401 775 1444 τοι
790 1371 855 1462 ἐγύ
870 1382 1103 1464 προτείνομαι·

94 1482 250 1565 Μίλητον
270 1478 333 1564 μέν
356 1483 394 1546 ἔα
414 1479 471 1546 καὶ
491 1475 554 1566 τήν
574 1475 767 1546 νεόκτιστον
786 1479 823 1546 ἐν
844 1484 974 1565 Θρηίκη
994 1477 1104 1560 πόλιν,

90 1576 137 1646 σύ
161 1581 202 1648 δέ
216 1606 273 1667 μοι
297 1579 456 1668 ἑπόμενος
476 1582 509 1659 ἐς
522 1585 640 1648 Σοῦσα
660 1585 714 1667 ἐχε
734 1576 858 1667 τοίπερ
880 1573 923 1648 ἀν
944 1577 1008 1666 ἐγδ
1030 1585 1104 1666 ἔχω,

92 1680 170 1769 ἐμός
192 1707 228 1751 τε
247 1679 401 1763 σύσσιτος
421 1679 486 1753 ἐάν
507 1683 563 1751 καὶ
585 1681 785 1769 σύμβουλος.
831 1685 942 1749 Ταύτα
962 1691 1105 1770 Δαρεῖος
1119 1699 1153 1757 λέ

94 1794 207 1868 είπας,
234 1785 291 1853 καὶ
315 1783 521 1873 καταστήσας
536 1781 762 1873 Ἀρταφέρνεα
783 1779 950 1869 ἀδελφεόν
978 1785 1105 1851 ἑωυτοῦ

96 1882 299 1975 ὁμοπάτριον
312 1883 464 1978 ὕπαρχον
479 1885 566 1956 είναι
576 1892 748 1975 Σαρδίων,
760 1881 933 1975 ἀπήλαυνε
947 1887 980 1965 ἐς
989 1889 1105 1952 Σοῦσα

94 1984 163 2075 ἅμα
177 1984 338 2075 ἀγόμενος
348 1984 501 2059 Ἱστιαῖον
506 2042 516 2076 ,
534 1986 672 2058 Ὀτάνεα
693 1988 731 2057 δέ
744 1985 906 2069 ἀποδέξας
919 1984 1105 2077 στρατηγόν

97 2088 186 2158 εἶναι
199 2094 268 2159 των
282 2099 567 2182 παραθαλασσίων
580 2089 734 2183 ἀνδρῶν,
754 2096 816 2177 τού
828 2088 888 2159 τόν
901 2092 1028 2178 πατέρα
1039 2099 1103 2159 Σι-

94 2192 229 2279 σάμνην
248 2192 405 2280 βασιλεύς
424 2192 608 2283 Καμβύσης
626 2192 810 2281 γενόμενον
828 2198 898 2263 τῶν
920 2199 1105 2280 βασιληίων

96 2298 298 2381 δικαστέων,
313 2293 364 2365 ότι
379 2299 433 2365 ἐπὶ
446 2297 589 2386 χρήμασι
604 2303 704 2386 δίκην
717 2293 836 2364 ἄδικον
850 2298 1001 2381 ἐδίκασε,
1016 2292 1104 2378 σφά-

97 2402 152 2483 ξας
166 2395 322 2488 ἀπέδειρε
337 2405 448 2468 πᾶσαν
456 2397 518 2488 τήν
531 2396 766 2489 ἀνθρωπηίην,
776 2399 937 2478 σπαδίξας
948 2398 986 2466 δέ
999 2393 1106 2465 αὐτού

100 2497 133 2566 τὸ
149 2500 254 2587 δέρμα
269 2500 406 2587 ίμάντας
425 2503 460 2599 ἐξ
472 2498 577 2570 αὐτοῦ
600 2508 699 2589 ἔταμε
713 2502 769 2568 καὶ
784 2500 928 2568 ἐνέτεινε
947 2496 1104 2588 τδνθρύ·

97 2628 176 2684 νον,
204 2605 237 2681 ἐς
256 2600 316 2671 τόν
336 2607 415 2686 ἵζων
444 2606 588 2685 ἐδίκαζε·
617 2602 799 2681 ἐντανύσας
824 2602 862 2670 δέ
886 2597 903 2669 ὁ
923 2600 1107 2689 Καμβύσης

96 2700 236 2785 ἀπέδεξε
247 2702 407 2795 δικαστήν
419 2705 506 2774 εἶναι
520 2702 594 2775 ἀντὶ
607 2709 668 2773 τού
678 2703 868 2791 Σισάμνεω,
883 2702 942 2772 τὸν
951 2700 1105 2773 ἀποκτεί-

98 2833 158 2884 νας
178 2802 352 2898 ἀπέδειρε,
375 2805 435 2878 τόν
456 2813 560 2876 παῖδα
579 2813 639 2875 τοῦ
659 2805 854 2893 Σισάμνεω,
877 2803 1107 2894 ἐντειλάμενός

97 2911 135 2977 οἱ
153 2914 363 2997 μεμνῆσθαι,
391 2913 494 3002 ἐντῷ
515 2915 658 2992 κατίζων
678 2906 794 3000 θρόνῳ
821 2906 957 2991 δικάζει.
1000 2898 1108 2985 Οὗτος
1121 2925 1155 2981 26

97 3000 149 3077 ὧν
170 3006 360 3101 όὈτάνης,
389 3008 406 3081 ὁ
427 3010 675 3101 ἐγκατιζόμενος
697 3014 730 3091 ἐς
749 3014 870 3080 τοῦτον
889 3008 949 3079 τόν
967 3008 1107 3098 θρόνον,

100 3111 174 3181 τότε
190 3112 344 3202 διάδοχος
359 3114 539 3203 γενόμενος
552 3112 742 3207 Μεγαβύζῳ
755 3118 814 3201 τῆς
826 3118 1025 3201 στρατηγίης
1037 3119 1106 3179 Bv-
1227 3148 1230 3151 ·

5 3274 9 3283 .
97 3222 251 3296 ζαντίονς
269 3243 305 3285 τε
327 3212 394 3287 εἷλε
408 3219 464 3286 καὶ
477 3222 746 3305 Καλχηδονίους,
770 3212 838 3285 είλε
852 3213 1108 3302 δέ”Αντανδρον

99 3314 161 3409 τήν
183 3321 220 3385 ἐν
239 3323 279 3406 τῇ
298 3321 430 3413 Τρωάδι
451 3324 513 3408 γῇ,
541 3315 609 3389 εἷλε
628 3319 666 3388 δέ
684 3316 907 3406 Λαμπώνιον,
934 3313 1050 3404 λαβὸν
1071 3313 1108 3384 δέ

99 3416 189 3508 παρά
202 3421 358 3509 Λεσβίων
377 3423 455 3502 νέας
475 3417 543 3491 εἷλε
556 3419 695 3511 Λῆμνόν
711 3448 747 3489 τε
761 3422 817 3490 καὶ
826 3417 977 3510 Ἴμβρον,
998 3413 1107 3506 ἀμφο·

100 3522 196 3608 τέρας
216 3527 264 3591 ἔτι
285 3522 359 3595 τότε
378 3521 445 3595 ύπό
463 3530 650 3613 Πελασγῶν
671 3525 873 3612 οίκεομένας.
917 3527 962 3592 Ol
983 3519 1045 3609 μὲν
1067 3516 1109 3605 δή
1122 3533 1155 3593 27
