2500 3925
171 217 232 280 130
547 217 797 280 HERODOTI

170 376 214 446 σύ
234 377 288 465 δὲ,
311 372 338 448 ό
359 392 421 447 παλ
433 378 603 465 Γοβρύεω
622 374 814 463 Μαρδόνιε,
842 383 968 444 παῦσαι
988 379 1098 465 λέγων
1121 378 1178 448 λό·

171 503 252 565 γους
261 482 421 562 ματαίους
429 478 506 562 περί
515 474 685 562 Ἑλλήνων
694 471 756 543 οὐκ
767 473 893 542 έόντων
903 472 1006 556 ἀξίων
1017 481 1183 566 φλαύρως

170 574 317 644 ἀκούειν.
334 572 495 659 Ἕλληνας
508 571 573 660 γάρ
586 572 777 661 διαβάλλων
790 574 953 661 ἐπαείρεις
964 571 1070 642 αὐτόν
1079 582 1182 663 βασι-

170 677 228 744 λέα
244 670 503 761 στρατεύεσθαι,
523 669 629 739 αὐτοῦ
646 672 683 739 δὲ
696 671 821 739 τούτου
835 673 964 739 εἵνεκεν
979 675 1106 752 δοκέεις
1122 699 1182 760 μοι

169 779 282 841 πᾶσαν
295 775 492 859 προθυμίην
506 771 673 838 ἐκτείνειν.
697 769 743 856 μη’
758 795 824 836 υυν
835 766 924 836 οὕτω
934 772 1079 858 γένηται.
1102 774 1181 838 δια-

168 869 252 961 βολὴ
266 872 331 959 γάρ
343 873 412 940 έστι
427 869 630 955 δεινότατον,
647 869 684 936 έν
695 874 735 956 τῇ
746 867 808 935 δύο
823 873 885 953 μέν
897 873 959 935 είσι
975 872 1009 936 οί
1021 865 1174 938 ἀδικέον-

169 999 238 1057 τες,
254 967 300 1050 εἷς
317 971 354 1039 δέ
369 968 387 1037 ὁ
404 967 629 1054 ἀδικεόμενος.
652 964 671 1034 ὁ
686 971 748 1054 μὲν
763 962 828 1053 γάρ
843 966 1037 1053 διαβάλλων
1050 965 1178 1036 ἀδικέει

170 1069 212 1140 ού
227 1069 411 1153 παρεόντος
427 1068 651 1154 κατηγορέων,
670 1063 687 1133 ὁ
704 1065 740 1133 δέ
755 1063 878 1133 ἀδικέει
895 1061 1178 1153 ἀναπειθόμενος,

168 1171 249 1255 πρλυ
262 1163 285 1254 ἢ
300 1163 461 1254 ἀτρεκέως
475 1165 623 1253 έκμάθη·
646 1160 664 1232 ὁ
680 1162 717 1231 δὲ
728 1159 768 1250 δη“
780 1160 895 1230 ἀπιόν
909 1163 1086 1252 τοῦλόγου
1095 1164 1181 1232 τάδε

169 1272 206 1336 έν
221 1262 351 1334 αύτοίσι
367 1263 548 1350 ἀδικέεται,
571 1268 764 1351 διαβληθείς
778 1289 814 1330 τε
829 1259 896 1330 ὑπό
911 1270 973 1331 τού
990 1265 1105 1348 ἑτέρου
1121 1269 1179 1332 καὶ

66 1416 68 1419 -
137 1365 341 1451 Θυομισθεὶς
355 1359 440 1450 πρός
452 1369 514 1430 τοῦ
529 1361 644 1443 ἑτέρου
659 1357 761 1439 κακός
779 1357 872 1429 είναι.
903 1357 991 1431 Ἀλλ’
1012 1369 1042 1431 εί
1051 1359 1092 1448 δὴ
1121 1365 1181 1430 δεῖ

166 1492 206 1552 γε
216 1464 349 1542 πάντως
360 1465 414 1531 ἐπὶ
428 1459 507 1540 τούς
518 1460 644 1547 ἀνδρας
658 1461 799 1538 τούτους
808 1461 1065 1554 στρατεύεσθαι,
1081 1464 1178 1550 φέρε,

69 1601 72 1610 2
166 1562 323 1656 βασιλεύς
345 1567 408 1650 μὲν
434 1560 534 1641 αὐτὸς
563 1565 600 1630 έν
622 1561 722 1648 ἤθεσι
746 1574 840 1630 τοῖσιΙ
852 1565 1012 1648 Περσέων
1036 1565 1178 1651 μενέτω,

165 1663 280 1751 ἡμέων
290 1665 327 1731 δὲ
338 1661 538 1750 ἀμφοτέρων
551 1663 859 1748 παραβαλλομένων
869 1657 910 1727 τά
920 1664 1021 1728 τέκνα
1032 1679 1178 1747 στρατη-

168 1765 262 1834 λάτεε
279 1757 381 1840 αότός
390 1757 434 1829 σύ
446 1759 679 1845 ἐπιλεξάμενός
690 1785 725 1826 τε
736 1756 863 1846 ἀνδρας
873 1755 952 1836 τούς
966 1760 1102 1843 ἐθέλεις,
1120 1761 1177 1825 καὶ

166 1861 280 1950 λαβάν
295 1857 453 1947 στρατιὴν
468 1855 593 1944 ὁκόσην
608 1855 684 1926 τινά
699 1857 846 1946 βούλεαι.
871 1859 926 1926 καὶ
940 1854 983 1944 ἢν
1000 1857 1062 1944 μὲν
1075 1865 1117 1948 τῇ
1132 1857 1178 1926 σύ

168 1966 272 2048 λέγεις
278 1958 444 2049 ἀναβαίυη
453 1957 585 2047 βασιλέϊ
592 1953 633 2026 τά
643 1957 830 2045 πρήγματα,
840 1959 1046 2026 κτεινέσθων
1058 1961 1092 2026 οί
1101 1957 1177 2044 ἐμοὶ

166 2063 290 2142 παῖδες,
306 2055 391 2144 πρός
402 2056 439 2124 δὲ
452 2052 582 2124 αύτοῖσι
599 2060 655 2124 καὶ
666 2056 732 2141 έγιό
741 2081 748 2095 ·
769 2052 813 2141 ἢν
828 2058 864 2123 δὲ
879 2063 918 2143 τῇ
930 2054 993 2141 έγοδ
1008 2056 1176 2142 προλέγω,

167 2163 200 2225 οί
209 2158 262 2225 σοὶ
275 2162 379 2223 ταῦτα
393 2154 606 2241 πασχόντων,
623 2153 689 2223 σύν
707 2158 746 2222 δέ
757 2174 817 2240 σφι
832 2158 887 2221 καί
902 2152 962 2238 σύ,
985 2150 1029 2243 ἢν
1046 2150 1176 2225 ἀπονο-

167 2255 297 2341 στήσῃς.
327 2260 358 2321 εί
377 2253 414 2321 δὲ
430 2260 535 2321 ταῦτα
551 2256 614 2341 μὲν
631 2250 817 2322 ὑποδύνειν
838 2250 901 2321 ούκ
919 2255 1106 2342 ἐθελήσεις,
1130 2254 1175 2323 σύ

168 2352 203 2420 δὲ
219 2352 352 2430 πάντως
365 2352 554 2438 στράτευμα
568 2350 701 2433 ἀνάξεις
715 2356 767 2422 ἐπὶ
781 2350 844 2440 τὴν
854 2350 1010 2441 Ἑλλάδα,
1028 2350 1175 2422 ἀκούσε·

167 2455 251 2519 σθαί
263 2447 341 2518 τινά
356 2475 442 2536 φημι
458 2456 526 2517 τῶν
541 2447 648 2521 αὐτοῦ
662 2457 740 2540 τῇδε
756 2449 1050 2540 ὑπολειπομένων,
1069 2461 1174 2541 Μαρ-

167 2548 284 2617 δόνιου
300 2550 385 2635 μέγα
404 2573 436 2616 τι
449 2547 556 2618 κακόν
571 2553 812 2637 ἐξεργασμένον
825 2551 959 2638 Πέρσας
972 2549 1038 2619 ότό
1054 2560 1174 2620 κυνοῑν

165 2672 200 2713 τε
211 2646 265 2712 καί
276 2641 428 2730 όρυίθων
439 2648 709 2735 διαφορεύμενον
719 2646 741 2733 ἤ
751 2673 814 2716 κου
826 2650 863 2715 έν
879 2655 922 2737 γῇ
932 2658 973 2738 τῇ
980 2647 1172 2737 Ἀθηναίων

164 2741 240 2828 ἥσέ
256 2767 295 2826 γε
310 2744 348 2810 έν
362 2751 402 2831 τῇ
416 2749 708 2831 Λακεδαιμονίων,
731 2750 761 2812 εί
779 2742 824 2832 μὴ
841 2742 907 2833 ἀρα
928 2752 983 2835 καὶ
1004 2750 1172 2836 πρότερον
1242 2806 1243 2830 ,

164 2837 237 2909 κατ’
250 2837 343 2926 ὁδόν,
357 2842 494 2930 γνόντα,
509 2842 563 2911 ἐπ’
575 2848 670 2924 οἴους
681 2842 806 2932 ἀνδρας
817 2842 1058 2932 ἀναγινιόσκεις
1067 2869 1170 2936 στρα-
1241 2912 1242 2935 ,

163 2938 321 3007 τεύεσθαι
338 2942 484 3025 βασιλέα.
1241 2960 1242 3004 ι

119 3062 145 3115 n
246 3035 506 3125 Ἀρτάβανοςέ
466 3066 489 3125 μ
507 3068 529 3108 ν
550 3049 653 3109 ταῦτα
672 3046 776 3127 ἔλεξε,
798 3044 921 3130 Ξέρξης
936 3047 973 3114 δέ
992 3050 1169 3164 θυμωθεὶς
1240 3124 1241 3133 ,

164 3134 332 3223 ἀμείβεται
347 3140 485 3205 τοιοίδε·
503 3134 695 3226 Ἀρτάβανε,
706 3137 830 3226 πατρός
845 3139 890 3221 είς
901 3145 1054 3229 τοῦέμού
1069 3139 1168 3214 ἀδελ·
1240 3144 1241 3178 λ

164 3233 262 3321 φεός·
294 3234 395 3313 τοῦτό
417 3253 456 3303 σε
477 3237 614 3324 ῥύσεται
635 3240 761 3323 μηδένα
784 3236 879 3317 ἀξιον
904 3235 1031 3324 μισθόν
1050 3248 1240 3354 λαβεῖν,

164 3333 271 3397 ἐπέων
284 3337 441 3416 ματαίων.
464 3339 523 3401 καί
533 3359 584 3402 τοι
599 3334 725 3456 ταύτην
739 3361 801 3423 την
815 3332 949 3424 ἀτιμίην
962 3344 1168 3427 προστίθημι

164 3430 254 3496 ἐόντι
268 3436 359 3520 κακῷ
373 3456 408 3497 τε
423 3435 477 3499 και
498 3429 638 3525 ἀθύμφ,
656 3434 737 3523 μήτε
751 3437 1037 3520 συστρατεύεσθαι
1053 3444 1167 3525 ἔμοιγε

1230 3722 1237 3916 ,
