2500 3925
174 250 238 311 344
549 250 806 310 HERODOTI

174 409 319 498 ἀνδράσι
334 414 389 479 καὶ
402 415 501 497 χωρὶς
515 418 585 481 τῶν
599 409 810 499 ἀνδρῶνκαὶ
828 416 861 496 ἐς
873 416 1021 505 πόλεμον
1033 419 1165 505 φοιτέου·

173 532 246 596 σαι,
269 512 325 579 καί
348 508 471 596 στολήν
493 509 557 597 τὴν
579 509 687 599 αύτὴν
710 526 797 582 τοῖσι
819 510 964 597 ἀνδράσι
983 520 1161 601 φορέουσαι.

102 614 156 669 117
172 614 275 698 Φωνῇ
295 609 332 676 δὲ
353 612 388 676 οἱ
399 609 620 696 Σαυρομάται
640 618 814 699 νομίζουσι
832 619 1009 701 Σκυθικῇ,
1032 619 1163 681 σολοικί

173 714 282 789 ζοντες
296 704 381 795 αὐτῇ
392 703 458 773 άπὸ
472 714 534 775 τοῦ
545 705 703 794 ἀρχαίαν,
719 712 790 777 ἐπεὶ
800 706 844 777 οὐ
853 718 1002 797 χρηστῶς
1013 714 1164 797 ἐξέμαθον

173 802 279 893 αὐτήν
295 809 331 873 αί
340 802 523 891 Ἀμαζόνες.
547 803 589 873 τά
605 808 682 889 περί
702 808 822 893 γάμων
839 807 877 875 δὲ
891 799 960 875 ὧδέ
971 829 1034 893 σφι
1048 811 1164 877 διακέε-

170 932 241 974 ται·
264 902 307 973 οὐ
320 906 476 991 γαμέεται
494 908 666 990 παρθένος
685 902 843 992 οὐδεμία,
865 907 946 989 πρὶν
968 901 1012 973 άν
1032 914 1100 976 τῶν
1112 931 1164 975 πο-

171 1011 296 1091 λεμίων
309 1003 417 1087 άνδρα
431 1002 621 1093 άποκτείνη.
643 1008 682 1073 αί
694 1007 735 1076 δέ
744 1030 833 1083 τινες
847 1002 977 1073 αὐτέων
990 1008 1047 1074 καὶ
1062 1015 1165 1075 τελεν-
1214 1035 1215 1066 1

169 1108 282 1175 τέουσι
290 1106 424 1193 γηραιαὶ
434 1106 516 1193 πρὶν
525 1103 710 1191 γήμασθαι,
727 1101 770 1171 οὐ
790 1105 978 1190 δυνάμεναι
990 1102 1053 1173 τόν
1068 1104 1165 1189 νόμον
1212 1073 1215 1232 4

171 1206 340 1288 ἐκπλῆσαι.
1214 1245 1215 1248 =

107 1315 156 1370 118
249 1300 319 1371 Ἐπὶ
335 1303 466 1371 τούτων
487 1295 536 1370 ὦν
556 1310 624 1371 τῶν
650 1308 923 1389 καταλεχθέντων
946 1306 1078 1373 ἐθνέων
1097 1302 1165 1382 τούς

169 1405 323 1489 βασιλέας
337 1399 536 1488 ἁλισμένους
552 1400 834 1490 άπικόμενοιτῶν
842 1406 1012 1471 Σκυθέων
1028 1409 1063 1470 οί
1075 1401 1165 1489 ἅγγε-
1214 1456 1215 1471 .

168 1510 221 1569 λοι
239 1505 355 1586 ἔλεγον
375 1502 645 1587 ἐκδιδάσκοντες,
665 1498 710 1581 ὡς
733 1498 752 1570 ὁ
774 1504 921 1589 Πέρσης,
944 1502 1059 1591 ἐπειδή
1081 1508 1114 1571 οί
1131 1498 1164 1567 τά

169 1604 206 1669 έν
226 1607 267 1689 τῇ
289 1598 411 1692 ἡπείρφ
432 1609 472 1692 τῇ
493 1604 587 1692 ἑτέρη
607 1603 719 1671 πάντα
738 1624 995 1691 κατέστραπται,
1018 1608 1165 1691 γέφυραν

169 1698 282 1781 ζεύξας
296 1702 349 1769 έπλ
362 1708 408 1790 τςό
424 1698 539 1787 αὐχένι
561 1708 622 1769 τοῦ
636 1701 817 1789 Βοσπόρου
831 1706 1008 1789 διαβέβηκε
1023 1705 1058 1781 ές
1074 1701 1165 1789 τήνδε

165 1795 228 1884 τὴν
247 1794 403 1887 ἤπειρον,
427 1797 546 1888 διαβὰς
566 1798 604 1867 δέ
623 1799 680 1866 καὶ
695 1799 1010 1886 καταστρεψάμενος
1025 1801 1165 1890 Θρήικας

163 1914 312 1990 γεφυρολ
327 1899 479 1989 ποταμὸν
493 1900 644 1988 Ἴστρον,
665 1902 872 1990 βουλόμενος
885 1904 942 1970 καὶ
960 1903 1039 1972 τάδε
1061 1904 1165 1972 πάντα
1211 1951 1212 1954 ,

164 2000 225 2069 ὐπ’
253 2005 366 2094 ἑωυτῷ
391 2001 606 2092 ποιήσασθαι.
648 1999 755 2088 ’Ῥμεϊς
780 1995 829 2070 (δν
853 2006 972 2090 μηδενὶ
995 2003 1165 2099 τρόπφὲιι
1213 2086 1215 2089 ¹

163 2107 226 2170 τοῦ
249 2105 354 2187 μέσον
380 2102 562 2190 κατήμενοι
588 2106 758 2189 περάσητε
777 2099 882 2188 ἡμέας
906 2106 1162 2191 διαφθαρέντας,
1212 2160 1213 2165 ,

163 2301 317 2386 ποιήσετε
332 2307 452 2367 ταῦτα·
473 2297 568 2388 ἡμεῖς
582 2301 646 2389 μὲν
659 2293 880 2386 πιεζόμενοιὴ
893 2301 1094 2387 ἐκλείψομεν
1109 2298 1164 2385 τὴν

161 2397 291 2486 χάρην,
311 2394 333 2485 ἡ
350 2401 507 2484 μένοντες
521 2397 683 2487 ὁμολογίῃ
694 2397 898 2485 χρησόμεθα.
920 2406 956 2468 τί
965 2397 1030 2488 γάρ
1045 2402 1163 2470 πάθω-
1210 2478 1211 2481 ¹

163 2527 226 2588 μεν
246 2495 291 2586 μὴ
313 2501 531 2586 βουλομένων
554 2499 668 2588 ὑμέων
688 2500 881 2585 τιμωρέεινς
902 2495 985 2584 ὑμῖν
1005 2499 1043 2566 δὲ
1067 2496 1163 2568 οὐδέν

162 2601 215 2668 έπλ
229 2598 337 2690 τούτῳ
352 2604 443 2667 ἔσται
458 2600 693 2685 ἐλαφρότερον.
716 2596 791 2684 ἡκει
804 2595 870 2683 γὰρ
887 2593 1050 2683 ὁΠέρσης
1067 2594 1165 2664 οὐδέν
1209 2612 1210 2685 η

161 2726 193 2766 τι
210 2705 338 2784 μᾶλλον
353 2697 406 2765 ἐπ’
421 2694 617 2785 ἡμέαςὴοὐ
632 2699 756 2766 καὶέπ’
771 2693 891 2782 ὑμέας,
913 2691 997 2762 οὐδέ
1016 2699 1052 2762 ολ
1064 2720 1163 2762 κατα-
1208 2744 1210 2799 η

160 2795 275 2882 χρήσει
289 2791 393 2882 ἡμέας
408 2800 708 2886 καταστρεψαμένῳ
724 2791 839 2881 ὑμέων
859 2790 1053 2879 ἀπέχεσθαι.
1082 2798 1164 2882 μέγα
1208 2802 1210 2831 ¹

161 2896 197 2962 δὲ
218 2891 301 2980 ύμῖν
321 2894 434 2980 λόγων
448 2899 554 2963 τῶνδε
570 2895 757 2981 μαρτύριον
782 2895 936 2978 ἐρέομεν·
969 2898 1001 2960 εί
1019 2889 1086 2978 γάρ
1113 2887 1161 2958 ἐπ’
1207 2886 1209 2979 ἡ

159 2990 263 3079 ἡμέας
286 2992 436 3079 μούνους
463 2992 700 3078 ἐστρατηλάτεε
724 2989 743 3060 ὁ
763 2991 897 3076 Πέρσης
922 2995 1082 3058 τίσασθαι
1110 2995 1164 3072 τὴς
1206 3050 1207 3053 ,

159 3089 291 3174 πρόσθε
311 3091 519 3178 δουλοσύνης
542 3089 766 3176 βουλόμενος,
787 3095 872 3176 χρῆν
895 3083 1001 3155 αὐτόν
1027 3086 1164 3155 πάντων
1206 3116 1208 3125 ·

158 3193 227 3253 τῶν
247 3187 360 3256 ἄλλων
382 3185 592 3276 ἀπεχόμενον
616 3187 706 3257 ούτω
726 3190 813 3257 ίέναι
832 3188 886 3256 έπλ
905 3181 969 3272 τὴν
987 3181 1164 3272 ἡμετέρην,
1205 3264 1207 3271 Ι

158 3285 214 3349 καὶ
230 3279 274 3350 άν
288 3285 410 3372 ἐδήλου
424 3296 523 3370 πᾶσι,
542 3287 587 3368 ὡς
597 3293 651 3357 έπλ
660 3289 804 3368 Σκύθας
818 3285 953 3356 έλαύνει
965 3289 1022 3354 καὶ
1036 3284 1101 3354 οὐκ
1110 3287 1162 3354 ἐπὶ

158 3374 239 3454 τούς
263 3377 394 3460 ἄλλους.
412 3382 480 3447 νῦν
497 3379 535 3448 δέ
549 3383 658 3450 έπείτε
674 3379 810 3468 τάχιστα
828 3385 921 3470 διέβη
938 3385 973 3465 ές
983 3385 1084 3473 τήνδε
1100 3383 1164 3472 τήν
1204 3404 1206 3417 ·

157 3473 316 3562 ἤπειρον,
333 3477 412 3558 τούς
428 3488 491 3552 αἰεὶ
502 3482 658 3570 ἐμποδών
667 3490 869 3574 γινομένους
877 3481 1059 3571 ἡμεροῦται
1071 3486 1161 3554 στάν-
1203 3542 1204 3549 ,
