2500 3925
139 234 181 297 40
514 241 768 299 HERODOTI

139 402 281 488 Κροίσῳ.
308 454 311 463 .
337 402 416 487 πρὶν
442 400 478 469 δέ
504 401 695 481 ἐξελαύνειν
728 394 882 489 [ὁρμῆσαι
898 397 958 469 τὸν
975 401 1146 514 στρατδνχ,

138 498 269 584 πέμψας
293 498 442 587 κη’ρυκας
466 502 499 579 ἐς
523 497 603 579 τούς
621 499 742 579 Ἴωνας
765 499 919 588 ἐπειρᾶτό
945 519 1050 589 σφεας
1073 496 1166 569 ἀπο·

138 602 287 683 Κροίσου
314 594 502 667 ἀπιστάναι.
542 596 658 679 Ἴωνες
682 601 744 685 μέν
769 625 836 667 νυν
862 597 926 669 ούκ
952 602 1143 684 ἐπείθοντο,

137 700 251 782 Κῦρος
262 694 299 763 δὲ
317 692 361 775 ὡς
375 693 510 765 ἀπίκετο
526 700 580 765 καλ
597 694 982 785 ἀπεστρατοπεδεύσατο
993 703 1142 787 Κροίσῳ,

137 796 286 861 ἐνθαῦτα
307 797 345 863 έν
365 802 406 885 τῇ
418 802 544 885 Πτερίη
565 796 658 885 χύρη
676 798 862 887 έπειρέοντο
879 792 963 865 κατὰ
986 792 1023 865 τδ
1046 800 1144 883 ίσχυ-

137 891 200 981 ρδν
215 891 377 984 ἀλλήλων.
403 896 508 983 μάχης
520 899 556 965 δέ
570 902 732 987 καρτερῆς
744 899 929 985 γενομένης
944 900 1002 967 καὶ
1015 890 1143 968 πισύν-

135 1020 204 1062 ταν
228 991 427 1083 ἀμφοτέρων
451 1002 604 1083 πολλῶν,
631 998 724 1076 τέλος
749 992 920 1084 οὐδέτεροι
944 994 1142 1082 νικήσαντες

137 1095 313 1182 διέστησαν
329 1090 452 1174 νυκτδς
468 1095 685 1183 ἐπελθούσης.
730 1096 786 1161 καὶ
800 1119 843 1160 τα
829 1090 918 1179 μὲν
933 1092 1142 1182 στρατόπεδα

94 1206 126 1264 77
137 1189 310 1311 ἀμφότερα
325 1188 414 1261 οὕτω
428 1188 624 1280 ἠγωνίσατο.
665 1200 810 1280 Κροῖσος
825 1190 861 1261 δέ
867 1194 1046 1319 μεμφθεὶς
1055 1187 1142 1260 κατά

135 1287 182 1356 τὸ
189 1296 320 1377 πλῆθος
334 1288 372 1359 τδ
389 1293 517 1362 εαυτοῦ
541 1291 729 1379 στράτευμα
754 1283 811 1378 ἀμ
830 1290 896 1377 γάρ
916 1296 950 1359 οί
969 1288 987 1361 ὁ
1008 1291 1141 1379 συμβα-

135 1386 205 1457 λάυ
218 1386 358 1508 στρατὸς
373 1384 499 1469 πολλάν
520 1385 707 1509 ἐλάσσῳυ
685 1417 707 1475 η
723 1415 740 1456 ο
729 1386 891 1479 Κύρου·
934 1396 1033 1460 τοῦτο.
1051 1415 1140 1475 --μεμ

136 1483 304 1573 φθελς,’
282 1513 327 1565 ως
349 1494 390 1576 τῇ
410 1484 568 1575 ὑστεραίῃ
591 1486 656 1557 οὐκ
674 1491 827 1577 έπειρᾶτο
849 1486 986 1575 έπιάν’
973 1517 991 1559 ο
1012 1494 1140 1575 Κῦρος,

135 1581 308 1672 ἀπήλαυνε
333 1586 367 1663 ές
390 1582 449 1665 τάς
465 1586 610 1673 Σάρδις,
639 1590 677 1654 ἐν
702 1587 772 1678 νόῳ
796 1593 880 1673 έχων
907 1591 1142 1677 παρακαλέσας

135 1689 197 1771 μὲν
221 1689 427 1770 Αίγυπτίους
452 1684 536 1753 κατά
560 1683 597 1753 τό
624 1684 741 1772 ὅρκιον
774 1687 964 1776 ’ἐποιήσατο
989 1680 1060 1775 γάρ
1082 1687 1141 1754 καὶ

135 1782 219 1874 πρὸς
235 1782 377 1871 ’Ἁμασιν
400 1786 621 1873 βασιλεύοντα
636 1787 813 1873 Αἰγύπτου
839 1793 1027 1877 συμμαχίην
1050 1784 1140 1876 πρά-

134 1910 232 1972 τερον
246 1879 331 1974 ἥπερ
346 1882 430 1974 πρὸς
444 1890 745 1974 Λακεδαιμονίους·
786 1881 1142 1973 μεταπεμψάμενοςδέ

134 1985 189 2052 καί
203 1989 442 2070 Βαβυλωνίους
466 1987 531 2053 ’καὶ
553 1981 617 2072 γάρ
641 1982 731 2075 πρὸς.
740 1986 881 2064 τούτους
895 1982 985 2077 αύτῷ
1000 1988 1141 2052 ἐπεποί-
1206 2039 1214 2046 .

133 2107 191 2168 ητο
220 2087 404 2168 συμμαχίη,
439 2083 643 2171 ἐτυράννευε
671 2084 708 2152 δὲ
731 2092 799 2152 τάν
822 2089 1050 2172 Βαβυλωνίων
1070 2077 1140 2155 ,τὸν

133 2181 257 2268 χρόνον
282 2185 404 2248 τοῦτον
424 2181 636 2269 Λαβύνητος·
681 2187 876 2270 ἐπαγγείλας
898 2187 934 2252 δὲ
956 2187 1011 2251 καί
1025 2192 1140 2250 Λακε-

133 2283 332 2366 δαιμονίοισι
338 2294 493 2367 παρεῖναι
504 2285 538 2360 ἐς
550 2280 804 2371 χρόνονβητόν,
819 2281 935 2362 ἀλίσας
949 2309 984 2350 τε
999 2279 1039 2370 δὴ
1054 2282 1139 2351 τού-

131 2405 210 2456 τους
233 2380 288 2446 καλ
313 2375 374 2466 τὴν
398 2380 526 2448 ἑαυτοῦ
550 2385 709 2462 συλλέξας
729 2379 887 2470 στρατιὴν
910 2383 1050 2450 ἐνένωτο
1074 2378 1139 2448 τὸν

131 2482 277 2562 χειμῶνα
299 2479 414 2562 παρεὶς
428 2475 497 2566 ἀμα
513 2485 559 2571 τῷ
576 2485 650 2567 ἔαρι
669 2480 864 2570 στρατεύειν
880 2483 934 2548 ε’πλ
948 2477 1027 2560 τούς
1043 2483 1139 2566 Πέρ-

131 2597 199 2656 σας.
227 2580 282 2646 καί
297 2572 315 2645 6
333 2577 395 2664 μέν
409 2584 513 2647 ταῦτα
529 2583 695 2668 φρονέων,
711 2579 755 2662 ὡς
770 2579 904 2651 ἀπίκετο
919 2583 952 2660 ές
966 2577 1025 2659 τάς
1038 2580 1137 2668 Σάρ-

131 2681 198 2760 δις,
224 2679 348 2760 ἔπεμπε
370 2675 519 2763 κη’ρυκας
537 2677 619 2748 κατά
637 2677 695 2759 τάς
711 2686 896 2781 συμμαχίας
911 2682 1137 2798 προερέοντας

131 2776 164 2850 ἐς
181 2771 331 2856 πέμπτον
345 2778 435 2859 μῆνα
451 2781 675 2864 συλλέγεσθαι
690 2780 723 2856 ές
736 2771 881 2866 Σάρδις
913 2774 973 2845 τὸν
993 2781 1030 2844 δὲ
1046 2802 1136 2866 παρ-

130 2872 229 2940 εόντα
252 2875 309 2940 καλ
327 2876 557 2964 μαχεσάμενον
577 2878 720 2967 στρατὸν
734 2877 939 2968 Πέρσησι,
919 2875 956 2957 ὸς
968 2906 1012 2968 ην
1027 2877 1136 2950 αὐτοῦ

129 2966 287 3057 ξεινικδς,
304 2971 413 3040 πάντα
429 2971 522 3092 ἀπεὶς
538 2981 745 3064 διεσκέδασε,
768 2973 899 3064 οὐδαμά
913 2983 1064 3065 ἐλπίσας,
1086 2980 1135 3067 μή

127 3094 204 3137 κοτε
219 3064 283 3155 ἀρα
294 3065 545 3159 ἀγωνισάμενος
555 3073 645 3142 οὕτω
659 3081 895 3164 παραπλησίως
903 3084 1018 3194 Κῦρος
1030 3078 1135 3168 ἐλάση

84 3183 119 3239 78
129 3169 181 3234 ἐπὶ
196 3165 332 3255 Σάρδις.
364 3176 476 3240 Ταῦτα
493 3175 717 3264 ἐπιλεγομένῳ
727 3171 911 3265 Κροίσῳ
876 3201 914 3242 το
930 3176 1134 3264 προάστειον

127 3274 195 3335 πάυ
217 3265 327 3354 ὀφίων
348 3272 548 3360 ένεπλησθη.
587 3276 764 3360 φανέντων
788 3270 889 3342 δέ’
848 3280 959 3341 αυτῶυ
982 3278 1050 3343 οί“
1034 3301 1131 3346 ιπποι

4 3449 5 3462 ἦ
126 3365 289 3451 μετιέντες
308 3364 368 3446 τάς
391 3367 496 3455 νομάς
519 3373 699 3458 νέμεσθαι,
722 3374 911 3458 φοιτέοντες
932 3372 1130 3460 κατήσθιον.

125 3460 232 3531 ίδόυτι
247 3465 284 3531 δέ
297 3471 396 3534 τοῦτο
411 3474 565 3560 Κροίσῳ,
581 3468 693 3552 ὥσπερ
711 3473 765 3538 καλ
779 3462 840 3556 ἦν,
864 3474 955 3551 ἔδοξε
968 3475 1064 3562 τέρας
1082 3473 1131 3544 εδ-
