2500 3925
342 236 429 295 Llss.
459 236 504 291 111.
537 236 637 294 ολε.
669 242 808 297 ιο-ιε.
1013 230 1076 299 21⁷

96 402 233 481 γοιτίων)
259 400 296 465 αί
315 396 379 482 μέν
399 402 468 464 τῶν
486 395 648 480 Περσέων
671 399 819 479 κεφαλαί
837 399 900 463 είσι
916 390 1077 475 άσθενέες

96 494 173 580 οὕτω,
188 492 290 579 ὥστε,
304 499 335 561 εἰ
349 494 475 572 ἐθέλεις
490 495 593 585 ρήφφ
610 492 722 583 μούνη
741 498 876 580 βαλεῖν,
902 496 1074 581 διατετρα-

94 595 170 679 νέεις,
191 597 229 659 αί
247 593 283 661 δέ
297 597 367 659 τῶν
380 596 575 676 Αἰγυπτίων
591 589 681 659 οὕτω
697 594 738 678 δή
760 617 791 658 τι
808 592 956 679 ἰσχυραὶ,
978 590 1075 679 μόγις

93 684 212 780 δνλίθφ
226 698 348 767 παίσας
360 689 576 776 διαρρήξειας.
600 700 709 759 αίτιον
722 694 759 759 δὲ
773 690 896 759 τούτου
911 692 986 760 τόδε
1003 697 1075 761 έλε-

90 815 146 877 γον,
166 794 223 858 καὶ
242 791 303 875 έμέ
318 786 352 875 γ’
378 785 539 867 εύπετέως
560 794 717 876 έπενθον,
739 787 790 857 ὅτι
810 792 991 877 Αίγύπτιοι
1011 792 1075 876 μέν

90 888 185 958 αὐτίκα
206 886 273 957 ἆπδ
296 892 440 956 παιδίων
454 884 636 972 ἀρξάμενοι
650 889 828 974 ξνρέονται
849 888 908 971 τάς
925 888 1074 977 κεφαλάς

89 986 218 1076 καὶπρὸς
227 985 289 1056 τόν
297 985 396 1075 ἥλιον
405 989 587 1073 παχύνεται
601 983 639 1056 τδ
658 983 784 1055 ὀστέον.
807 986 913 1057 τύυτδ
927 994 963 1059 δέ
974 998 1073 1059 τοῦτο

87 1092 195 1155 ναὶ-τοῦ
214 1083 259 1173 μὴ
276 1092 535 1172 φαλακροῦσθαι
553 1085 662 1153 αίτιόν
684 1086 768 1153 ἐστι·
797 1093 993 1173 Αἰγυπτίων
1007 1086 1073 1177 γάρ

87 1183 171 1263 ἅντις
186 1187 377 1269 ἐλαχίστους
391 1187 496 1249 ίδοιτο
507 1179 703 1269 φαλακρούς
716 1184 855 1253 πάντων
865 1184 1070 1275 άνθριόπων.

87 1285 213 1353 τούτοισι
228 1284 291 1368 μὲν
312 1280 354 1369 δὴ
374 1281 475 1350 τούτό
491 1284 560 1349 έστι
574 1291 683 1350 αίτιον
704 1282 842 1372 ἰσχυράς
863 1288 999 1374 φορέειν
1014 1282 1074 1365 τὰς

85 1380 231 1469 κεφαλάς,
254 1395 339 1449 τοῖσι
355 1382 392 1449 δὲ
405 1383 571 1467 Πέρσησι,
594 1378 646 1448 ὅτι
660 1377 825 1461 ἀσθενέας
839 1387 1000 1471 φορέουσι
1014 1381 1074 1463 τὰς

84 1479 229 1567 κεφαλάς,
249 1488 358 1547 αίτιου
380 1477 476 1547 τόδε·
498 1482 759 1565 σκιητροφέουσι
782 1482 815 1561 έξ
836 1479 938 1570 ἀρχῆς
954 1490 1073 1563 πίλους

83 1580 179 1665 κη’ρας
199 1580 389 1665 φορέοντες.
418 1582 522 1643 ταῦτα
537 1579 599 1662 μέν
619 1601 685 1643 νυν
702 1586 839 1647 τοιαῦτα
854 1577 953 1649 έόντα
969 1578 1069 1649 εἶδον.

82 1680 155 1748 εἶδον
168 1681 206 1747 δὲ
221 1680 277 1746 καὶ
291 1676 375 1746 άλλα
388 1674 488 1762 ὁμοῖα
503 1676 651 1745 τούτοισι
667 1679 705 1745 έν
719 1679 900 1767 Παπρήμι,
917 1688 986 1749 τῶν
1002 1678 1071 1766 ἅμα

79 1776 245 1864 Ἀχαιμένεϊ
269 1784 315 1868 τῷ
331 1782 482 1863 Δαρείου
502 1780 764 1864 διαφθαρέντων
784 1776 853 1848 ὑπὸ
872 1776 989 1866 Ἰνάρω
1010 1781 1072 1847 τοῦ

81 1884 197 1964 Λίβυος.
250 1881 295 1944 Οί
314 1876 350 1943 δέ
363 1874 543 1962 Αἰγύπτιοι
566 1878 602 1943 έκ
623 1883 681 1961 τῆς
694 1875 800 1962 μάχης
816 1874 861 1955 ὡς
876 1878 1070 1965 ἐτράποντο,
1094 1894 1127 1950 18

81 1981 212 2060 ἔφευγον
232 1970 348 2042 ούδενὶ
367 1974 492 2062 κόσμφ.
526 1979 794 2060 κατειληθέντων
818 1973 854 2042 δέ
876 1977 909 2054 ές
929 1977 1072 2062 Μέμφιν

80 2078 188 2156 ἔπεμπε
209 2068 275 2139 άνᾶ
297 2068 449 2158 ποταμόν
461 2072 648 2159 Καμβύσης
671 2079 730 2140 νέα
751 2079 987 2160 Μυτιληναίην
1010 2071 1071 2160 κη’-

80 2196 152 2255 ρυιια
171 2167 323 2256 άγονσαν
339 2167 447 2254 ἄνδρα
462 2172 615 2256 Πέρσην,
637 2171 670 2248 ές
687 2163 868 2257 ὁμολογίην
884 2171 1055 2258 προκαλεό

79 2293 163 2351 μενος
175 2274 389 2354 Αἰγυπτίους.
414 2272 448 2337 οί
458 2269 495 2337 δὲ
517 2268 625 2336 ἐπείτε
645 2265 707 2354 τὴν
729 2271 788 2336 νέα
804 2266 894 2336 εἶδον
907 2270 1059 2336 έσελθού

78 2389 133 2435 σαν
153 2371 184 2449 ές
205 2367 269 2455 τὴν
288 2369 448 2454 Μέμφιν,
466 2369 666 2452 ἐκχυθέντες
687 2364 781 2446 ἁλέες
802 2370 839 2436 έιι
862 2374 923 2435 τοῦ
947 2375 1070 2454 τείχεος

77 2476 130 2557 τήν
138 2495 172 2536 τε
181 2471 241 2536 νέα
251 2468 453 2554 διέφθειραν
463 2469 518 2536 καὶ
527 2464 607 2546 τούς
619 2465 745 2553 ἄνδρας
754 2465 984 2554 κρεουργηδὸν
996 2472 1070 2536 δια-

77 2567 248 2645 σπάσαντες
262 2564 406 2652 έφόρεον
417 2567 451 2643 ές
464 2563 501 2632 τό
513 2579 627 2651 τεῖχος.
651 2567 706 2633 καὶ
716 2566 896 2651 Αἰγύπτιοι
910 2567 972 2652 μέν
986 2562 1068 2651 μετά

78 2673 161 2733 τοῦτο
181 2665 460 2752 πολιορκεόμενοι
481 2664 593 2755 χρόνῳ
609 2665 837 2750 παρέστησαν,
857 2668 892 2732 οἱ
907 2665 943 2731 δέ
963 2683 1068 2750 προσ-

80 2767 151 2848 εχέες
164 2773 286 2853 Λίβυες
301 2767 469 2840 δείσαντες
489 2759 530 2830 τά
546 2763 621 2845 περὶ
637 2759 699 2847 τὴν
713 2771 887 2847 Λίγυιττον
906 2760 1069 2847 γεγονότα

80 2865 252 2948 ταρέδοσάν
273 2884 378 2949 σφεας
399 2858 524 2939 αύτούς
547 2858 704 2946 ἀμαχητὶ,
726 2863 782 2930 καὶ
803 2861 913 2948 φόρον
933 2886 968 2928 τε
993 2860 1069 2928 ἐτά-

81 2962 162 3037 ξαντο
173 2965 227 3030 καὶ
239 2966 331 3043 δῶρα
342 2965 500 3047 ἔπεμπον.
525 2957 569 3036 ὥς
580 2959 617 3026 δὲ
629 2965 816 3045 Κυρηναῖοι
830 2961 885 3026 καὶ
894 2967 1067 3041 Βαρκαῖοι,

81 3060 230 3140 δείσαντες
259 3055 382 3148 ὁμοίως
400 3060 457 3127 καὶ
475 3061 510 3125 οί
525 3063 667 3143 Λίβυες,
692 3057 788 3144 έτερα
808 3061 943 3124 τοιαῦτα
954 3056 1068 3137 έποίη·

80 3178 139 3228 σαν.
175 3160 360 3247 Καμβύσης
374 3160 411 3225 δέ
426 3153 467 3224 τά
481 3159 544 3243 μέν
557 3153 649 3243 παρά
663 3158 803 3245 Λιβύων
817 3153 961 3222 ἐλθόντα
977 3155 1068 3238 δῶρα

80 3258 278 3345 φιλοφρόνως
292 3259 441 3340 ἐδέξατο,
456 3252 496 3321 τὰ
512 3255 548 3322 δέ
562 3251 653 3340 παρά
666 3258 870 3338 Κυρηναίων
881 3247 1066 3337 άπικομενα

80 3360 245 3446 μεμφθεὶς,
264 3355 309 3436 ὡς
328 3359 402 3442 ἐμοὶ
422 3357 547 3441 δοκέει,
567 3353 620 3422 ότι
641 3345 685 3439 ἦν
701 3348 797 3436 ὀλίγα
818 3354 986 3437 (ἔπεμψαν
1001 3345 1068 3436 γὰρ

81 3455 111 3541 dr}
130 3464 343 3535 πεντακοσίας
357 3456 459 3542 μνέας
474 3453 640 3542 ἀργυρίου
656 3456 690 3518 οί
703 3454 923 3535 Κυρηναῖοι),
948 3451 1069 3528 ταύτας
