2500 3925
160 233 203 296 22
536 237 791 296 HERODOTI

159 395 200 482 δὴ
216 397 249 473 ές
263 395 385 481 λόγους
398 393 466 483 ήιε,
485 392 529 474 ὡς
542 394 805 481 Λακεδαιμόνιοι
818 398 973 484 λέγουσι,
988 403 1074 484 έχων
1086 399 1170 485 χόλ-

159 517 239 561 κεον
253 500 393 582 πίνακα,
409 497 446 562 ἐν
460 501 506 585 τῷ
519 500 580 581 γῆς
594 492 725 581 ἀπάσης
738 499 893 581 περίοδος
907 498 1100 584 ἐνετέτμητο
1111 502 1169 566 καὶ

158 591 316 659 θάλασσα’
330 617 365 659 τε
385 599 474 659 πᾶσα
489 596 544 659 καὶ
558 595 702 676 ποταμοὶ
717 591 850 671 πάντες.
871 589 1116 680 ἀπικνεόμενος
1130 591 1169 662 δὲ

158 689 192 766 ές
206 685 327 773 λόγους
342 686 360 757 ὁ
375 687 610 778 Ἀρισταγόρης
623 695 717 775 ἔλεγε
728 687 813 777 πρὸς
826 688 931 758 αὐτόν
941 691 1037 760 τόδε·
1057 691 1169 760 Κλεό-

159 813 274 873 μενες,
289 787 443 877 σπουδήν
454 793 516 876 μὲν
528 786 590 876 τήν
601 785 686 875 ἐμήν
696 786 913 878 μήδωμάσης
935 794 995 877 τής
1017 792 1169 859 ἐνθαῦτα

158 883 302 966 ἀπίξιος·
321 884 362 954 τά
378 885 443 974 γάρ
454 888 642 976 κατήκοντό
652 891 721 958 ἐστι
734 895 890 956 τοιαῦτα·
907 887 1031 958 Ἰύνων
1044 895 1168 967 παῖδας

161 984 307 1065 δούλους
321 985 406 1056 εἶναι
421 983 495 1054 ἀντ’
519 989 710 1074 ἐλευθέρων
730 983 862 1067 ὄνειδος
884 989 940 1056 καὶ
954 985 1056 1074 ἀλγος
1072 991 1169 1074 μέγι-

112 1157 113 1160 ,
160 1106 240 1153 στου
262 1085 325 1171 μὲν
345 1084 475 1155 αύτοίσι
494 1085 592 1175 ἡμῖν,
615 1093 664 1155 ότι
684 1089 722 1155 δὲ
741 1094 810 1156 τῶν
831 1094 960 1157 λοιπῶν
976 1085 1076 1176 ὑμίν,
1097 1084 1168 1177 ὅσςο

158 1191 339 1272 προέστατε
358 1195 414 1275 τῆς
424 1185 589 1267 Ἑλλάδος.
611 1195 680 1255 νῦν
697 1181 747 1255 ὦν
761 1183 847 1275 πρός
859 1194 955 1255 θεῶν
968 1194 1037 1255 τῶν
1046 1185 1165 1272 Ἐλλη-

40 1331 42 1338 -
157 1293 242 1352 νίων
255 1285 531 1373 ῥύσασδεἽωνας
545 1291 581 1355 ἐκ
596 1285 817 1373 δουλοσύνης,
831 1283 958 1373 ἀνδρας
971 1283 1166 1373 ὁμαίμονας.

159 1381 321 1465 εὐπετέως
337 1388 373 1454 δὲ
389 1384 470 1474 ὑμῖν
490 1393 594 1456 ταῦτα
615 1381 670 1454 οἷά
684 1385 723 1453 τέ
739 1385 878 1471 χωρέειν
894 1387 978 1453 ἐστί·
1001 1383 1079 1453 ούτε
1098 1381 1166 1470 γάρ

158 1487 193 1552 οί
202 1484 367 1573 βάρβαροι
385 1484 522 1574 ἀλκιμοί
533 1493 613 1572 είσι,
636 1483 731 1571 ὑμεῖς
741 1510 778 1551 τε
786 1480 828 1551 τά
842 1485 875 1562 ές
889 1483 951 1551 τόν
964 1483 1114 1569 πόλεμον
1130 1483 1165 1560 ές

157 1584 197 1653 τά
215 1589 352 1672 μέγιστα
369 1587 508 1676 ἀνήκετε
527 1586 647 1676 ἀρετῆς
663 1588 748 1675 πέρι.
777 1584 850 1673 ἥτε
864 1587 952 1674 μα’χη
969 1583 1082 1654 αὐτόν
1096 1587 1165 1653 έστὶ

156 1687 284 1772 τοιήδε,
305 1688 385 1768 τόξα
405 1692 461 1756 καί
480 1687 578 1775 αίχμή
598 1690 732 1778 βραχέα.
761 1684 963 1775 ἀναξυρίδας
979 1689 1016 1754 δὲ
1032 1693 1164 1772 ἔχοντες

157 1789 310 1870 ἔρχονται
327 1789 361 1865 ἐς
374 1784 433 1866 τάς
446 1788 552 1873 μύχας
566 1791 621 1856 καί
632 1792 816 1875 κυρβασίας
827 1787 880 1854 έπὶ
893 1793 969 1875 τῇσι
983 1795 1165 1877 κεφαλῇσι·

158 1884 247 1954 οὕτω
263 1882 413 1966 εὐπετέες
426 1892 634 1975 χειρωθῆναι
648 1891 719 1954 είσί.
743 1890 812 1953 έστι
827 1883 863 1952 δὲ
878 1888 934 1954 καί
949 1884 1064 1972 ἀγαδά
1078 1900 1165 1954 τοῖσι

157 1983 219 2071 τήν
240 1984 381 2072 ἤπειρον
402 1988 535 2073 έκείνηυ
555 1988 769 2073 νεμομένοισι
789 1984 853 2052 ὅσα
873 1982 954 2053 ούδέ
976 2000 1061 2054 τοῖσι
1075 1972 1163 2053 ’συν-

156 2084 261 2153 ἀπασι
280 2081 427 2169 ἀλλοισι,
449 2082 516 2152 ἀπὸ
536 2091 667 2173 χρυσοῦ
685 2082 916 2173 ἀρξαμένοισι,
941 2082 1089 2172 ἀργυρος
1109 2088 1166 2153 καὶ

155 2180 276 2269 χαλκὸς
296 2186 350 2249 καὶ
370 2180 473 2269 έσδής
494 2190 630 2269 ποικίλη
651 2184 707 2251 καὶ
722 2180 887 2269 ὑποζύγιά
907 2210 943 2250 τε
962 2186 1017 2251 καί
1036 2182 1166 2268 ἀνδρό-

157 2288 245 2351 ποδα
259 2279 299 2349 τά
314 2289 416 2373 θυμῷ
430 2282 635 2371 βουλόμενοι
648 2280 742 2351 αὐτοὶ
757 2278 801 2350 ἀν
815 2288 928 2368 ἔχοιτε.
954 2286 1166 2351 κατοικέαται

158 2386 194 2453 δὲ
208 2381 363 2469 ἀλλήλων
379 2380 591 2469 έχόμενοιός
605 2381 671 2470 έγώ
688 2382 816 2470 φράσω.
849 2380 971 2451 Ἰύνων
985 2383 1048 2468 μὲν
1058 2388 1166 2450 τῶνδε

159 2486 228 2550 οἵδε
243 2482 365 2567 Λυδοὶ,
388 2484 553 2561 οίκέοντές
567 2508 603 2549 τε
618 2481 733 2569 χιόρην
747 2472 883 2567 ἀγαθήν
897 2483 951 2548 καί
968 2489 1166 2570 πολυαργυ-

159 2580 300 2667 ρώτατοι
315 2580 426 2659 ἐόντες
466 2578 616 2665 (δεικνύς
630 2579 667 2648 δὲ
681 2585 773 2667 ἔλεγε
787 2586 892 2646 ταῦτα
908 2582 942 2659 ές
955 2587 1013 2667 τῆς
1027 2587 1088 2669 γῆς
1101 2580 1166 2669 τήν

157 2684 332 2767 περίοδον,
350 2675 414 2766 τήν
427 2682 563 2767 ἐφέρετο
578 2682 616 2773 έν
629 2686 677 2769 τῷ
687 2684 801 2747 πίνακι
816 2679 1083 2766 ἐντετμημένην),
1092 2688 1166 2748 Λυ-

158 2787 228 2849 δῶν
242 2780 288 2865 δὲ,
305 2784 370 2865 ἔφη
384 2783 493 2865 λέγων
507 2777 525 2848 ὁ
540 2777 786 2865 Ἀρισταγόρης,
801 2780 873 2846 οἵδε
887 2783 1017 2863 ἔχονται
1031 2777 1166 2864 Φρύγες

157 2885 192 2948 οί
203 2875 288 2965 πρὸς
301 2874 363 2963 τήν
382 2874 447 2963 ήῶ,
470 2877 811 2964 πολυπροβατώτατοί
826 2901 863 2942 τε
877 2875 988 2954 ἐόντες
1002 2872 1165 2944 ἀπόντων

158 2984 226 3045 τῶν
240 2972 306 3061 έγο)
319 2972 393 3041 οἶδα
407 2978 462 3042 καί
477 2975 777 3063 πολυκαρπότατοι.
819 2980 967 3059 Φρυγῶν
981 2976 1018 3043 δὲ
1033 2981 1164 3063 ἔχονται

155 3073 397 3160 Καππαδόκαι,
419 3072 499 3151 τούς
519 3072 613 3160 ἡμεῖς
634 3079 784 3155 Συρίους
805 3075 985 3157 καλέομεν·
1014 3074 1161 3141 τούτοισι

157 3176 192 3241 δὲ
208 3172 395 3258 πρόσουροι
409 3174 560 3259 Κίλικες,
582 3171 782 3259 κατήκοντες
794 3171 846 3238 ἐπὶ
859 3170 1038 3237 θάλασσαν
1050 3171 1163 3257 τήνδε,

157 3273 194 3337 έν
207 3277 248 3357 τῇ
264 3268 324 3356 ήδε
336 3268 475 3365 Κύπρος
485 3276 588 3357 νῆσος
602 3275 719 3339 κεέταν
751 3276 786 3336 οἳ
798 3268 1003 3337 πεντακόσια
1016 3270 1165 3337 τάλαντα

156 3366 356 3455 βασιλέιτόν
367 3370 501 3437 έπίτεον
512 3364 840 3456 φόρονέπιτελέουσι.
852 3372 997 3435 Κιλίκων
1009 3367 1045 3434 δὲ
1056 3372 1165 3435 τῶνδε

157 3469 287 3548 ἔχονται
301 3462 467 3552 Ἀρμένιοι
484 3468 571 3554 οἵδε,
592 3467 647 3535 καί
662 3458 755 3533 οὗτοι
769 3464 881 3545 έόντες
899 3466 1165 3554 πολυπρόβατοι,
