2500 3925
165 253 227 318 108
370 280 377 288 ·
451 225 455 230 ’
536 252 791 312 νεοοοοτι

162 422 383 503 κατοικῆσθαι
404 416 541 500 λέγουσι
562 419 662 501 ἰχθῦς
677 409 790 499 ὠμούς
803 415 1034 499 σιτεομένους,
1052 413 1167 498 ἐσθῆτι

161 517 199 585 δλ
213 520 407 601 νομίζοντας
426 519 574 601 χρᾶσθαι
594 515 737 600 φακέαν
759 511 906 598 δέρμασι.
940 508 977 580 τό
993 512 1029 580 δέ
1047 513 1085 577 ἓν
1099 516 1169 578 τῶν

161 614 337 704 στομάτων
349 621 412 683 τοῦ
422 612 566 699 Ἀράξεω
576 614 645 701 ῥέει
657 609 712 680 διά
723 617 880 696 καθαροῦ
891 613 925 690 ές
938 608 1001 698 τὴν
1012 616 1169 696 Κασπίην

160 714 346 786 θάλασσαν.
372 711 450 805 ἡδδ
462 720 598 799 Κασπίη
613 710 770 782 θάλασσά
790 713 859 779 ἐστι
882 707 934 778 ἐπ’
959 714 1100 798 ἑωυτῆς,
1126 708 1169 778 ού

162 821 395 902 συμμίσγουσα
414 819 455 902 τῇ
476 813 571 901 έτέρη
584 810 750 898 θαλάσσῃ.
783 806 846 896 την
860 809 922 896 μὲν
937 807 1170 898 γάρἝλληνες

160 905 1167 997 ναντίλλονταιπῦσαυ,καλὴἒξωστηλέυνθάλασσαὴἈτλαν-

93 1028 145 1082 τοδ
159 1018 207 1093 τίς
226 1014 409 1098 καλεομένη
433 1013 489 1079 καί
509 1007 530 1098 ἡ
553 1006 699 1096 Ἐρυθρὴ
720 1014 779 1095 μία
799 1007 957 1095 τυγχάνει
971 1013 1081 1078 ἐοῦσα.
1128 1007 1171 1078 Ἡ

161 1115 199 1181 δέ
209 1117 342 1199 Κασπίη
354 1114 421 1180 έστλ
431 1114 523 1199 έτέρη
536 1107 620 1179 ἐπ’
602 1116 743 1196 εαυτῆς,
759 1111 917 1178 ἐοῦσα
872 1136 976 1195 μηκος
986 1109 1049 1196 μέν
1058 1109 1169 1179 πλόου

162 1219 286 1334 είρεσίη
299 1213 468 1304 χρεομέυφ
489 1215 728 1280 πεντεκαίδεκα
741 1206 911 1326 ἡμερέων,
934 1202 1034 1297 εὖρος
1050 1210 1087 1278 δὲ
1094 1220 1169 1304 τῇ

161 1309 325 1399 εὐρυτάτη
341 1309 465 1381 ἐστί’
423 1338 507 1399 αυτη
495 1303 703 1396 ἕωυτῆς,’
685 1332 773 1376 οκτω
762 1303 948 1394 ἡμερέων.
976 1311 1032 1377 καὶ
1048 1335 1089 1378 τα
1077 1306 1169 1395 μὲν

160 1433 244 1492 προς
257 1405 319 1496 τὴν
335 1411 478 1498 ἑσπέρην
489 1412 688 1497 φέροντα
647 1431 706 1493 της
719 1405 894 1492 θαλάσσης
907 1405 1029 1495 ταύτης
1040 1434 1058 1477 ο
1046 1406 1168 1476 Καύ-

160 1528 263 1587 κασος
276 1516 483 1604 παρατείνει,
501 1508 568 1579 ἐάν
584 1505 715 1593 οὐρέων
730 1508 786 1575 καί
800 1505 926 1593 πλήθεϊ
940 1508 1096 1596 μέγιστον
1112 1511 1168 1578 κοιλ

161 1607 305 1695 μεγάθεϊ
322 1606 543 1696 ὑψηλότατον.
582 1613 687 1676 ἔθνεα
704 1605 740 1674 δὲ
762 1600 959 1693 άυθροέποιυ
981 1605 1089 1676 πολλά
1110 1611 1167 1676 καὶ

160 1719 302 1774 παντοία
323 1710 399 1775 έν“
382 1733 493 1799 εωυτφ
479 1703 611 1794 ’έχει’
596 1731 615 1773 ο
637 1704 833 1790 Καύκασος,
860 1701 901 1772 τά
926 1704 1033 1776 πολλά
1055 1706 1167 1792 πάντα

161 1803 220 1875 ἄπ’
242 1805 326 1895 ῦλης
348 1804 466 1896 άγρίης
487 1808 622 1891 ξάοντα.
654 1809 691 1874 ἐν
713 1817 799 1874 τοῖσι
813 1807 869 1874 καὶ
892 1810 1031 1896 δένδρεα
1052 1809 1167 1896 φύλλα

160 1911 293 1995 τοιῆσδε
306 1910 396 1995 ίδέης
406 1908 617 1998 παρεχόμενα
629 1904 713 1975 εἶναι
728 1905 875 1993 λέγεται,
892 1903 933 1974 τὰ
943 1906 1117 1996 τρίβοντάς
1130 1932 1167 1976 τε

160 2009 216 2074 καὶ
239 2014 509 2095 παραμίσγοντας
532 2007 626 2094 ὕδωρ
648 2012 712 2096 ζῷα
734 2009 887 2073 ἑωυτοῖσι
908 2009 941 2085 ές
956 2004 1019 2094 τὴν
1039 2009 1167 2096 ἐσθῆτα

160 2104 359 2191 ἐγγράφειν·
376 2104 417 2174 τά
429 2110 465 2175 δέ
477 2111 542 2198 ζῷα
556 2103 620 2175 οῦκ
639 2103 883 2191 ἐκπλύνεσθαι,
899 2102 984 2175 άλλά
995 2129 1165 2195 συγκατα·

158 2205 386 2296 γηράσκειν
355 2211 402 2273 τῦ
420 2205 509 2298 άλλφ
525 2212 616 2297 είρίφ
632 2204 779 2293 κατάπερ
800 2208 1035 2290 ἐνυφανθέντα
1047 2204 1163 2295 ἀρχήν.

159 2308 248 2391 μίξιν
272 2328 309 2371 τε
335 2305 465 2373 τούτων
489 2311 558 2373 νῦν
586 2275 781 2391 άυθρύπαν
803 2302 888 2373 εἶναι
909 2308 1058 2393 ἐμφανέα
1078 2302 1165 2375 κατά

159 2426 222 2489 περ
237 2416 322 2471 τοῖσι
336 2402 543 2491 προβάτοισι.

92 2522 143 2575 τοι
248 2499 296 2569 Τά
310 2503 374 2588 μὲν
389 2500 430 2589 δη
445 2500 530 2590 πρὸς
545 2504 689 2589 ἑσπέρην
708 2507 766 2587 τῆς
780 2474 954 2590 θαλάσσης
972 2503 1092 2590 ταύτης
1105 2530 1166 2623 της

158 2605 311 2688 Κασπίης
331 2599 569 2689 καλεομένης“
554 2627 572 2670 ο
588 2597 803 2679 Καυκασος
783 2602 936 2688 απέργει,
961 2600 1001 2670 τά
1026 2606 1062 2670 δέ
1078 2600 1167 2688 πρὸς

158 2699 208 2788 ἠῶ
226 2726 262 2769 τε
282 2700 338 2768 καὶ
353 2698 451 2784 ἥλιον
465 2698 689 2769 ἀνατέλλοντα
710 2684 826 2767 πεδίου
846 2699 1011 2767 ἐκδέκεται
1033 2706 1168 2784 πληθος

162 2800 300 2891 ἄπειρον
314 2802 348 2881 ές
360 2799 495 2883 άποψιν.
530 2797 651 2869 τούτου
666 2788 714 2867 ύν
726 2802 787 2867 τοῦ
800 2802 920 2868 πεδίον
939 2804 1001 2869 τοῦ
1014 2798 1166 2887 μεγάλου
1248 2786 1249 2852 3

159 2901 224 2973 οῦκ
237 2906 412 2989 ἐλαχίστην
426 2912 550 2988 μοίραν
560 2899 733 2985 μετέχουσι
746 2900 781 2968 oc
785 2900 1015 2987 Μασσαγέται,
1036 2896 1091 2969 ἐπ’
1103 2897 1168 2981 ούς

161 3031 179 3072 ο
168 3001 310 3092 Κῦρος
329 3007 404 3088 ἔσχε
421 3003 616 3085 προθυμίην
629 2997 909 3085 στρατεύσασθαι·
927 2999 1036 3069 πολλά
1048 3028 1084 3069 τε
1098 2999 1168 3090 γάρ

159 3124 219 3183 μιν
230 3098 285 3165 καὶ
295 3096 424 3184 μεγάλα
433 3124 475 3165 τα
462 3095 682 3185 ἐπαείροντα
694 3100 749 3165 καὶ
759 3094 1023 3184 ἐποτρύνοντα
1000 3130 1054 3188 ην,
1072 3112 1170 3192 πρῶ-

159 3222 220 3263 του
236 3191 332 3283 μέν’
315 3223 336 3283 η
351 3192 546 3283 γένεσις,
511 3222 548 3264 το
566 3197 695 3265 δοκέειν
706 3195 809 3265 πλέον
819 3223 852 3265 τι
867 3197 985 3268 εἶναι’
967 3202 1169 3293 ανθρώπου,
1247 3228 1248 3281 η

118 3375 120 3378 ,
160 3294 308 3380 δεύτερα
315 3291 386 3363 δέ
368 3322 389 3382 η
410 3291 579 3381 εῦτνχίηὴ
600 3292 684 3363 κατά
699 3290 778 3373 τούς
799 3299 965 3384 πολέμους
983 3302 1170 3426 γενομένη
1247 3282 1248 3310 ¹

159 3392 223 3483 ὅκη
250 3390 322 3480 γάρ
345 3394 479 3464 ἰθύσειε
505 3393 749 3484 στρατεύεσθαι
769 3394 943 3485 Κῦρος,’
924 3398 1098 3490 αμήχανον
1123 3431 1173 3492 ην

89 3512 141 3563 τοὸ
156 3497 264 3561 έκεῖνο
276 3518 313 3559 το
302 3489 431 3571 ἔθνος
445 3498 638 3582 διαφυγεῖν.
692 3488 754 3563 Ην
766 3498 802 3565 δέ
815 3522 878 3564 του
862 3494 1016 3588 άνδρός
1031 3497 1172 3571 άποθα
