2500 3925
156 209 221 275 282
533 205 786 267 nunonem

157 376 206 464 λβ
225 367 258 439 δ’
281 376 330 440 δτι
352 374 496 449 πλεῦνες
514 368 589 447 νέες
608 393 645 435 τε
665 365 937 455 τῶνβαρβάρων
957 374 1014 437 καλ
1035 368 1173 455 ἀνδρες.

158 467 258 538 Ούτω
275 470 311 537 δέ
325 465 566 556 ἀγωνιζόμενοι
581 467 759 554 διέστησαν
771 467 871 553 χωρὶς
888 466 1049 553 ἑκάτεροι.

110 581 141 638 17
239 564 295 636 Ἐν
314 566 420 656 ταύτῃ
439 573 480 656 τῇ
496 570 664 655 ναυμαχίη
677 565 857 653 Αἰγύπτιοι
875 565 939 653 μὲν
951 573 1023 635 τῶν
1037 568 1175 651 Ξέρξεω

157 667 386 750 στρατιωτέων
401 662 620 753 ἠρίστευσαν,
638 670 674 734 οδ
687 661 771 733 ἀλλα
786 690 821 732 τε
835 671 918 751 ἔργα
934 666 1067 753 μεγάλα
1079 662 1174 731 ἀττε-

156 766 292 845 δίξαντο
304 766 360 832 καὶ
370 761 588 843 νέαςαύτοίσι
597 760 743 849 ἀνδράσι
752 760 842 833 εἷλον
851 762 1044 851 Ἑλληνίδας
1055 766 1173 833 πέντε,

155 868 224 930 τάν
241 862 279 931 δέ
294 860 465 951 Ἑλλήνων
477 860 562 933 κατά
583 862 711 951 ταύτην
731 861 794 951 τὴν
813 862 941 951 ἡμέρην
963 861 1173 951 ἠριστευσαν

153 960 337 1051 Ἀθηναῖοι,
348 965 404 1031 καί
415 960 607 1052 Ἀθηναίων
616 969 773 1050 Κλεινίης
784 961 802 1031 ὁ
814 960 1042 1051 Ἀλκιβιάδεω,
1056 959 1096 1042 δς
1106 966 1171 1029 δα-

155 1063 269 1147 πάνην
281 1066 412 1148 οἰκηίην
421 1062 649 1149 παρεχόμενος
661 1060 873 1148 ἐστρατεύετο
888 1059 1031 1146 ἀνδράσι
1042 1087 1081 1130 τε
1091 1066 1168 1149 διη-

155 1167 299 1231 κοσίοισι
313 1160 368 1230 καί
382 1167 493 1250 οίκηίη
505 1168 571 1248 νηί.

109 1283 141 1337 ις
235 1257 294 1340 Ὡς
308 1264 345 1329 δὲ
361 1263 541 1348 διέστησαν
553 1259 694 1348 ἀσμενοι
710 1259 876 1348 ἑκάτεροι,
895 1261 931 1339 ές
944 1257 1053 1347 ὅρμον
1070 1257 1167 1347 ἠπεί·

155 1382 266 1445 γοντο.
289 1363 324 1427 οί
337 1356 538 1446 δέἝλληνες
553 1356 598 1439 ὡς
610 1361 842 1447 διακριθέντες
858 1361 895 1427 έκ
909 1365 967 1447 τῆς
978 1366 1170 1447 ναυμαχίης

155 1456 436 1547 ἀπηλλάχθησαν,
450 1467 521 1529 τάν
535 1462 598 1549 μέν
609 1465 744 1547 νεκράν
754 1461 809 1527 καί
818 1465 887 1527 τόν
897 1465 1073 1546 ναυηγίων
1088 1462 1169 1529 έπε-

154 1557 315 1644 κράτεον,
329 1560 473 1645 τρηχέως
488 1561 524 1627 δὲ
534 1558 775 1645 περιεφθέντες
788 1559 844 1625 καὶ
853 1553 918 1625 οάα
932 1554 1051 1645 ἥκιστα
1062 1556 1169 1645 Ἀθη-

155 1670 261 1742 ναίοι,
275 1663 345 1725 τόν
358 1650 400 1726 αί
407 1654 542 1746 ἡμίσεαι
559 1660 627 1724 τόν
643 1662 732 1725 νεόν
745 1659 948 1744 τετρωμέναι
960 1649 1065 1743 ἦσαν,
1082 1660 1164 1744 δρη-

108 1775 140 1830 19
155 1753 241 1843 σμόν
255 1753 297 1843 δὴ
308 1756 531 1845 ἐβουλεύοντο
543 1761 609 1825 έσω
620 1757 654 1834 ές
664 1752 885 1841 τὴνἙλλάδα.
905 1755 988 1847 Νόιμ
999 1758 1036 1824 δέ
1047 1753 1167 1843 λαβάν

154 1851 172 1921 ὁ
188 1856 447 1943 Θεμιστοκλέης,
465 1851 510 1935 ὡς
525 1861 556 1925 τί
564 1852 770 1943 ἀπορραγείη
782 1850 847 1924 ἀπό
862 1861 924 1923 τοῦ
934 1854 1114 1943 βαρβάρου
1127 1853 1164 1923 τά

152 1980 189 2022 τε
203 1950 355 2023 Ἰωνικόν
371 1962 484 2042 φῦλον
497 1958 554 2026 καί
574 1952 612 2026 τό
627 1951 797 2042 Καρικόν,
822 1948 890 2023 οίοί
905 1980 942 2023 τε
957 1965 1075 2043 είησαν
1094 1964 1166 2025 τῶν

153 2060 283 2122 λοιπῶν
293 2053 486 2139 κατύπερθε
498 2056 675 2142 γενέσθαι,
692 2052 906 2124 ἐλαυνόντων
920 2059 990 2121 τάν
1000 2051 1166 2142 Εὐβοέων

153 2153 304 2242 πρόβατα
318 2156 373 2224 έπί
387 2153 450 2242 τὴν
464 2156 660 2243 θάλασσαν,
674 2155 779 2245 ταύτῃ
792 2157 952 2236 συλλέξας
966 2153 1044 2235 τούς
1060 2176 1165 2244 στρα-

153 2250 276 2341 τηγούς
287 2256 385 2340 έλεγέ
396 2274 474 2341 σφι,
489 2252 535 2334 ὥς
550 2258 662 2325 δοκέοι
674 2260 761 2342 ἔχειν
774 2253 851 2324 τινά
867 2254 1035 2341 παλάμην,
1050 2261 1091 2343 τῇ
1107 2257 1164 2324 έλ·

151 2357 239 2432 πίξοι
249 2356 318 2418 τάν
327 2354 481 2439 βασιλέος
491 2351 676 2440 συμμάχων
690 2351 891 2440 ἀποστήσειν
902 2350 981 2432 τούς
992 2349 1161 2438 ἀρίστους.
1233 2372 1237 2381 ·

151 2457 257 2518 ταῦτα
271 2450 334 2535 μέν
344 2475 412 2518 νυν
423 2451 456 2530 ές
466 2458 608 2520 τοσοῦτο
619 2453 855 2540 παρεγύμνου,
871 2453 923 2522 έπί
934 2450 971 2519 δέ
982 2463 1067 2520 τοίσι
1081 2477 1164 2519 κατ·
1180 2441 1189 2458 “

150 2550 272 2636 η’κουσι
289 2548 558 2637 πρήγμασιτάδε
574 2555 712 2639 ποιητέα
729 2551 818 2621 εἷναί
829 2571 890 2639 σφι
907 2556 1015 2636 ἔλεγε·
1042 2555 1112 2617 τῶν
1126 2574 1163 2616 τε

150 2647 331 2738 προβάτων
341 2656 409 2718 τάν
416 2646 595 2738 Βλύβοίκάν
602 2647 667 2719 όσα
676 2676 726 2729 τις
732 2653 844 2718 ἐθέλοι
853 2646 1040 2718 καταδύειν
1050 2649 1158 2735 ’κρέσ-

150 2768 213 2817 σον
224 2746 290 2835 γάρ
302 2745 388 2816 εἶναι
397 2744 460 2833 τὴν
471 2745 631 2835 στρατιὴν
640 2745 758 2837 ἔχεινῆ
769 2746 848 2828 τούς
858 2753 1062 2834 πολεμίους’,
1072 2771 1161 2834 παρ-

150 2851 243 2915 αίνεέ
250 2873 287 2914 τε
297 2859 471 2932 προειπεῖν
481 2859 567 2915 τοκι
574 2849 709 2918 έωυττόν
716 2849 876 2926 ἑκάστους
886 2852 955 2935 πῦρ
967 2843 1159 2914 ἀνακαίειν·

149 2950 289 3032 κομιδῆς
306 2945 343 3010 δὲ
357 2946 435 3028 πέρι
447 2940 511 3028 τὴν
525 2942 619 3029 όόρην
639 2943 730 3037 αύτῷ
746 2946 904 3034 μελήσειν
924 2942 1009 3013 όέστε
1024 2941 1160 3022 ἀσινέας

148 3040 332 3111 ἀπικέσθαι
348 3041 382 3118 ές
397 3036 460 3126 τὴν
475 3038 626 3110 Ἑλλάδα.
650 3051 754 3112 ταῦτα
770 3039 870 3133 ἤρεσέ
882 3066 944 3132 σφι
959 3046 1088 3114 ποιέειν
1103 3045 1159 3110 καί

147 3139 266 3209 αὐτίκα
280 3145 349 3224 πῦρ
361 3136 635 3227 ἀνακαυσάμενοι
650 3145 832 3230 ἐτράποντο
843 3142 928 3229 πρός
938 3143 979 3214 τά
994 3143 1157 3234 πρόβατα.

100 3255 134 3305 20
150 3243 194 3307 οί
207 3235 274 3324 γάρ
286 3233 434 3324 Εύβοέες
448 3241 746 3328 παραχρησάμενοι
767 3241 828 3311 τὸν
845 3243 988 3322 Βάκιδος
1009 3237 1159 3330 χρησμόν

147 3334 192 3413 ὡς
202 3331 304 3403 οὐδὲν
314 3339 472 3425 λέγοντα,
485 3337 565 3407 οὕτε
575 3366 608 3409 τι
618 3344 849 3430 ἐξεκομίσαντο
864 3339 966 3410 οὐδέν
978 3341 1056 3412 οὕτε
1072 3367 1155 3430 προ-

146 3435 305 3514 εσάξαντο
329 3433 373 3514 ὡς
393 3443 625 3524 παρεσομένου
646 3461 707 3528 σφι
727 3445 893 3524 πολέμου,
920 3445 1098 3528 περιπετέα
1120 3470 1153 3512 τε
