2500 3925
163 204 205 269 84
301 189 305 196 ’
549 207 785 264 mnenon

165 376 231 464 γάρ
239 372 397 467 όποθάνη
406 375 562 463 βασιλεῦς
573 382 858 464 Λακεδαιμονίων,
873 381 910 446 ἐκ
918 376 1093 480 πάσηςβεί
1101 388 1183 449 Λα·

167 483 375 567 κεδαίμονος,
388 479 489 567 χωρὶς
500 480 749 565 Σπαρτιητέων,
762 473 895 571 ἀριθμῷ
913 483 983 548 τόν
996 485 1185 566 περιοίκων

167 573 397 665 ἀναγκαστοὺς
408 578 485 658 έςτό
499 583 600 666 κῆδος
611 579 711 647 ίέναι·
724 577 855 647 τοότων
864 572 914 648 οἷν
921 580 979 648 καί
990 607 1060 647 ταν
1073 583 1183 647 είλω-

165 675 431 749 τέωνκαλαότοῖν
438 681 675 767 Σπαρτιητέων
682 677 782 748 ἐπεάν
789 681 1015 767 συλλεχθέωσι
1023 682 1056 758 ές
1063 676 1181 749 τώυτό

166 779 288 849 πολλαὶ
303 779 458 867 χιλιάδες,
477 779 625 868 σύμμιγα
642 785 718 869 τῇσι
733 780 866 866 γυναιξὶ
882 779 1066 849 κόπτονταί
1078 806 1118 847 τε
1134 778 1182 847 τά

164 880 299 967 μέτωπα
309 880 492 968 προθύμως
499 882 554 950 καὶ
562 886 692 969 οἰμωγῇ
702 882 907 969 διαχρέονται
914 878 1056 972 ἀπλέτῳ,
1065 880 1184 967 φάμε-

163 1007 218 1048 νοι
233 979 294 1046 τόν
307 979 455 1048 ὕστατον
467 983 530 1048 αίεὶ
546 976 799 1064 ἀπογενόμενον
812 986 881 1046 τῶν
894 983 1076 1067 βασιλέοιν,
1090 989 1181 1049 τοῦ·

163 1106 224 1148 τον
237 1077 278 1165 δὴ
294 1080 453 1164 γενέσθαι
467 1077 613 1161 άριστον.
638 1074 675 1156 ὃς
689 1073 721 1144 δ’
738 1074 783 1144 ἂν
796 1079 834 1145 έν
847 1081 981 1170 πολέμῳ
991 1086 1060 1148 τῶν
1073 1086 1181 1167 βασι-

163 1184 251 1248 λέων
265 1177 439 1267 άποθάνη,
453 1180 561 1270 τούτῳ
576 1181 613 1247 δὲ
628 1183 769 1248 εἴδωλον
784 1178 1008 1260 σκευάσαντες
1022 1184 1060 1250 έν
1073 1190 1180 1270 κλίνη

164 1273 204 1348 εὖ
220 1281 410 1369 ἐστρωμένῃ
424 1281 613 1368 ἐκφέρουσι.
637 1278 741 1348 ἐπεάν
756 1281 793 1348 δὲ
806 1280 955 1365 θάψωσι,
970 1279 1077 1367 ἀγορὴ
1093 1287 1179 1350 δέκα

163 1377 314 1466 ἡμερέων
325 1377 388 1448 οὐκ
402 1383 535 1450 ἵσταταί
541 1399 613 1467 σφι,
632 1377 707 1448 οὐδ’
725 1377 918 1464 ἀρχαιρεσίη
928 1385 1070 1461 συνίζει,
1086 1377 1177 1447 άλλά

115 1504 149 1559 59
164 1484 348 1550 πενθέουσι
358 1481 480 1561 ταύτας
489 1480 548 1560 τάς
559 1479 692 1568 ἡμέρας.
706 1482 944 1564 Συμφέρονται
955 1476 992 1545 δὲ
1002 1477 1084 1546 άλλο
1095 1477 1178 1545 τόδε

107 1649 110 1654 .
162 1596 247 1651 τοῖσι
261 1583 425 1669 Πέρσησι·
453 1579 556 1648 ἐπεάν
572 1578 808 1656 ἀποθανόντος
827 1582 889 1644 τοῦ
905 1579 1058 1662 βασιλέος
1072 1573 1177 1654 ἄλλος

163 1681 329 1764 ἐνίστηται
351 1681 525 1766 βασιλειίς,
550 1671 649 1756 οὗτος
668 1674 687 1744 ὁ
712 1672 813 1743 ἐσιών
832 1677 1012 1759 ἐλευθεροῖ
1028 1673 1121 1752 ὅστις
1140 1700 1177 1741 τι

161 1778 401 1861 Σπαρτιητέων
415 1783 461 1867 τῷ
475 1771 640 1862 βασιλέίῆ
653 1782 700 1866 τῷ
715 1778 862 1862 δημοσίω
877 1769 1009 1856 άφειλε.
1032 1774 1071 1839 έν
1081 1770 1113 1839 δ’
1127 1766 1175 1840 αὖ

161 1871 309 1965 Πέρσησι
327 1870 345 1942 ὁ
367 1874 604 1960 κατιστάμενος
622 1870 780 1961 βασιλευς
799 1868 860 1938 τόν
880 1871 1175 1957 προοφειλόμενον

112 2001 147 2054 ςρ
162 1974 273 2060 φόρον
288 1981 391 2060 μετίει
406 1982 479 2064 τῇσι
500 1976 613 2045 πόλισι
630 1976 766 2063 πάσησι.
808 1976 1051 2057 Συμφέρονται
1067 1976 1103 2042 δέ
1116 1978 1175 2042 καὶ

161 2074 241 2141 τάδε
257 2079 469 2159 Αίγυπτίοισι
482 2074 761 2159 Λακεδαιμόνιοι·
783 2076 818 2140 οί
830 2073 974 2158 κήρυκες
989 2071 1103 2141 αὐτῶν
1116 2076 1173 2142 καὶ

161 2171 301 2258 αὐληταὶ
320 2176 375 2241 καὶ
394 2174 549 2260 μάγειροι
564 2176 756 2242 ἐκδέκονται
775 2170 834 2251 τάς
855 2180 1024 2256 πατρωίας
1042 2179 1171 2263 τέχνας,

161 2273 216 2337 καὶ
231 2268 376 2357 αὐλητής
392 2298 427 2339 τε
447 2271 596 2359 αὐλητέω
616 2278 743 2359 γίνεται
760 2275 815 2339 καὶ
834 2272 993 2359 μάγειρος
1007 2283 1172 2361 μαγείρου

160 2370 215 2435 καὶ
225 2372 329 2453 κῆρυξ
339 2369 501 2455 κήρυκος·
517 2369 558 2438 οὐ
569 2369 653 2439 κατά
664 2378 933 2457 λαμπροφωνίην
943 2375 1170 2461 ἐπιτιθέμενοι

159 2467 255 2536 άλλοι
271 2470 376 2554 σφέας
389 2476 650 2558 παρακληίουσι,
670 2467 755 2539 ἀλλὰ
768 2467 853 2537 κατὰ
866 2469 909 2537 τὰ
923 2471 1047 2554 πάτρια
1060 2476 1172 2540 έπιτε-

160 2567 283 2635 λέουσι.
306 2567 486 2655 ταῦταμὲν
500 2568 541 2657 δὴ
556 2568 647 2638 οὕτω
663 2574 798 2655 γίνεται.
964 2634 975 2643 ,

109 2689 139 2743 61
247 2673 367 2735 ΤΟΤΕ
386 2667 423 2735 δέ
443 2666 504 2735 τόν
523 2673 714 2755 Κλεομένεα
735 2668 834 2734 ἐόντα
856 2669 893 2734 έν
913 2676 954 2756 τῇ
973 2674 1168 2764 Αίγίνηῆκαλ

160 2763 257 2833 κοινά
273 2764 453 2854 τῇἘλλάόι
487 2762 600 2849 ἀγαθοὶ
622 2766 910 2852 προεργαζόμενον
931 2765 949 2832 ὁ
966 2767 1169 2853 Δημάρητος

159 2867 301 2950 διέβαλε,
316 2860 378 2930 οὐκ
389 2867 597 2950 Αἰγινητέων
608 2864 698 2932 οὕτω
709 2865 905 2951 κηδόμενος,
921 2861 966 2943 ὡς
977 2866 1100 2958 φθόνῳ
1112 2872 1166 2935 καί

158 2960 223 3049 άγη
233 2959 420 3047 χρεόμενος.
434 2965 625 3049 Κλεομένης
636 2963 672 3029 δὲ
679 2962 842 3049 νοστήσας
851 2960 1056 3050 άπἈίγίνης
1066 2968 1166 3053 ἐβοό-
1242 2969 1243 2974 ’

159 3070 237 3130 λευε
252 3059 312 3127 τόν
323 3061 528 3147 Δημάρητον
543 3067 670 3128 παῦσαι
683 3068 741 3146 τῆς
753 3068 943 3148 βασιληίης,
959 3062 1015 3129 διὰ
1029 3071 1165 3152 πρῆγμα

158 3160 291 3227 τοιόνδε
308 3162 461 3247 ἐπίβασιν
478 3163 511 3238 ές
527 3158 634 3227 αὐτόν
647 3159 862 3246 ποιεόμενος·
881 3160 1054 3246 Ἀρίστωνι
1068 3174 1165 3251 βασι-

158 3259 292 3325 λεύοντι
306 3263 343 3324 ἐν
354 3259 494 3347 Σπάρτη
507 3263 563 3328 καὶ
573 3260 717 3345 γήμαντι
728 3275 890 3347 γυναῖκας
901 3263 964 3329 όόο
975 3268 1090 3343 παῖδες
1101 3263 1163 3333 οὐκ

158 3358 319 3438 ἐγίνοντο.
344 3362 399 3425 καὶ
410 3356 451 3425 οὐ
468 3356 533 3442 γάρ
549 3360 814 3444 συνεγινώσκετο
825 3358 926 3439 αὐτὸς
937 3362 1067 3431 τούτων
1078 3362 1161 3432 εἶναι

158 3460 276 3533 αίτιος,
292 3457 406 3539 γαμέει
422 3462 536 3559 τρίτην
550 3473 703 3539 γυναῖκα.
726 3452 791 3527 οἶδε
806 3462 844 3528 δὲ
854 3463 976 3547 γαμέει.
998 3457 1044 3545 ἦν
1058 3466 1094 3530 οί
1104 3471 1160 3543 φί-
1239 3499 1240 3584 χ
