2500 3925
155 189 196 254 88
532 191 787 251 HERODOTI

155 347 361 442 6666'60662
345 355 560 472 ἰευτυχίδης,
571 348 720 437 γεγονώς
730 349 852 439 666²
807 352 909 432 αυτὸς
918 351 1109 442 βασιλευς
1086 381 1155 422 αντ

156 455 287 522 ἐκείνου
295 454 474 540 ,πέμψας
467 476 525 518 ον
535 451 731 537 θεράποντα
742 455 795 519 ἐπ
804 453 927 538 γέλωτί
937 479 973 520 τε
983 456 1038 522 καὶ
1050 452 1170 541 λασθη
1244 492 1246 689 ρ

156 549 325 642 εἰρώτα
290 579 351 622 τον
364 549 587 670 Δημάρητ,
536 574 570 616 ν
602 547 719 619 ὁκοῖόν
732 577 764 619 τι
779 561 830 637 εἰη
844 549 880 620 τὰ
899 549 1014 640 ἄρχειν
1027 549 1111 639 μετὰ
1125 552 1169 620 τὸ

154 649 362 772 βασιλεύειν·
383 673 401 716 ο
388 645 454 715 ‘66
466 601 654 742 ἀλγήσας
622 670 669 714 τω
654 647 965 736 ἐπειρωτήματι
934 676 1005 719 ειπε
1018 648 1086 736 φάς
1100 648 1169 719 αὐ-

153 746 209 834 τός
223 745 316 835 μέν’
297 749 496 836 αμφοτέρων
511 745 574 834 ἤδη
589 754 826 866 πεπειρῆσθαι,
841 752 971 820 ἐκεῖνον
985 751 1075 820 66
1032 777 1086 839 ου,
1100 750 1169 839 τὴν

153 850 269 936 μέντοι
295 845 514 967 ἐπειρώτησιν
539 845 666 932 ταύτην
686 843 800 933 ἄρξειν
820 843 1167 934 Λακεδαιμονίοισι
1141 875 1166 936 η
1245 866 1246 905 1

153 953 276 1036 μυρίης
290 946 471 1065 κακότητος
483 941 506 1031 6
519 953 642 1064 μυρίης
657 944 878 1035 εὐδαιμονίης.
900 955 1005 1016 ταῦτα
1020 952 1057 1017 66
1068 958 1168 1028 εἴπας

154 1052 210 1116 καί
225 1041 581 1130 κατακαλυψάμενος
559 1070 611 1131 ηιε
628 1045 665 1112 ἐκ
685 1051 747 1114 τοῦ
762 1046 912 1136 θεήτρου
926 1045 1012 1127 ἐς
975 1073 1016 1116 τα
1033 1050 1166 1116 ἑωυτοῦ
1246 1078 1247 1131 3

155 1149 260 1230 οἰκιά,
282 1140 401 1210 αὐτίκα
416 1142 452 1211 66
473 1145 815 1231 παρασκευασάμενος
829 1153 912 1216 ἔθυε
925 1154 973 1239 τῷ
987 1152 1047 1217 Διὶ
1063 1155 1166 1237 βουν,

103 1243 264 1321 οθθόσας
279 1238 364 1310 δε
328 1268 390 1328 την
405 1243 530 1329 μητέρα
550 1242 695 1312 ἐκάλεσε.
733 1241 933 1334 Ἀπικομένη
953 1245 991 1315 66
1009 1274 1049 1335 τη
1035 1249 1164 1333 μητρί
1246 1254 1247 1261 ’

153 1342 295 1430 ἐσθεὶς’
278 1367 311 1419 ες
321 1337 380 1420 τὰς
392 1339 503 1426 χεῖράς
513 1346 548 1410 οἰ
560 1348 628 1409 τών
642 1341 842 1429 σπλάγχνων
852 1347 1043 1414 κατικέτευε
1052 1347 1166 1431 λέγων
1247 1374 1248 1389 ¹

151 1441 281 1510 τοιάδε·
311 1433 352 1508 Ὦ
365 1467 486 1528 μητερ,
500 1447 594 1510 θεών
609 1461 647 1508 σε
660 1467 728 1509 των
738 1467 774 1508 τε
788 1440 901 1511 ἄλλων
910 1443 1165 1531 καταπτόμενος
1247 1472 1248 1495 ³

151 1541 290 1610 ἱκετεύω
302 1542 429 1608 καὶτοῦ
442 1542 573 1628 ἑρκείου
582 1537 668 1618 Διὸς
680 1544 779 1606 τοῦδε
791 1541 919 1627 φράσαι
929 1569 987 1628 μοι
999 1541 1063 1630 τὴν
1077 1539 1165 1628 666-

151 1652 268 1728 θειαν,
285 1647 334 1720 τίς
348 1641 413 1728 μεό
431 1643 500 1709 ἐστι
515 1637 624 1727 πατὴρ
638 1637 734 1730 ὀρθῷ
748 1639 848 1734 λόγῳ.
878 1645 1084 1729 Λευτυχίδης
1097 1642 1165 1728 μὲν

151 1740 217 1828 γάρ
232 1747 296 1828 ἔφη
311 1743 349 1810 ἐν
362 1755 447 1809 τοῖσι
460 1745 584 1808 νείκεσι
594 1742 703 1825 λέγων
717 1739 887 1809 κυέουσάν
898 1757 936 1808 σε
950 1742 988 1810 έκ
997 1747 1059 1809 τοῦ
1073 1764 1164 1829 προ-
1248 1750 1249 1753 ’

151 1844 251 1928 τέρου
262 1835 385 1927 ἀνδρὸς
396 1836 484 1905 οὕτω
497 1839 610 1906 έλθεῖν
620 1836 711 1925 παρὰ
723 1836 920 1925 Ἀρίστωνα,
936 1843 970 1907 οἰ
983 1838 1020 1906 66
1033 1843 1089 1907 καί
1098 1836 1164 1907 τὸν

152 1939 370 2029 ματαιότερον
390 1937 493 2027 λόγον
512 1937 666 2026 λέγοντες
685 1944 772 2026 φασί
790 1959 828 2007 σε
850 1940 965 2009 ἐλθεῖν
980 1936 1072 2024 παρά
1091 1945 1163 2008 τών

153 2040 308 2109 οἰκετέων
323 2034 384 2106 τὸν
405 2034 616 2125 ὀνοφορβόν,
639 2041 695 2106 καί
714 2039 771 2125 ἐμὲ
791 2036 877 2107 εἶναι
892 2040 1024 2107 ἐκείνου
1044 2042 1160 2106 παῖδα.

151 2136 215 2225 ἐγώ
234 2131 283 2205 ών
298 2156 335 2204 σε
345 2139 541 2222 μετέρχομαι
555 2143 624 2203 τῶν
637 2142 731 2205 θεών
745 2143 850 2205 εἰπεῖν
863 2134 901 2204 τδ
917 2132 1058 2223 άληθές·
1081 2134 1162 2205 οὔτε

150 2235 234 2324 γάρ,
266 2242 298 2307 εί
320 2236 505 2324 πεποίηκάς
528 2262 560 2303 τι
583 2238 653 2305 τών
676 2234 882 2323 λεγομένων,
916 2233 1027 2321 μούνη
1041 2231 1084 2352 66
1098 2257 1163 2302 πε·

150 2342 301 2457 ποίηκας,
316 2360 398 2421 μετα
386 2333 561 2403 πολλέων
572 2332 657 2418 66,‘'
636 2362 655 2401 ο
667 2362 702 2402 τε
713 2334 812 2420 λόγος
822 2332 946 2411 πολλός
957 2337 1040 2401 65*
1004 2332 1160 2422 Λάρτη,

139 2430 195 2557 63
211 2430 384 2520 Ἀρίστωνι
398 2432 527 2557 σπέρμα
543 2428 745 2501 παιδοποιὸν
766 2429 829 2499 οὐκ
844 2434 942 2519 ἐνῆν·
970 2445 1078 2500 τεκεῖν
1092 2429 1159 2518 γάρ

100 2546 136 2602 69
150 2533 193 2603 άν
204 2538 239 2602 οἰ
246 2530 346 2601 καί
309 2558 369 2611 τας
378 2534 541 2621 προτέρας
550 2546 720 2655 ρυναῖκας
736 2528 846 2618 Ὁμὲν
857 2529 1043 2616 δητοιαῦτα
1054 2535 1159 2617 ἔλεγε,

146 2628 218 2721 666
229 2629 381 2719 αμειβετο
392 2635 526 2701 τοισιδε
553 2624 674 2712 Ὠπαῐ,
695 2633 804 2699 έπειτε
814 2656 856 2715 με
866 2636 976 2718 λιτησι
988 2653 1160 2716 μετερηεαι

149 2730 300 2801 εἰπεῖν
264 2758 326 2819 την
338 2730 512 2819 ἀλήθειαν,
521 2733 590 2797 πᾶν
604 2730 637 2806 ἐς
646 2727 684 2797 66
690 2728 915 2816 κατειρησεται
920 2756 958 2797 το
948 2724 1142 2813 αληθές.
1113 2752 1161 2805 ως

148 2856 190 2917 με
199 2827 343 2918 ἠγάγετο
354 2828 513 2915 Ἀρίστων
524 2829 558 2904 ἐς
569 2827 810 2909 ἑαυτοῦ,ννκτί
819 2831 912 2912 τρίτη
922 2822 988 2893 ἀπὸ
996 2832 1053 2911 της
1064 2822 1159 2911 πρώ-

147 2954 204 3015 της
213 2922 303 3016 ἦλθέ
311 2954 368 3014 μοι
382 2927 499 3014 φάσμα
512 2923 689 3009 εἰδόμενον
699 2920 882 3010 Ἀρίστωνι,
895 2925 1111 3009 συνευνηθὲν
1121 2923 1158 2991 δὲ

146 3027 227 3107 τοὺς
241 3027 446 3113 στεφάνους,
463 3022 542 3103 τούς
560 3021 642 3109 εἰχε,
660 3025 733 3109 ἐμοὶ
746 3029 941 3110 περιετίθεε.
970 3025 1026 3091 καί
1042 3020 1080 3088 τὸ
1095 3021 1158 3109 μὲν

149 3124 294 3213 οἰχώκεε,
305 3118 366 3214 ἧκε
379 3125 414 3193 66
425 3120 507 3210 μετά
518 3127 624 3191 ταῦτα
634 3118 803 3209 Ἀρίστων.
826 3118 871 3199 63
882 3122 922 3188 δέ
928 3145 970 3207 με
983 3117 1049 3187 εἶδε
1060 3123 1160 3206 ἔχου-

148 3244 213 3291 σαν
228 3221 434 3309 στεφάνους,
450 3220 586 3309 εἰρώτα,
600 3226 650 3297 τίς
661 3228 712 3305 εἰη
723 3216 744 3286 ό
754 3244 812 3305 μοι
822 3217 920 3297 δοός·
943 3215 1009 3305 666
1024 3215 1061 3285 66
1073 3215 1159 3302 ἐφά-

147 3348 217 3409 μην
231 3325 377 3391 ἐκεῖνον·
400 3316 418 3387 6
437 3322 474 3387 66
489 3316 552 3387 οὐκ
567 3316 762 3386 ὑπεδέκετο·
784 3313 850 3402 ἐγώ
867 3319 904 3385 66
918 3316 1157 3405 κατωμνύμην,

149 3420 282 3505 φαμένη
297 3414 402 3485 αὐτόν
422 3414 464 3484 06
484 3422 594 3495 καλῶς
613 3416 740 3483 ποιέειν
760 3411 1033 3503 άπαρνεόμενον·
1055 3414 1157 3506 ὀλίγῳ
