2500 3925
327 259 414 317 ΗΒ.
446 258 468 316 Ι.
500 257 598 314 cm.
631 260 809 318 δίη-107.
1008 248 1070 316 109

88 415 283 507 υόντοςγυνὴ
304 425 373 486 τῶν
386 416 638 502 Μασσαγετέων
660 420 828 501 βασίλεια·
868 415 1014 504 Τόμυρίς
1038 416 1072 484 ol

60 507 63 514 ¹
87 511 261 605 ἦνούνομα.
293 516 419 614 ταύτην
436 509 610 602 πέμπωνὸ
625 518 741 598 Κῦρος
760 515 882 600 ἐμνᾶτο
902 520 949 606 τῷ
969 512 1070 605 λόγφ,

89 619 164 705 ἡδὲ
188 620 344 709 Τόμυρις,
385 635 539 690 συνιεῖσα
568 617 633 690 ούκ
663 618 769 706 αὑτήν
798 648 856 708 μιν
885 621 1069 708 μνέομευου

87 718 159 788 άλλά
175 720 235 809 την
247 721 496 808 Μασσαγετέων
508 727 696 809 βασιληίην,
714 718 876 792 ἀπείπατο
888 718 950 810 τὴν
963 719 1069 809 πρόσ-

87 827 163 890 οδον.
203 824 315 913 Κύρος
332 821 372 892 δέ
387 820 470 911 μετὰ
486 828 602 911 τοῦτο,
628 821 672 902 ὥς
695 827 731 891 οί
750 821 839 915 δόλφ
857 818 898 892 ού
917 819 1066 911 προεχύ-

86 948 147 1009 ρεε,
169 921 286 1004 ἐλάσας
304 924 359 992 ἐπὶ
374 921 436 992 τόν
448 920 590 1011 Ἀράξην
608 924 749 992 ἐποιέετο
774 926 811 994 ἐκ
828 928 888 992 τοῦ
906 923 1070 1011 ἐμφανέος

59 1027 65 1039 “
85 1023 131 1090 ἐπὶ
146 1022 219 1104 τούς
227 1024 452 1111 Μασσαγέτας
471 1030 664 1113 στρατηίην,
681 1023 831 1114 γεφύρας
849 1048 884 1092 τε
897 1021 1070 1109 ζευγνύων

84 1123 132 1192 ἐπὶ
150 1131 210 1193 τού
231 1131 383 1214 ποταμοῦ
408 1124 563 1211 διάβασιν
586 1130 634 1217 τῷ
657 1128 805 1217 στρατῷ,
835 1123 893 1192 καὶ
915 1122 1068 1213 πύργους

83 1225 132 1292 ἐπὶ
146 1233 270 1296 πλοίων
286 1232 353 1296 τῶν
372 1225 693 1315 διαπορθμευόντων
717 1223 780 1296 τόν
802 1223 953 1314 ποταμόν
976 1229 1069 1294 οίκο-

83 1326 281 1415 δομεόμευος.
311 1326 443 1416 Ἔχοντι
467 1329 509 1398 δέ
521 1332 557 1397 οί
569 1332 692 1396 τούτου
713 1323 773 1395 τόν
790 1324 896 1394 πόνον
912 1325 1071 1414 πέμψασα

23 1480 24 1513 ,
82 1420 257 1517 ἡΤόμυρις
284 1426 415 1518 κήρυκα
442 1434 536 1516 ἔλεγε
559 1424 655 1497 τάδε·
693 1419 735 1496 Ὦ
762 1430 901 1514 βασιλεύ
925 1424 1068 1513 Μήδων,

23 1522 24 1541 ’
80 1533 193 1598 παύσω
214 1528 375 1600 σπεύδων
397 1527 439 1598 τά
457 1529 628 1608 σπεύδεις·
666 1526 707 1598 ού
730 1526 797 1617 γάρ
815 1524 859 1595 δυ
876 1532 1016 1615 είδείης,
1041 1536 1075 1595 εί

81 1655 121 1696 τοι
148 1632 178 1710 ές
193 1629 314 1721 καιρόν
335 1636 428 1700 ἔσται
449 1635 553 1700 ταῦτα
576 1629 768 1718 τελεόμενα·
798 1627 1012 1716 παυσάμενος
1034 1625 1072 1696 δὲ

80 1736 223 1815 βασίλευε
239 1737 310 1800 τῶν
328 1735 488 1820 σεωυτοῦ,
509 1733 566 1801 καὶ
583 1725 686 1819 ἡμέας
700 1727 816 1818 άνέχεο
829 1726 936 1816 ὁρέων
948 1727 1071 1817 ἄρχον-

81 1857 131 1911 τας
154 1837 288 1922 τόνπερ
312 1830 468 1921 ἄρχομεν.
518 1829 583 1901 ούιι
609 1823 658 1900 ὦν
685 1830 854 1918 ἐθελήσεις
878 1823 1072 1917 ύποθήιιησι

82 1937 185 2022 τησίδε
198 1938 359 2024 χρᾶσθαι,
373 1930 459 2003 άλλά
472 1932 581 2005 πάντα
592 1937 720 2021 μᾶλλον
732 1929 754 2021 ἢ
768 1929 812 2002 δι’
821 1925 962 2019 ἡσυχίης
977 1925 1073 2015 εἶναι,

81 2033 116 2101 σύ
140 2035 176 2104 δὲ
200 2043 233 2105 εί
257 2035 408 2123 υεγάλως
430 2035 619 2123 προθυμέαι
636 2033 887 2121 Μασσαγετέων
910 2034 1073 2121 πειρηθῆ-

76 2156 137 2214 ναι,
160 2132 264 2218 φέρε,
290 2131 423 2219 μόχθον
442 2128 608 2220 μὲν,“τόν
628 2134 711 2216 ίχεις
728 2126 867 2215 ζευγνὺς
887 2129 949 2200 τόν
968 2157 1072 2201 ποτα·

31 2221 35 2230 ’
75 2224 145 2312 μόν,
160 2226 260 2316 ἄπες,
273 2227 322 2298 σύ
336 2232 374 2298 δὲ
387 2227 500 2318 ἡμέων
515 2226 806 2315 ἀναχωρησάντων
816 2224 881 2297 άπὸ
896 2237 957 2298 τοῦ
968 2254 1072 2299 ποτα-

75 2336 130 2411 μοῦ
143 2335 250 2414 τριῶν
269 2326 422 2417 ἡμερέων
437 2327 521 2398 ὁδόν
541 2328 696 2414 διάβαινε
712 2328 746 2405 ές
766 2323 828 2412 τὴν
844 2323 1016 2416 ἡμετέρην.
1045 2332 1074 2395 εί

74 2422 101 2491 δ’
114 2422 214 2515 ἡμέας
234 2426 374 2514 βούλεαι
391 2431 590 2509 ἐσδέξασθαι
610 2432 740 2513 μᾶλλον
760 2427 793 2503 ές
814 2423 876 2513 τὴν
898 2426 1072 2517 ὑμετέρην,

74 2525 110 2594 οὐ
133 2526 243 2597 τωύτό
269 2536 369 2598 τοῦτο
393 2536 495 2600 ποίεε.
543 2533 657 2596 Ταῦτα
682 2528 719 2594 δέ
743 2522 890 2607 ἀκούσας
914 2525 932 2597 ὁ
960 2535 1073 2612 Κῦρος

74 2627 269 2698 συνεκάλεσε
279 2630 439 2716 Περσέων
451 2626 530 2708 τούς
542 2619 714 2714 κρότους,
730 2630 928 2714 συναγείρας
942 2628 979 2695 δὲ
991 2624 1073 2695 τού-

72 2753 141 2807 τους
154 2733 187 2807 ές
202 2732 310 2816 μέσον
325 2750 386 2818 σφι
410 2735 585 2818 προετίθεε
603 2724 641 2795 τό
664 2732 816 2814 πρῆγμα,
842 2723 1073 2814 συμβουλευό-

73 2855 163 2915 μενος
183 2827 330 2918 ὁκότερα
354 2834 460 2920 ποιέῃ.
493 2836 562 2897 τῶν
585 2829 622 2897 δὲ
646 2824 730 2897 κατὰ
753 2821 860 2895 τώυτό
884 2831 922 2895 αί
942 2833 1072 2914 γνῶμαι

74 2935 309 3014 συνεξέπιπτον
330 2930 541 3001 κελευόντων
562 2930 759 3000 ἐσδέκεσθαι
783 2925 933 3015 Τόμυρίν
957 2952 992 2993 τε
1016 2928 1071 2995 καί

76 3028 126 3099 τόν
141 3029 288 3118 στρατόν
303 3029 405 3119 αὐτῆς
419 3035 452 3110 ἐς
466 3029 529 3117 τὴν
542 3029 665 3117 χαίρηυ.
709 3022 853 3113 Παρεων
870 3027 906 3094 δὲ
920 3028 974 3094 καὶ
988 3052 1073 3113 μεμ
1089 3042 1138 3098 207

73 3133 214 3219 ρόμενος
232 3129 295 3218 τὴν
314 3132 455 3221 γνόμην
476 3132 603 3218 ταύτην
618 3137 764 3216 Κροῖσος
778 3124 797 3196 ό
813 3123 924 3206 Λυδός
940 3121 1074 3197 ύπεδείέ

71 3257 166 3301 κνυτο
182 3233 341 3321 ἐναντίην
355 3238 395 3323 τῇ
410 3231 612 3319 προκειμένη
624 3226 758 3316 γνόμη,
773 3227 881 3312 λέγων
897 3223 992 3294 τάδε·
1032 3218 1072 3293 Ὠ

72 3338 222 3418 βασιλεῦ,
250 3328 346 3400 εἷπον
361 3331 423 3418 μέν
437 3334 492 3400 καλ
506 3328 674 3416 πρότερόν
687 3351 753 3410 τοι,
782 3322 832 3393 ότι
847 3326 921 3421 ἐπεί
930 3350 971 3412 με
987 3319 1071 3401 Ζεύς

71 3431 171 3499 ἔδωκέ
187 3455 259 3518 τοι,
277 3428 315 3499 τό
334 3426 379 3499 ἂν
392 3427 478 3519 ὁρέω
496 3429 634 3517 σφάλμα
654 3426 712 3499 ε’δν
733 3436 815 3517 οίιιφ
833 3431 879 3517 τῷ
900 3432 964 3519 σῷ,
990 3422 1073 3495 κατὰ

71 3534 214 3619 δύναμιν
238 3528 447 3615 ἀποτρέψειν.
473 3526 515 3598 τά
532 3530 571 3598 δέ
589 3555 646 3613 μοι
668 3523 849 3613 παθήματα
871 3522 967 3592 ἐόντα
991 3519 1073 3609 ιἰχά·
