2500 3925
338 239 425 295 ΗΒ.
457 241 516 296 vu.
550 240 650 298 cAP.
684 247 872 312 16‚³-2o.
1046 243 1107 308 135

103 426 170 488 μην
181 397 270 520 είηον
282 395 498 486 ἀτρεμίζοντά
508 417 547 465 σε
558 397 766 486 μακαριστὸν
777 399 862 470 εἶναι
876 401 960 491 πρὸς
969 405 1107 475 πάντων

102 496 305 583 ἀνθρώπων.
328 500 399 564 ἐπεὶ
413 495 450 564 δὲ
467 501 622 583 δαιμονίη
637 521 687 574 τις
702 500 861 583 γίνεται“
846 505 951 592 ορμή,
966 505 1047 574 καὶ
1039 515 1107 576 Ελ-

100 593 258 685 ληνας,“
237 623 281 676 ως
294 593 381 682 οἶκε,
397 594 515 681 φθορή
525 619 574 673 τις
585 596 834 716 καταλαμβάνει
844 601 1025 690 θεήλατος,
1042 604 1107 692 ἐμά

101 699 164 782 μὲν
173 692 281 764 καί’
239 692 340 773 αυτδς
352 694 521 779 τράπομαι
533 690 635 761 καλ
598 719 661 813 την
673 693 813 783 μνάμην
825 705 1052 788 μετατίθεμαι,
1064 703 1108 771 σύ

101 794 138 863 δέ
158 793 310 880 σήμηνον
333 793 396 877 μέν
414 794 563 880 Πέρσησι
585 789 626 858 τά
648 795 684 860 έκ
705 800 766 861 τοῦ
792 804 879 864 θεοῦ
898 800 1107 920 πεμπόμενα,

102 898 247 978 χρᾶσθαι
262 893 299 958 δὲ
312 893 428 960 κέλευε
439 903 526 958 τοῖσι
540 893 577 957 ἐκ
588 897 649 958 σεῦ
661 890 823 978 πράτοισι
838 899 1109 984 προειρημένοισι

101 994 136 1068 ές
148 988 211 1079 τήν
225 989 459 1077 παρασκευήν,
477 994 569 1055 ποίεε
586 989 623 1056 δὲ
640 987 746 1076 οῦτω,
763 987 850 1070 ὅκως
864 999 926 1060 τοῦ
940 1001 1028 1062 θεοῦ
1042 1017 1109 1063 πα-

99 1085 295 1172 ραδιδόντος
311 1093 379 1154 τῶν
401 1092 473 1154 σῦν
489 1084 639 1173 ἐνδεήσει
655 1089 769 1174 μηδέν.
813 1088 952 1158 Τούτων
968 1096 1109 1178 λεχθέν-

98 1212 167 1254 των
176 1187 396 1273 ἐπαερθέντες
406 1191 447 1274 τῇ
460 1182 530 1271 ὄψι,
547 1182 591 1263 ὡς
600 1181 707 1272 ἡμέρη
722 1187 852 1272 ἐγένετο
862 1186 1010 1276 τάχιστα,
1023 1189 1108 1276 Ξέρ-

98 1292 155 1373 ξης
169 1312 206 1354 τε
220 1282 437 1372 ὑπερετίθετο
452 1288 557 1351 ταῦτα
571 1285 747 1373 Πέρσησι,
756 1287 812 1352 καὶ
828 1282 1047 1374 Ἀρτάβανος,
1070 1283 1107 1366 ὃς

96 1385 264 1473 πρότερον
279 1382 505 1452 ἀποσπεύδων
519 1388 646 1468 μοῦνος
662 1385 835 1472 ἐφαίνετο,
855 1383 930 1452 τότε
945 1386 1106 1452 ἐπισπεύ-

98 1489 168 1553 δων
182 1479 330 1571 φανερὰς
343 1476 397 1570 ἦν.

178 1583 376 1675 Ὡρμημένῳ
385 1586 531 1671 δδΞέρξη
542 1585 796 1671 στρατηλατέειν
805 1581 887 1671 μετά
898 1592 1002 1654 ταῦτα
1010 1591 1103 1672 τρίτη
1115 1604 1148 1660 1⁹

97 1682 174 1766 ὄψις
188 1685 280 1774 ἀντῷ
291 1682 389 1775 ὕπνῳ
401 1686 542 1769 ἐγένετο,
554 1680 618 1769 τήν
630 1686 663 1750 οί
672 1682 774 1770 μάγοι
785 1689 924 1771 ἔκριναν
934 1683 1105 1760 ἀκούσαν-

97 1811 150 1863 τες
166 1786 283 1871 φέρειν
297 1809 333 1852 τε
355 1785 408 1852 ἐπὶ
423 1791 535 1851 πᾶσαν
554 1789 637 1869 γῆν,
658 1784 857 1852 δουλεύσειν
876 1786 915 1852 τέ
926 1790 961 1852 ολ
977 1784 1105 1864 πάντας

96 1881 311 1971 ἀνθρώπους.
334 1879 355 1970 ἡ
372 1885 408 1951 δὲ
424 1880 500 1964 ῦψις
512 1876 557 1972 ἦν
569 1880 646 1969 ήδε·
668 1883 781 1951 ἐδόκεε
796 1880 813 1952 ὁ
826 1885 949 1972 ,Ξέρξης
964 1887 1105 1972 ἐστεφα-

96 1989 229 2049 νῶσθαι
244 1984 355 2068 έλαίης
368 1989 502 2073 θαλλῷ,
526 1978 592 2049 ἀπδ
609 1980 646 2049 δέ
666 1986 723 2067 τῆς
739 1984 849 2069 έλαίης
863 1981 944 2063 τούς
957 1983 1104 2068 κλάδους

95 2087 161 2167 μήν
171 2086 283 2148 πᾶσαν
293 2082 448 2167 ἐπισχεῖν,
461 2077 544 2167 μετά
559 2080 596 2147 δδ
609 2076 843 2167 ἀφανισθῆναι
855 2085 930 2169 περὶ
941 2088 981 2171 τῇ
995 2079 1103 2167 κεφα-

96 2184 137 2267 λή
147 2184 304 2264 κείμενον
313 2175 375 2246 τὸν
384 2180 560 2263 στέφανον.
582 2177 785 2265 Κρινάντων
795 2179 831 2247 δέ
841 2179 945 2266 ταύτῃ
955 2186 1025 2247 τῶν
1036 2178 1103 2266 μά-

94 2304 165 2365 μων
178 2278 337 2366 Περσέων
354 2304 390 2346 τε
403 2284 471 2346 τῶν
484 2280 739 2363 συλλεχθέντων
753 2275 873 2347 αύτίκα
888 2286 953 2358 πᾶς
967 2276 1054 2367 ἀνήρ
1069 2282 1102 2356 ές

94 2376 157 2465 τήν
174 2374 279 2464 ἀρχὴν
294 2373 356 2463 τήν
371 2379 498 2446 ἑωυτοῦ
512 2375 682 2456 ἀπελάσας
699 2378 763 2463 εἶχε
778 2386 975 2465 προθυμίην
989 2385 1102 2446 πᾶσαν

99 2478 149 2544 ἐπὶ
165 2488 250 2542 τοῖσι
265 2476 479 2562 εἰρημένοισι,
497 2477 628 2545 έθέλων
643 2473 744 2552 αύτδς
759 2478 897 2553 ἕκαστος
910 2474 949 2543 τά
966 2479 1102 2561 προκεί-

94 2600 179 2661 μενα
199 2577 291 2660 δῦρα
305 2580 438 2661 λαβεῖν,
462 2577 518 2643 καὶ
533 2575 658 2663 Ξέρξης
672 2580 734 2642 τοῦ
750 2579 894 2661 στρατοῦ
916 2571 1004 2641 οὕτω
1019 2570 1102 2641 έτιά-

93 2691 211 2760 μερσιν
221 2672 377 2755 ποιέεται,
384 2677 495 2758 χάριν
501 2673 612 2741 πάντα
620 2664 1005 2759 έρευνέωντῆςήπείρου.
1019 2668 1098 2739 ’And
1109 2689 1144 2744 20

93 2766 342 2856 γάρΑίγύκτου
353 2764 497 2848 ἁλάσιος
506 2771 628 2857 έπδμδν
638 2772 776 2854 τέσσερα
789 2773 862 2837 ἔτεα
873 2767 1001 2857 πλήρεα
1011 2793 1099 2855 παρ-

93 2871 226 2958 αρτέετο
239 2866 398 2955 στρατιήν
407 2893 444 2935 τε
454 2866 553 2937 καὶ
516 2895 557 2936 τα
568 2868 747 2957 προσφορα
757 2874 798 2958 τῇ
810 2874 956 2956 στρατιή,
964 2870 1099 2985 πέμπτη)

93 2962 843 3057 δέέτεῐάνομένωέστρατηλάτεεχειρίμεμάλη
853 2965 1008 3083 πλήθεος.
1022 2963 1100 3031 στό-

94 3074 164 3133 λων
177 3059 242 3150 γάρ
256 3089 325 3131 των
337 3061 432 3151 ἡμεῖς
448 3069 545 3151 δδμεν
560 3072 673 3186 πολληῦ
689 3062 730 3152 δή
746 3068 899 3149 μέγιστος
912 3050 1011 3137 οὗτος
1028 3059 1101 3143 έμέ-

93 3187 170 3233 νετο
186 3158 270 3230 ύστε
283 3161 365 3250 μήτε
380 3160 442 3231 τδν
453 3171 605 3249 Δαρείου
618 3161 680 3233 τάν
692 3165 745 3232 ἐπὶ
759 3159 902 3237 Σκύθας
916 3154 1006 3245 παρά
1019 3165 1099 3226 τοῦ-

94 3288 151 3331 τον
164 3261 270 3348 μηδὲν
286 3268 471 3347 φαίνεσθαι
491 3263 573 3350 μήτε
593 3261 654 3331 τδν
670 3255 868 3342 Σκυθικὸν,
891 3254 946 3326 ὅτε
960 3254 1099 3323 Σκύθαι
1217 3321 1220 3326 .

94 3363 299 3447 Κιμμερίους
314 3358 493 3441 διύκοντες
506 3359 589 3441 ἐς
553 3387 616 3450 την
629 3353 793 3449 Μηδικήν
805 3355 919 3445 χάρην
933 3352 1100 3443 ἐμβαλόν-

96 3486 146 3539 τες
165 3453 285 3546 σχεδδν
303 3459 413 3529 πάντα
432 3460 473 3531 τά
497 3461 568 3532 ἀνω
586 3469 646 3552 τῆς
664 3459 774 3549 Ἀσίης
793 3456 1100 3547 καταστρεψάμενοι
