2500 3925
309 242 394 297 ΗΒ.
426 242 470 297 111.
503 239 603 296 cm.
639 245 813 299 152-155.
998 233 1058 300 291

74 423 160 476 αενος
180 398 275 468 καλό
293 426 325 468 τι
345 396 541 485 ποιήσαντα
576 392 649 465 ὁδὶ
664 393 751 464 είπε·
785 393 858 465 Ούκ
876 400 944 466 ἐστι
960 385 1061 475 οὖτος

75 494 152 583 ύνὴρ
164 496 214 568 ότι
230 497 275 586 μὴ
291 495 352 583 σύ,
374 504 420 589 τῷ
440 499 508 566 ἐστλ
528 497 672 583 δύναμις
692 496 837 585 τοσαύτη
858 496 915 583 ἐμλ
931 493 973 584 δή
992 486 1058 565 όδε

76 604 242 685 διαθεῖναι,
265 596 349 667 οόδέ
358 625 409 678 τις
422 596 625 683 ἀλλοτρίων,
649 622 675 665 ω
664 588 849 684 ’βασιλικὴ
864 595 944 665 τάδε
957 599 1059 683 ἐργα-

75 717 150 781 σιαι,
169 694 244 766 ἀλλ’
266 693 370 776 αύιός
385 693 451 784 ἐμοὶ
473 692 660 782 ἐμεωυτόν,
683 694 797 763 δεινόν
813 720 846 763 τι
863 691 1062 779 ποιεύμενος

71 792 247 882 Ἀσσυρίους
271 800 422 885 Πέρσησι
449 802 646 885 καταγελᾶν.
695 793 790 864 Ὧδ’
808 792 990 917 βμείβετο·
1020 786 1060 863 Ὦ

72 894 269 978 σχετλιώτατε
284 893 438 1014 ἀνδρῶν,
454 902 541 988 έργηι
554 922 602 987 τηε
587 901 767 987 αἰσχίστῳ
782 895 912 982 οὕνομα
924 892 962 964 τό
978 894 1062 963 κόλ-

72 1003 168 1061 λιστον
188 1000 292 1083 ἐθεο,
317 994 384 1082 φύς
407 995 463 1065 διὰ
484 997 564 1078 τούς
583 999 889 1086 πολιορκεομένους
911 995 1061 1067 σεωυτόν

72 1090 244 1178 ἀνηκέστως
258 1083 446 1165 διαθεῖναι·
466 1090 584 1166 τίδ’
555 1124 582 1165 ω
603 1097 721 1183 μάταιε
748 1100 985 1223 λελωβημένου
999 1104 1060 1167 σεῦ

71 1200 185 1261 θᾶσσον
198 1200 233 1265 οί
243 1199 397 1285 πολέμιοι
406 1199 695 1288 παραστήσονταις
717 1205 785 1278 κύς
798 1195 862 1269 ούκ
875 1203 1060 1282 ἐξέπλωσας

70 1299 277 1383 ιβιφρενῶν
290 1295 442 1367 σεωυτόν
455 1305 676 1387 διαφθείραςη
703 1295 793 1368 Οδλ
809 1296 896 1368 ελπε·
939 1307 984 1369 El
998 1302 1060 1387 μέν

69 1420 110 1463 τοι
127 1393 329 1482 ὑπερετίθεα
344 1396 384 1467 τὰ
405 1406 545 1487 ἔμελλον
565 1402 736 1488 ποιήσειν,
759 1397 824 1467 ούιι
845 1397 889 1468 ἄν
909 1425 951 1489 με
963 1423 1060 1487 περι-

70 1500 154 1582 εῖδες,
174 1506 244 1565 νῦν
259 1496 292 1566 δ’
308 1496 361 1567 ἐπ’
378 1502 549 1587 ἐμεωυτοῦ
567 1501 751 1587 διελόμενος
766 1501 899 1586 ἔπρηξα.
929 1495 994 1586 ἤδη
1010 1490 1059 1566 ύν

69 1589 102 1679 ἡν
114 1594 154 1681 μή
164 1604 234 1663 ταῖν
246 1602 318 1664 σύν
329 1597 441 1686 δεήσῃ,
454 1603 611 1686 αίρέομεν
623 1604 818 1685 Βαβυλῶνα.
842 1594 906 1683 ἐγώ
920 1597 983 1685 μέν
993 1594 1059 1683 χύρ

68 1688 103 1769 ὡς
116 1697 174 1779 έχω
184 1692 408 1784 αὐτομολήσω
418 1701 453 1777 ἐς
462 1694 500 1765 τό
512 1711 631 1788 τεῖχος,
649 1698 705 1766 καλ
715 1696 813 1785 φήσω
823 1692 908 1783 πρὸς
923 1692 1056 1780 αύτούς,

68 1788 103 1869 ὡς
124 1790 188 1861 ὑπό
215 1800 280 1861 σεύ
304 1795 385 1863 τόδε
407 1800 574 1865 πέπονθα.
608 1798 667 1866 καλ
688 1800 793 1865 δοκέω
817 1800 934 1873 πείσας
953 1796 1058 1879 σφέας

66 1896 153 1957 ταῦτα
175 1896 267 1980 ἔχειν
290 1890 381 1962 ούτω
400 1893 580 1975 τεύξεσθαι
600 1901 763 1985 στρατιῆς.
797 1892 841 1961 σύ
862 1891 916 1978 δέ,
937 1888 995 1959 ἀπ’
1017 1882 1057 1978 ἡς

67 1985 101 2057 ἂν
113 1989 234 2080 ἡμέρης
251 1990 317 2078 ἐμοὶ
333 1994 462 2063 ἐσέλθω
478 1998 512 2073 ές
529 1992 566 2063 τό
581 2010 703 2083 τεῖχος,
725 1991 792 2064 ἀπὸ
813 1992 935 2079 ταύτης
952 1994 985 2070 ές
999 1995 1057 2058 δε-

67 2089 156 2177 κότην
169 2087 301 2178 ἡμέρην
314 2099 372 2180 τῆς
387 2100 538 2160 σεωυτοῦ
553 2100 724 2182 στρατιῆς,
738 2099 797 2180 τῆς
811 2090 950 2178 οὐδεμία
965 2095 1055 2159 ἔσται

68 2185 124 2275 ύρη
138 2187 390 2278 ἀπολλυμένης,
411 2192 534 2276 ταύτης
553 2200 680 2278 χιλίους
700 2193 801 2274 τόξον
815 2187 898 2260 κατὰ
916 2186 975 2267 τὰς
988 2197 1056 2256 Σε-

66 2287 207 2375 μιράμιος
237 2294 442 2376 καλεομένας
461 2290 587 2370 πύλας·
615 2289 697 2378 μετὰ
725 2291 762 2360 δέ
786 2283 883 2368 αὖτις
907 2283 972 2356 ἇπὸ
997 2292 1054 2371 τῆς

66 2385 186 2472 δεκέτης
208 2391 243 2465 ἐς
265 2387 412 2475 ἑβδόμην
430 2385 555 2467 ἄλλους
575 2415 634 2476 μοι
653 2390 755 2470 πύξου
771 2391 951 2475 δισχιλίους
970 2382 1053 2452 κατοὶ

65 2480 110 2562 τός
128 2493 262 2554 Νινίων
291 2491 494 2574 καλεομένας
523 2488 649 2567 πύλας·
685 2485 750 2556 ἀπὸ
773 2487 810 2556 δέ
831 2492 889 2573 τῆς
913 2482 1055 2572 ἑβδόμης

64 2585 214 2654 διαλιπὸν
244 2596 349 2656 εἴκοσι
386 2584 530 2676 ἡμέρας,
573 2589 704 2655 ἔπειτεν
745 2582 869 2666 ἄλλους
916 2582 1055 2653 κύτισον

65 2680 184 2771 ιἰγαμύν
207 2684 293 2756 κατὰ
313 2684 374 2766 ταὶς
388 2691 569 2756 Χαλδαίων
590 2689 793 2774 καλεομένας
809 2684 918 2765 πύλας
938 2710 1052 2769 τετρα-

64 2794 238 2872 κιοχιλίους.
263 2786 409 2874 ἐχόντων
418 2789 456 2856 δέ
465 2787 594 2876 μήτεο
603 2789 762 2874 πρότεροι
772 2788 877 2874 μηδὲν
888 2791 955 2854 τῶν
966 2783 1055 2869 ύμν-

65 2878 195 2952 κιόντων
223 2883 307 2971 μήτε
327 2877 441 2969 ούτοι,
463 2885 552 2973 πλήν
569 2890 790 2974 ἐγχειριδίων·
816 2891 915 2953 τοῦτο
937 2884 973 2951 δέ
994 2886 1053 2951 έᾶν

65 2982 144 3062 ἔχειν.
165 2978 249 3067 μετὰ
271 2979 361 3050 δέ
324 3009 387 3070 την
408 2983 563 3072 είκοστὴν
578 2982 707 3071 ἡμέρην
722 2981 875 3062 ίθέως
839 3009 901 3071 τήν
914 2985 977 3098 μέμ
992 2980 1053 3050 αλ

65 3083 115 3162 λην
126 3077 285 3168 στρατιήν
304 3081 457 3150 κελεύειν
477 3082 571 3168 πέριξ
585 3083 811 3205 προσβάλλειν
832 3078 916 3168 πρός
930 3069 967 3146 τό
985 3091 1053 3145 τετ-

64 3198 121 3262 λθέ,
140 3181 272 3264 Πέρσας
287 3183 328 3248 δέ
338 3205 397 3266 μοι
410 3181 513 3260 τύξον
533 3181 617 3249 κατύ
638 3207 673 3248 τε
696 3180 755 3259 τὰς
768 3181 913 3265 Βηλίδας
932 3183 1052 3244 καλεο-

63 3274 149 3356 μένας
162 3278 273 3358 πύλας
287 3282 343 3348 καλ
359 3286 515 3360 Κισσίας·
538 3277 584 3360 ὡς
596 3277 662 3368 μύρ
677 3278 742 3367 ἐγώ
757 3281 878 3362 δοκέω,
900 3279 976 3372 ἐμέο
991 3304 1051 3364 με-

63 3371 166 3451 ηόλα
148 3401 229 3462 ερμα
244 3374 553 3465 ύποδεξαμένον’
510 3406 551 3447 τα
573 3405 609 3448 τε
624 3378 709 3448 ἄλλα
730 3378 962 3462 ἐπιτρέψονται
978 3379 1049 3462 ἐμολ

67 3473 260 3556 δαβυλιόνιοι
278 3479 334 3544 καλ
356 3474 396 3564 δή
421 3483 477 3546 καλ
497 3505 566 3547 των
584 3473 777 3546 πυλέων
741 3501 799 3552 τας
818 3473 1047 3626 βιχὴαμύνρας
