2500 3925
342 261 818 353 L13.1.cAP'163-126
1001 291 1005 301 ·
1066 290 1108 355 σε
1225 281 1226 300 ¹

104 443 212 507 ἔδωκα
227 464 273 532 τφ
258 439 451 531 βουκόλῳ.
484 444 528 513 σύ
541 472 624 535 νυν,
644 440 689 535 ἦν
702 450 812 537 βούλη
827 452 898 573 ἐμοὶ
913 458 1107 543 πείθεσθαι,
1226 447 1227 504 3

102 544 158 626 τῆς
172 562 237 626 περ
257 541 471 629 Αστυάγης”
448 570 540 633 αρχει
555 546 683 637 χύρης,
704 548 826 638 ταύτης
842 548 974 641 ἀπάσης
986 552 1105 642 ἄρξεις.

102 642 235 728 Πέρσας
257 636 325 728 γάρ
349 638 532 723 ἀναπείσας
557 642 782 769 ἀπίστασθαι,
809 650 1028 739 στρατηλάτεε
1055 654 1109 723 ἐπὶ

103 738 254 828 Μήδους.
271 739 360 810 κάλ’
336 770 381 831 ην
391 770 426 812 τε
439 742 537 831 έγιδ
518 744 586 813 υπὸ
593 742 996 838 Ἀστυάγεοςάποδεχθέω
1008 771 1109 841 στρα·

100 837 202 927 τηγός
216 837 315 909 ἀντία
329 850 407 930 σεῦ,
430 848 499 913 ἔστι
512 870 565 913 τοι
579 842 619 914 τά
635 844 679 915 σύ
692 846 893 936 βούλεαι,
869 875 914 938 ην
927 874 963 918 τε
976 856 1045 918 τῶν
1060 876 1111 930 τις

102 946 251 1028 δοκίμων
272 940 373 1021 ἀλλος
387 941 528 1031 Μήδων.
565 950 693 1032 πρῶτοι
706 944 773 1034 γάρ
794 938 889 1015 οὗτοι
904 944 1111 1028 ἀποστάντες

100 1034 159 1105 ἀντ’
182 1040 316 1107 ἐκείνου
336 1044 392 1109 καὶ
412 1041 591 1129 γενόμενοι
612 1039 699 1130 πρός
718 1042 798 1112 σέο’
793 1045 971 1132 Αστυάγεα
990 1072 1108 1115 καται-

98 1140 191 1223 ρέειν
213 1139 439 1228 πειρήσονται.
483 1137 529 1220 ὡς
551 1133 600 1209 τόν
615 1144 750 1227 ἑτοίμου
763 1149 825 1211 τοῦ
838 1170 877 1230 γε
890 1144 1017 1212 ἐνθάδε
1030 1144 1108 1213 έόν-

97 1259 154 1314 τος
169 1241 263 1304 ποίεε
276 1242 398 1324 ταῦτα,
416 1241 472 1306 καλ
486 1242 578 1307 ποίεε
593 1234 677 1305 κατά
693 1236 800 1325 τάχος

181 1330 344 1414 Ἀκούσας
367 1341 471 1405 ταῦτα
494 1332 512 1403 6
535 1342 650 1425 Κῦρος
669 1336 907 1426 ἐφρόντιζε,
886 1365 971 1434 οτεφ
992 1340 1107 1435 τρόπφ
1127 1350 1176 1408 126

96 1433 286 1526 σοφωτάτῳ
309 1436 442 1523 Πέρσας
466 1430 641 1505 ἀναπείσει
664 1430 886 1525 ἀπίστασθαι,
920 1445 1109 1527 φροντίζων

97 1538 134 1603 δὲ
161 1532 302 1622 εὕρισκε
343 1556 379 1600 τε
412 1537 519 1602 ταῦτα
547 1532 746 1655 καιριώτατα
775 1533 876 1604 εἶναι·
931 1541 1041 1609 ἐποίεε
1065 1538 1106 1629 δὴ

96 1640 213 1702 ταῦτα.
239 1633 371 1721 γράψας
386 1637 419 1713 ἐς
431 1640 525 1721 βιβλί
524 1659 564 1701 ου
577 1660 618 1701 τα
606 1632 808 1721 ἐβούλετο,
824 1632 923 1724 άλίην
936 1644 1005 1706 τόν
1014 1646 1108 1727 Περ-

97 1737 188 1821 σέων
213 1731 406 1823 ἐποιήσατο,
445 1729 526 1817 μετά
554 1734 591 1801 δὲ
613 1729 806 1814 ἀναπτύξας
830 1734 868 1803 τὸ
895 1743 1029 1824 βιβλίον
1051 1742 1109 1809 καλ

98 1832 336 1922 ἐπιλεγόμενος
360 1838 424 1920 ἔφη
442 1829 624 1918 Ἀστυάγεά
651 1861 711 1921 μιν
737 1835 924 1923 στρατηγόν
948 1843 1109 1927 Περσέων

98 1932 353 2006 ἀποδεικνύναι.
393 1938 473 2002 Νῦν
486 1958 539 2020 τε,
561 1938 626 2021 ἔφη
641 1935 768 2022 λέγων,
791 1927 978 2024 ἀΠέρσαι,
999 1961 1108 2026 προα-

98 2035 233 2126 γορεύω
256 2031 338 2123 ὑμίν
351 2047 508 2123 παρεῖναι
528 2037 669 2103 ἕκαστον
685 2042 801 2123 ἔχοντα
815 2040 993 2126 δρέπανον.
1034 2045 1108 2108 Κύ-

98 2163 158 2222 ρος
181 2139 245 2224 μὲν
263 2142 368 2204 ταῦτα
389 2133 630 2222 προηγόρευσε.
673 2140 742 2204 έστι
765 2137 803 2203 δὲ
816 2139 978 2224 Περσέων
999 2134 1108 2224 συχνά

96 2241 218 2323 γένεα,
241 2230 355 2303 καὶτὰ
376 2234 438 2320 μὲν
459 2229 610 2301 αύτοδνὸ
636 2240 750 2321 Κύρος
771 2234 932 2304 συνάλισε
952 2238 1009 2304 καὶ
1028 2233 1109 2305 ἀνό-

97 2354 196 2403 πεισε
216 2330 420 2401 ἀπίστασθαι
443 2329 508 2400 ἀπό
532 2332 683 2419 Μήδων·
723 2338 792 2400 ἔστι
816 2335 854 2402 δλ
875 2330 973 2419 τάδε,
994 2334 1030 2401 ἐκ
1043 2333 1113 2400 τόν

99 2426 205 2503 ὧλλοι
226 2432 348 2511 πάντες
372 2428 526 2520 ἦρτέαται
540 2434 687 2518 Πέρσαι·
720 2431 960 2518 Πασαργάδαι,
981 2429 1109 2517 Μαρά-

98 2557 192 2619 φιοι,
218 2529 389 2599 Μάσπιοι·
427 2530 559 2600 τούτων
574 2529 797 2617 Πασαργάδαι
817 2534 880 2599 εἰσὶ
895 2529 1042 2618 ἄριστοι,
1071 2532 1108 2600 ἐν

96 2645 188 2702 τοῖσι
207 2632 264 2698 καλ
279 2627 501 2716 Ἀχαιμενίδαι
523 2631 586 2698 είσλ
600 2627 751 2716 φρήτρη,
780 2633 883 2697 ἔνθεν
907 2632 941 2697 οἱ
959 2631 1110 2717 βασιλέες

97 2735 132 2798 οδ
155 2731 338 2817 Περσεῖδαι
361 2727 538 2816 γεγόνασι·
585 2727 682 2797 ἀλλοι
713 2729 751 2796 δὲ
773 2730 903 2815 Πέρσαι
934 2729 997 2796 είσλ
1022 2730 1108 2796 οἵδε·

97 2836 340 2914 Πανθιαλαῖοι,
354 2836 590 2916 Δηρουσιαίοι,
605 2826 805 2914 Γερμάνιοι·
835 2819 928 2895 οὗτοι
943 2830 1006 2914 μὲν
1020 2823 1110 2897 πάν-

97 2955 152 3009 τες
169 2925 330 3016 ἀροτηρές
344 2933 424 3017 είσι,
446 2933 481 2998 ol
493 2931 530 2998 δὲ
544 2927 640 2999 άλλοι
654 2928 815 3015 νομάδες,
829 2925 936 3013 Δάοι,
958 2925 1109 3012 Μάρδοι,

97 3029 284 3115 Δροπικοὶ,
299 3026 494 3116 Σαγάρτιοι.
527 3025 586 3107 Ὡς
600 3028 637 3096 δέ
650 3032 807 3114 παρῆσαν
820 3024 966 3105 ἅπαντες
981 3030 1111 3111 ἔχοντες
1125 3028 1176 3082 ¹2⁶

98 3125 137 3196 τὸ
159 3130 422 3215 προειρημένον,
444 3129 594 3196 ἐνθαῦτα
614 3122 633 3195 6
649 3131 764 3209 Κύρος
785 3117 845 3214 (ἦν
860 3122 925 3212 γάρ
940 3149 990 3203 τις
1003 3129 1111 3210 χῶρος

97 3235 159 3316 τῆς
175 3234 342 3315 Περσικῆς
357 3224 559 3315 ἀκανθώδης
573 3224 656 3294 ὅσον
670 3251 705 3294 τε
719 3228 773 3294 ἐπὶ
786 3222 1014 3293 ὀκτωκαίδεκα
1030 3241 1110 3290 στα-

99 3323 242 3418 δίουςη
245 3336 352 3396 είιιοσι
375 3327 500 3416 πάντη)
523 3326 648 3396 τοῦτόν
671 3347 732 3412 σφι
757 3321 819 3394 τὸν
838 3330 951 3412 χῶρον
972 3333 1111 3406 προεῖπε

99 3435 307 3518 ἐξημερῶσαι
323 3430 360 3494 έν
373 3424 489 3550 ἡμέρη.
536 3425 800 3496 ἐπιτελεσάντων
816 3422 853 3492 δὲ
867 3429 936 3491 τῶν
949 3425 1109 3510 Περσέων

98 3529 164 3602 τὸν
186 3534 409 3620 προκείμενον
435 3524 561 3596 άεθλον
589 3523 731 3608 δεύτερά
752 3543 813 3610 σφι
834 3535 973 3606 προεῖπε
995 3522 1028 3598 ές
1047 3544 1109 3603 την
