2500 3925
331 234 418 289 LIB.
454 234 509 289 Vll.
546 233 645 290 CAP.
681 241 858 299 197-203.
1038 241 1100 304 209

87 398 253 485 δισμύρια
263 394 395 477 πλέθρα
409 398 471 460 τού
485 397 604 462 πεδίου
619 394 696 463 ἐστί.
719 398 828 466 τοῦδέ
840 397 974 489 οὔρεος,
989 399 1026 470 τό
1039 427 1101 470 πε-

91 497 234 580 ρικληίει
250 488 313 579 τὴν
326 499 392 579 γῆν
406 489 468 579 την
487 498 685 580 Τρηχινίην,
703 500 772 563 ἔστι
787 497 931 585 διασφὰξ
942 496 1025 587 πρός
1039 526 1100 587 με·

90 595 261 679 σαμβρίην
278 597 456 678 Τρηχῖνος,
476 587 533 659 διὰ
548 595 586 659 δὲ
599 598 658 680 τῆς
672 594 859 681 διασφάγος
875 594 1022 677 Ἀσωπός
1035 623 1100 667 πο-

89 686 194 776 ταμὸς
208 691 276 773 ῥέει
287 687 377 775 παρὰ
387 685 451 777 τὴν
461 686 620 775 ύπύρεαν
635 697 697 757 τοῦ
708 688 835 778 οὔρεος.
849 691 942 762 Ἔστι
951 699 989 763 δὲ
1000 693 1100 776 ἄλλος
1114 719 1167 774 200

90 782 210 868 Φοίνιξ
224 784 372 873 ποταμός
382 784 424 854 ού
434 786 537 873 μέηας
547 785 632 874 πρδς
642 796 852 877 μεσαμβρίην
863 798 924 859 τοῦ
936 790 1098 880 Ἀσωποῦ,

90 884 130 967 ὃς
144 889 181 955 έκ
198 892 267 955 τόν
282 882 413 970 οὐρέων
429 883 561 954 τούτων
577 888 664 975 ῥέων
680 888 713 967 ές
726 885 787 955 τόν
798 885 950 959 Ἀσωπόν
963 892 1099 959 έκδιδοί.

90 982 176 1055 κατὰ
192 984 230 1053 δέ
242 981 303 1052 τὸν
321 992 463 1053 Φοίνικα
481 981 633 1071 ποταμόν
647 985 861 1054 στεινότατόν
874 988 958 1055 ἐστι·
980 986 1100 1074 ἁμαξι-

89 1084 148 1164 τδς
159 1080 224 1172 γὰρ
239 1090 298 1171 μία
308 1085 418 1172 μούνη
433 1086 599 1172 δέδμηται.
620 1082 688 1153 όπό
703 1086 740 1155 δέ
753 1092 815 1154 τοῦ
827 1092 984 1167 Φοίνικος
994 1112 1100 1157 ποτα-

90 1190 159 1271 μοῦ
173 1186 410 1251 πεντεκαίδεκα
423 1184 544 1252 στόδιό
560 1187 630 1252 έστι
644 1186 678 1263 ές
693 1185 921 1272 Θερμοπύλας.
943 1189 981 1255 έν
996 1188 1033 1257 δέ
1053 1194 1114 1283 τῷ,

90 1279 214 1370 μεταξύ
221 1287 379 1361 Φοίνικος
387 1288 540 1370 ποταμοῦ
550 1285 860 1369 καὶΘερμοπνλέων
870 1283 964 1374 κόμη
975 1289 1013 1355 τέ
1020 1289 1099 1379 έστι,

89 1389 130 1474 τῇ
143 1380 272 1468 οὔνομα
282 1378 428 1469 Ἀνθήλη
439 1384 558 1469 κέεται,
566 1378 647 1467 παρ’
655 1378 699 1467 ἣν
708 1379 748 1468 δὴ
757 1383 983 1471 παραρρέωνὸ
996 1382 1099 1453 Ἀσω-

91 1479 155 1561 πὸς
169 1481 203 1560 ές
215 1480 394 1549 θάλασσαν
414 1483 556 1568 ἐκδιδοῖ,
577 1483 634 1548 καὶ
646 1487 754 1567 χῶρος
769 1485 845 1569 περὶ
865 1480 972 1571 αὐτὴν
986 1481 1098 1572 εὐρύς,

91 1585 129 1649 έν
150 1586 196 1672 τῷ
216 1578 397 1666 Δήμητρός
417 1604 453 1647 τε
473 1575 550 1667 ίρδν
569 1576 845 1665 Ἀμφικτυονίδος
866 1584 1016 1667 ίδρυται,
1043 1584 1099 1652 καὶ

92 1683 187 1767 ἕδραι
198 1682 261 1747 είσὶ
273 1676 490 1765 Ἀμφικτύοσι
500 1681 555 1748 καὶ
567 1675 673 1747 αὐτοῦ
684 1685 746 1746 τού
757 1675 1001 1765 Ἀμφικτύονος
1012 1680 1097 1766 ίρόν.

176 1776 341 1857 Βασιλεύς
360 1779 423 1865 μὲν
438 1776 480 1865 δὴ
494 1781 617 1865 Ξέρξης
637 1778 934 1861 ἐστρατοπεδεύετο
948 1785 1006 1865 τῆς
1021 1786 1101 1866 Μη-
1115 1799 1163 1852 201

91 1884 183 1959 λίδος
194 1880 231 1949 έν
244 1886 285 1969 τῇ
298 1883 468 1968 Τρηχινίη,
484 1880 519 1946 οί
533 1878 573 1945 δέ
585 1874 791 1964 δηἝλληνες
805 1878 841 1944 έν
851 1882 892 1967 τῇ
904 1876 1014 1969 διόδφ.
1038 1903 1100 1947 κα-

94 1981 198 2052 λέεται
213 1981 251 2047 δέ
266 1975 284 2047 ὁ
299 1986 407 2066 χῶρος
420 1969 520 2056 ούτος
533 1973 601 2045 ύπδ
613 1975 676 2061 μέν
687 1981 755 2043 τῶν
766 1975 920 2044 πλεόνων
930 1973 1100 2063 Ἑλλήνων

91 2076 320 2164 Θερμοπύλαι,
327 2074 395 2144 ύπδ
405 2075 442 2145 δὲ
452 2082 520 2144 τῶν
527 2077 714 2162 ἐπιχωρίων
724 2075 778 2143 καὶ
789 2079 970 2160 περιοίκων
976 2077 1098 2145 Πύλαι.

92 2176 412 2264 ἐστρατοπεδεύοντο
435 2175 497 2261 μέν
518 2200 585 2241 νυν
606 2173 756 2260 ἑκάτεροι
780 2174 817 2240 έν
844 2174 992 2242 τούτοισι
1013 2187 1099 2242 τοῖσι

91 2281 257 2364 χωρίοισι,
278 2274 456 2361 ἐπεκράτεε
475 2275 513 2343 δέ
534 2270 552 2342 ὁ
573 2273 636 2360 μέν
657 2278 724 2340 τῶν
744 2269 829 2360 πρὸς
839 2273 960 2360 βορέην
973 2273 1101 2362 ἄνεμον

92 2373 237 2458 έχόντων
251 2371 390 2442 πόντων
403 2375 499 2460 μέχρι
515 2369 693 2460 Τρηχῖνος,
712 2374 746 2440 οί
765 2376 801 2440 δὲ
816 2378 884 2440 τεόν
900 2371 984 2461 πρὸς
998 2373 1100 2441 νότον

92 2474 147 2539 καὶ
167 2477 377 2560 μεσαμβρίην
394 2472 571 2559 φερόντων
590 2468 628 2538 τὸ
651 2472 704 2538 έπδ
724 2468 847 2556 ταύτης
867 2476 925 2556 τῆς
947 2469 1098 2557 ἠπείρου.

87 2561 193 2635 Ἠσαν
208 2569 245 2637 δέ
261 2572 333 2637 οἵδε
348 2566 518 2656 Ἑλλήνων
539 2573 573 2637 οί
590 2566 817 2654 ὑπομένοντες
835 2566 896 2636 τόν
910 2571 1046 2656 Πέρσην
1065 2572 1102 2637 έν
1116 2587 1169 2643 λον

92 2665 199 2758 τούτω
214 2673 260 2758 τῷ
273 2666 388 2758 χύρφ·
409 2669 649 2755 Σπαρτιητέων
658 2692 694 2735 τε
703 2667 888 2754 τριηκόσιοι
903 2664 1035 2738 ὁπλῖται
1044 2672 1099 2739 καὶ

96 2766 285 2853 Τεγεητέων
299 2766 355 2832 καί
368 2767 573 2834 Μαντινέων
588 2770 704 2852 χίλιοι,
720 2761 853 2854 ἡμίσεες
867 2767 1049 2856 ἑκατέρων,
1065 2771 1099 2850 έξ

88 2861 289 2952 Ὀρχομενοῦ
303 2888 339 2931 τε
355 2873 413 2952 τῆς
424 2859 599 2952 Ἀρκαδίης
610 2872 715 2933 είκοσι
727 2867 782 2934 καὶ
794 2862 913 2935 έκατόν
927 2869 982 2934 καί
994 2869 1030 2934 έιι
1042 2873 1100 2953 τῆς

92 2970 208 3051 λοιπῆς
218 2960 392 3051 Ἀρκαδίης
406 2971 522 3052 χίλιοι·
541 2970 697 3039 τοσοῦτοι
710 2964 773 3051 μέν
783 2960 965 3052 Ἀρκάδων,
982 2961 1047 3032 ιἰπό
1063 2964 1100 3033 δέ

92 3067 268 3149 Κορίνθου
282 3064 492 3148 τετρακόσιοι
507 3067 561 3134 καί
576 3060 643 3133 όπδ
662 3071 847 3144 Φλιοῦντος
862 3066 1026 3152 διηκόσιοι
1044 3065 1100 3131 καὶ

92 3166 303 3247 Μυκηναίων
319 3161 530 3250 όμδύκοντα·
559 3155 653 3233 ούτοι
668 3167 731 3251 μέν
752 3160 817 3232 ύπδ
835 3163 1101 3251 Πελοποννήσου

92 3269 263 3351 παρῆσαν,
287 3258 354 3331 όπδ
376 3266 413 3333 δέ
428 3271 588 3335 Βοιωτῶν
601 3271 775 3335 Θεσπιέων
789 3291 825 3334 τε
839 3263 1029 3333 ἑπτακόσιοι
1043 3266 1100 3332 καὶ

6 3426 7 3437 ,
92 3369 249 3454 Θηβαίων
258 3367 476 3453 τετρακόσιοι.
498 3363 592 3453 Πρός
602 3366 752 3436 τούτοισι
764 3366 933 3451 ἐπίκλητοι
944 3365 1099 3451 ἐγένοντο
1114 3376 1167 3432 ξολ

93 3468 220 3550 Λοκροί
229 3490 265 3532 τε
280 3467 318 3616 οΙίΙ
323 3462 514 3537 Ὀπούντιοι
535 3472 741 3555 πανστρατιῇ
758 3467 813 3533 καὶ
828 3465 975 3618 Φωκέφμ
988 3467 1097 3552 χίλιοι.

174 3575 273 3615 mon.
321 3601 328 3615 ι
