2500 3925
316 269 402 326 ΗΒ.
435 270 483 329 Ν.
515 270 614 329 cm).
647 274 807 334 99-105.
1004 272 1068 338 ³³⁹

142 428 188 493 Οί
203 428 240 493 δέ
254 427 393 495 Σκύθαι
408 427 524 507 δόντες
544 435 641 515 σφίσι
657 430 779 520 λόγον,
801 431 845 514 ὡς
866 434 928 505 ούκ
950 434 1018 507 ολοί
1032 442 1073 509 τέ
1086 455 1132 511 102

63 534 120 595 είσι
134 524 195 595 τόν
209 534 362 614 Δαρείου
378 524 523 614 στρατόν
544 533 707 619 ίθυμαχίη
728 531 916 604 διώσασθαι
931 544 1064 626 μοῦνοι,

61 632 206 713 ἔπεμπον
221 628 255 705 ές
269 623 348 705 τοῦς
359 628 611 714 πλησιοχώρους
622 625 801 715 ἀγγέλους
820 639 889 701 τών
904 636 940 701 δὲ
952 638 1008 703 καὶ
1023 631 1064 721 δή

60 724 260 815 οίβασιλέες
275 725 502 806 συνελθόντες
522 727 786 816 έβουλεύοντο’
764 757 809 811 ως
825 741 970 821 στρατοῦ
987 737 1065 803 έπε-

59 826 242 903 λαύνοντος
265 824 424 911 μεγάλου.
454 820 543 911 ἦσαν
563 830 600 895 δὲ
622 833 656 897 οι
675 832 899 913 συνελθόντες
912 838 1063 921 βασιλέες

62 925 203 1010 Ταύρωι
219 927 275 992 καὶ
290 921 511 1010 Ἀγαθύρσων
527 929 741 1014 καὶΝευρῦυ
755 932 810 998 καί
822 927 1063 1020 Ἀνδροφάγων

58 1026 107 1090 καὶ
118 1031 391 1111 Μελαγχλαίνων
406 1026 461 1092 καί
471 1030 638 1093 Γελωνων
647 1028 702 1094 καί
711 1031 890 1098 Βουδίνων
899 1032 955 1099 καί
965 1040 1062 1099 Σαυ-
1112 1056 1117 1067 ’

56 1128 236 1212 ροματέων.
286 1125 425 1193 Τούτων
442 1132 568 1213 Ταῦροι
590 1124 708 1211 μέν’
667 1148 800 1213 νομοισι
813 1133 971 1199 τοιοισίδε
985 1131 1058 1218 χρέ-
1082 1140 1130 1195 103

56 1250 164 1292 ονται·
186 1224 317 1292 θύουσι
337 1223 400 1311 μὲν
419 1230 460 1313 τῇ
479 1226 641 1316 παρθένῳ
659 1226 739 1305 τούς
758 1253 794 1295 τε
813 1228 985 1316 ναυηγοῦς
1005 1233 1060 1302 καί

54 1322 129 1402 τοῦς
144 1318 190 1391 ἄν
207 1322 337 1410 λάβωσι
348 1321 518 1411 Ἑλλήνων
528 1317 784 1443 ἀπενειχθέντας
795 1328 908 1419 τρόπφ
922 1334 1057 1420 τοιῷδε·

53 1422 297 1509 καταρξάμενοι
310 1423 446 1542 ροπάλω
468 1430 605 1492 παίουσι
621 1426 684 1511 τήν
699 1427 923 1548 κεφαλήν.οί
941 1431 1004 1515 μὲν
1018 1428 1059 1515 δή

53 1524 203 1609 λέγουσι,
229 1517 274 1599 ὡς
292 1518 331 1588 τό
353 1528 448 1607 σῶμα
467 1519 533 1589 άπό
554 1530 616 1591 τοῦ
637 1530 790 1610 κρημνοῦ
806 1522 953 1594 ὠθέουσι
969 1527 1059 1596 κάτω

52 1622 115 1703 (ἐπὶ
125 1618 194 1707 γάρ
210 1624 364 1706 κρημνοῦ
378 1621 511 1706 ἵδρυται
522 1618 559 1689 τὰ
571 1621 672 1709 ίρόν),
687 1620 750 1711 τήν
761 1620 798 1691 δέ
808 1622 960 1712 κεφαλήν
974 1623 1060 1693 άυα-

50 1728 253 1811 σταυροῦσι,
278 1726 312 1790 οί
324 1721 361 1790 δὲ
377 1719 461 1789 κατά
486 1722 549 1808 μὲν
567 1720 631 1811 τήν
656 1720 807 1811 κεφαλήν
828 1722 1057 1813 ὁμολογέουσι,

50 1823 84 1891 τὰ
100 1826 219 1910 μέντοι
231 1827 326 1908 σῶμα
338 1818 401 1889 οῦκ
415 1818 583 1892 ὠθέεσθαι
597 1820 662 1891 άπό
674 1829 736 1891 τοῦ
747 1828 900 1911 κρημνοῦ
910 1822 1056 1911 λέγουσι,

50 1920 131 1992 άλλά
146 1928 190 2012 γή
202 1919 422 2008 κρύπτεσθαι.
446 1919 508 2009 τήν
519 1926 555 1992 δὲ
566 1926 708 2011 δαίμονα
719 1923 856 2010 ταύτην,
866 1929 907 2013 τῇ
916 1922 1055 2011 θύουσι,

51 2026 185 2109 λέγουσι
203 2017 300 2089 αὐτοὶ
317 2028 444 2109 Ταῦροι
456 2019 655 2111 Ἰφιγένειαν
674 2022 737 2111 τήν
750 2021 994 2110 Ἀγαμέμνονος
1010 2021 1056 2090 εί-

52 2153 113 2193 ναι.
137 2129 322 2210 πολεμίους
337 2120 372 2189 δὲ
389 2121 530 2211 άνδρας,
552 2121 633 2204 τοῦς
648 2120 692 2191 άν
711 2123 953 2210 χειρώσωνται,
978 2147 1056 2189 ποι-

52 2231 121 2292 εῦσι
141 2223 241 2292 τάδε·
264 2218 447 2308 ἀποταμών
469 2223 606 2302 ἕκαστος
625 2221 778 2309 κεφαλήν
799 2219 1001 2307 άποφέρεται
1023 2223 1055 2300 ές

51 2324 87 2392 τά
113 2329 222 2409 οίκία,
249 2327 379 2390 ἔπειτεν
406 2323 459 2389 ἐπί
482 2323 586 2402 ξύλου
597 2316 744 2405 μεγάλου
754 2313 938 2404 άναπείρας
946 2320 1054 2402 ἵστησι

49 2422 132 2511 ὑπὲρ
154 2429 214 2509 τῆς
229 2426 332 2508 οίκίης
347 2418 578 2508 ὑπερέχουσαν
593 2417 736 2508 πολλόν,
759 2420 901 2506 μάλιστα
919 2418 955 2485 δὲ
969 2413 1053 2499 ὑπὲρ

46 2533 102 2613 τής
117 2521 351 2609 καπνοδόκης·
380 2525 463 2608 φασί
484 2524 520 2591 δέ
533 2523 674 2603 τούτους
689 2522 863 2609 φυλάκους
876 2527 934 2606 τῆς
949 2526 1054 2605 οίκίης

45 2627 157 2712 πάσης
171 2620 473 2711 ὑπεραιωρέεσθαι.
498 2623 619 2704 ζώουσι
634 2623 670 2691 δὲ
684 2619 749 2690 άπὸ
764 2626 859 2707 ληίης
872 2645 907 2687 τε
923 2621 978 2687 καί
991 2642 1055 2685 πο-

45 2729 161 2811 λέμου.
207 2719 414 2808 Ἀγάθυρσοι
436 2724 472 2792 δὲ
494 2722 673 2812 ἁβρότατοι
689 2721 809 2806 ἄνδρες
825 2723 885 2790 είσί
903 2723 958 2788 καὶ
972 2743 1055 2805 χρυ·
1071 2742 1121 2797 ιης

45 2823 193 2910 σοφόροι
210 2819 251 2888 τά
268 2821 427 2908 μάλιστα,
448 2823 620 2890 ἐπίκοινον
646 2821 682 2888 δὲ
707 2827 774 2887 τῶν
799 2823 971 2906 γυναικών
991 2813 1054 2902 τήν

45 2927 136 3009 μῖξιν
152 2926 344 3007 ποιεῦνται,
367 2924 424 2987 ἵνα
445 2927 641 3007 κασίγνητοί
658 2947 693 2988 τε
714 2918 869 3008 άλλήλων
894 2925 971 2987 ἔωσι
997 2917 1053 2982 καὶ

47 3021 168 3108 οἰκήιοι
185 3017 298 3098 έόντες
311 3019 434 3099 πάντες
448 3020 530 3106 μήτε
544 3020 667 3110 φθόνῳ
687 3018 763 3108 μήτ’
782 3025 875 3105 ἔχθεϊ
891 3020 1051 3103 χρέωνται

47 3125 79 3200 ές
89 3121 267 3209 ἀλλήλους.
292 3118 332 3188 τά
344 3117 376 3187 δ’
393 3118 476 3189 άλλα
488 3121 610 3206 νόμαια
621 3120 736 3206 Θρήιξι
748 3114 1050 3206 προσκεχωρήκασι.

46 3224 174 3304 Νευροὶ
197 3219 234 3286 δὲ
254 3219 388 3306 νόμοισι
408 3220 471 3306 μέν
487 3222 640 3305 χρέονται
654 3227 875 3302 Σκυθικοισι,
897 3240 996 3303 γενεη
981 3209 1052 3278 δέ
1075 3225 1124 3284 1οο

47 3324 104 3404 μιῇ
130 3315 300 3403 πρότερόν
322 3338 427 3402 σφεας
449 3323 507 3403 τής
527 3323 677 3401 Δαρείου
698 3319 935 3401 στρατηλασίης
955 3313 1053 3380 κατό-

49 3423 126 3501 λαβε
142 3415 342 3484 ἐκλιπεῖν
307 3444 368 3504 την
382 3416 496 3503 χώρην
516 3423 628 3484 πᾶσαν
651 3411 699 3482 ῦττ
704 3410 858 3498 ’ὀφίωνΙ
895 3437 971 3529 οφις
989 3409 1053 3495 γάρ

49 3535 106 3592 σφι
117 3511 266 3591 πολλοῦς
277 3511 369 3599 μὲν,
351 3542 370 3580 ν
383 3514 474 3600 χώρη
485 3541 658 3597 ανεφαιι
632 3540 647 3579 ε
674 3539 702 3578 οι
697 3509 803 3576 δελ
764 3517 807 3576 πλ
800 3514 905 3657 εῦνρς
916 3506 959 3574 άυ
949 3512 1052 3577 ωθέν

748 3651 755 3663 ,
849 3593 905 3657 ἳ·
