2500 3925
367 283 451 340 ΗΒ.
484 283 516 338 11.
551 283 649 340 cAP.
683 287 824 344 64-67.
1040 279 1101 344 149

111 448 220 529 τρίχας·
239 440 278 510 τὸ
300 438 333 509 δ’
349 437 393 508 ἀν
409 440 550 528 έλκύση,
571 446 671 508 τοῦτο
693 445 732 528 τῇ
754 446 931 534 μελεδωνῷ
950 449 1019 512 τών
1031 451 1098 529 θη-

109 547 179 623 ρίον
200 544 302 608 διδοῖ·
330 537 352 627 ἡ
374 537 406 606 δ’
430 535 504 607 ἀντ’
521 536 628 605 αὐτοῦ
648 538 823 624 τάμνουσα
844 544 943 626 ἰχθύς
966 541 1098 626 παρέχει

106 636 200 726 βορὴν
221 653 307 707 τοῖσι
331 644 490 725 θηρίοισι.
524 635 633 723 τροφὴ
661 636 723 722 μὲν
745 635 793 724 δη
809 634 939 708 αύτοισι
962 639 1097 727 τοιαύτη

39 814 43 834 Ι
104 735 323 805 ἀποδέδεκται·
352 734 390 805 τὸ
417 734 448 803 δ’
476 733 520 803 ἀν
543 761 592 813 τις
613 739 683 800 τών
706 739 839 820 θηρίων
861 734 992 804 τούτων
1014 733 1091 803 ἀπο-

103 841 219 922 κτείνῃ,
239 829 285 922 ἢν
299 835 363 920 μέν
387 830 491 920 ἑκών,
512 834 662 910 θάνατος
680 828 702 919 ἡ
721 837 834 919 ζημίη,
856 828 900 920 ἢν
920 833 956 902 δέ
977 830 1097 934 ἀέκων,

102 932 241 1002 ἀποτίνει
261 940 397 1022 ζημίην,
424 933 487 1021 τήν
512 930 557 1000 ἀν
580 936 614 1000 οί
635 933 720 1019 ίρέες
742 931 914 1012 τάξωνται.
950 929 988 1012 ὁς
1003 930 1035 1002 δ’
1053 929 1098 1000 ἀν

101 1027 193 1118 λβινῆ
208 1041 309 1118 ἴρηκα
324 1030 520 1121 ἀποκτείνῃ,
535 1030 579 1119 ἥν
590 1055 628 1098 τε
642 1027 728 1098 ἑκών
737 1027 781 1118 ἤν
791 1057 827 1099 τε
837 1027 956 1119 ἀέκων,
972 1033 1098 1102 τεθνά-

99 1162 147 1202 ναι
159 1131 299 1222 ἀνάγκη.
344 1143 487 1204 Πολλῶν
508 1137 545 1202 δὲ
564 1133 690 1202 ἐόντων
706 1137 775 1200 τών
795 1129 996 1220 ὁμοτρόφων
1011 1147 1096 1202 τοῖσι
1112 1149 1146 1206 66

99 1233 304 1322 ἀνθρώποισι
316 1245 449 1326 θηρίων
468 1241 582 1326 πολλῷ
603 1230 647 1302 ἀν
665 1239 712 1301 έτι
734 1236 823 1301 πλέω
844 1235 987 1320 ἐγίνετο,
1009 1238 1039 1302 εί
1051 1231 1095 1320 μὴ

98 1335 319 1423 κατελάμβανε
339 1335 419 1419 ρούς
442 1335 640 1420 αίελούρους
665 1333 786 1400 τοιάδε.
811 1331 912 1402 έπεάν
927 1337 1046 1403 τέκωσι
1063 1337 1100 1402 αδ

97 1436 224 1524 θήλεαι,
248 1435 362 1508 οάκέτι
376 1441 549 1525 φοιτέουσι
562 1434 654 1522 παρὰ
670 1431 750 1512 τούς
766 1439 920 1523 ἔρσενας·
942 1440 976 1504 οέ
989 1434 1026 1503 δέ
1043 1439 1095 1503 δι-

97 1534 219 1622 ζήμενοι
244 1545 425 1625 μίσγεσθαι
445 1535 565 1626 αύτῇσι
582 1531 645 1602 ούκ
667 1538 788 1618 έχουσι.
821 1532 904 1620 πρὸς
927 1528 975 1602 ών
992 1539 1096 1602 ταῦτα

96 1641 281 1720 σοφίζονται
294 1639 391 1706 τάδε·
409 1636 613 1721 ἁρπάζοντες
626 1631 692 1700 ἀπὸ
704 1638 772 1701 τών
782 1639 918 1719 θηλέων
928 1638 983 1703 καλ
994 1633 1097 1704 ὑπαι-

96 1732 245 1820 ρεὸμενοι
259 1734 301 1802 τά
321 1740 422 1803 τέκνα
437 1741 623 1818 κτείνουσι,
646 1737 833 1811 κτείναντες
847 1737 960 1820 μέντοι
974 1730 1016 1801 ού
1030 1758 1097 1800 πα-

96 1835 225 1901 τέονται.
260 1838 297 1901 αί
323 1837 360 1902 δὲ
384 1835 638 1922 στερισκόμεναι
658 1839 727 1900 τών
750 1835 894 1922 τέκνων,
921 1834 1033 1904 ἀλλων
1060 1835 1097 1902 δὲ

95 1932 344 2021 ἐπιθυμέουσαι,
359 1931 449 2001 οὕτω
462 1930 504 2021 δὴ
515 1930 730 2003 ἀπικνέονται
744 1931 835 2018 παρά
849 1932 929 2014 τούς
943 1939 1095 2021 ἔρσενας·

95 2030 292 2115 φιλότεκνον
300 2026 364 2114 γάρ
376 2030 414 2098 τὸ
425 2039 560 2119 θηρίον.
585 2039 750 2121 πυρκαιῆς
765 2033 801 2101 δὲ
820 2039 1002 2122 γενομένης
1018 2046 1096 2105 θεῖα

94 2129 266 2216 πράγματα
287 2131 535 2219 καταλαμβάνει
555 2129 636 2208 τούς
656 2130 869 2217 αἰελούρους·
896 2136 930 2200 οί
948 2132 1010 2218 μέν
1030 2130 1095 2219 γάρ

94 2230 269 2315 Αἰγύπτιοι
292 2234 485 2311 διαστάντες
506 2228 662 2319 φυλακάς
682 2236 794 2315 έχουσι
809 2237 878 2299 τών
898 2234 1095 2321 αἰελούρων,

25 2363 26 2366 “
92 2327 312 2419 ἀμελήσαντες
333 2335 516 2420 σβεννύναι
537 2330 574 2400 τὸ
598 2331 796 2417 καιόμενον,
819 2337 853 2399 ολ
877 2333 913 2401 δὲ
928 2337 1096 2421 αίέλουροι

93 2432 285 2511 διαδύοντες
299 2436 355 2502 καλ
368 2432 672 2522 ὑπερθρώσκοντες
685 2429 764 2510 τούς
779 2429 984 2516 ἀνθρώπους
998 2436 1097 2503 ἐσάλ-

91 2540 202 2599 λονται
230 2532 265 2610 ές
287 2530 326 2599 τὸ
351 2540 429 2627 πῦρ.
461 2540 567 2601 ταῦτα
587 2536 624 2600 δὲ
643 2532 806 2619 γινόμενα
821 2535 950 2601 πένθεα
969 2534 1096 2621 μεγάλα

92 2627 164 2708 τούς
174 2636 384 2717 Αίγυπτίους
395 2631 653 2718 καταλαμβάνει.
677 2634 715 2699 έν
725 2627 847 2699 ὁτέοισι
859 2628 891 2698 δ’
906 2628 949 2698 ἀν
964 2636 1096 2699 οἰκίοισι

92 2731 261 2813 αἰέλουρος
275 2725 435 2818 άποθάνη
455 2727 521 2796 ἀπὸ
536 2737 599 2797 τοῦ
615 2726 823 2816 αὐτομάτου,
846 2734 880 2797 οί
895 2732 1096 2805 ἐνοικέοντες

91 2826 209 2904 πάντες
224 2830 399 2909 ξυρέονται
412 2825 471 2905 τάς
485 2825 595 2913 ὀφρῦς
609 2827 756 2913 μούνας,
773 2824 855 2909 παρ’
871 2824 994 2899 ὁτέοισι
1008 2823 1038 2893 δ
1052 2820 1095 2891 ἀν

92 2925 198 3011 κύων,
219 2931 289 2992 πᾶν
309 2922 347 2993 τὸ
368 2932 465 3013 σῶμα
484 2931 539 2994 καλ
559 2922 622 3013 τὴν
642 2925 802 3014 κεφαλήν.
844 2925 1043 3013 Ἀπάγονται
1058 2928 1093 2993 δέ
1108 2936 1141 2993 ολ

93 3028 123 3090 οί
135 3028 306 3109 αἰέλουροι
322 3018 554 3103 ἀποθανόντες
569 3026 602 3102 ές
616 3023 691 3111 ίράς
703 3028 829 3110 στέγας,
846 3030 931 3091 ἔνθα
941 3023 1094 3091 θάπτου-

91 3148 141 3189 ται
156 3123 427 3208 ταριχευθέντες,
449 3126 487 3190 έν
500 3122 670 3209 Βουβάστι
684 3122 778 3191 πόλι·
800 3121 859 3201 τὰς
880 3125 916 3190 δὲ
936 3120 1042 3199 κύνας
1057 3123 1094 3188 έν

92 3223 278 3304 τῇὲωυπών
298 3222 430 3288 ἔκαστοι
445 3221 525 3289 πόλι
537 3219 710 3288 θάπτουσι
723 3226 761 3288 έν
775 3223 865 3308 ἱρῇσι
879 3220 1014 3309 θήκῃσι.
1050 3215 1094 3297 ὡς

92 3320 126 3382 δὲ
139 3314 250 3407 αὕτως
263 3324 339 3407 τῇσι
353 3322 431 3386 κυσλ
452 3322 486 3387 οί
501 3322 648 3405 ίχυευιαλ
664 3319 861 3387 θάπτονται.
895 3315 953 3397 τάς
974 3319 1011 3385 δὲ
1027 3343 1093 3402 μυ-

92 3413 483 3503 γαλέαςκαλτούςίρηκας
497 3415 665 3502 ἀπάγουσι
682 3418 714 3493 ές
729 3420 882 3483 Βουτοῦν
898 3413 1014 3497 πόλιν,
1035 3411 1094 3488 τάς

93 3514 126 3581 δέ
141 3522 208 3598 ίβις
223 3517 257 3593 ές
264 3513 390 3602 Ἑρμέω
404 3515 512 3584 πόλιν.
535 3513 595 3593 τάς
609 3519 646 3581 δὲ
661 3513 804 3599 ἀρκτους
818 3511 937 3587 έούσας
953 3514 1094 3583 σπανίας
