2500 3925
334 239 421 296 ΗΒ.
453 236 512 292 Vll.
546 234 646 293 GAP.
681 241 854 297 109-116.
1038 234 1100 299 169

93 401 148 467 καί
162 397 336 476 Παιόπλας
351 388 520 482 παρεξιοδν
532 387 586 481 ἤιε
599 391 684 481 πρός
699 397 857 483 ἕσπέρην,
880 399 912 475 ές
928 394 946 464 δ
963 393 1098 468 ἀπίκετο

91 498 146 565 ἐπὶ
162 495 314 584 ποταμόν
323 521 359 563 τε
369 491 553 581 Στρυμόνα
567 493 623 560 καί
638 489 739 561 πόλιν
749 486 874 581 Ἠίόνα,
891 500 948 581 τῆς
960 499 1007 562 έτι
1019 490 1099 576 ζωός

91 593 158 664 ἐών
172 587 252 683 ἦρχε
261 595 389 681 Βόγης,
407 594 533 679 τοῦπερ
556 588 658 682 ὀλίγῳ
673 591 838 678 πρότερον
852 594 982 662 τούτων
997 593 1099 681 λόγον

91 695 284 782 ἐποιεύμην.
306 691 328 782 ἡ
343 692 380 761 δέ
390 699 434 779 γῆ
448 690 534 777 αὕτη
549 688 570 777 ἡ
587 694 664 776 περὶ
678 688 716 759 τό
729 691 904 778 Πάγγαιον
921 686 1023 778 οὖρος
1037 721 1099 762 κα-

90 799 199 865 λέεται
216 796 357 879 Φυλλὶς,
381 798 622 860 κατατείνουσα
642 789 683 858 τά
705 793 768 878 μέν
784 789 868 880 πρός
888 795 1030 881 ἑσπέρην
1047 797 1099 864 ἐπὶ

91 891 244 980 ποταμόν
253 889 406 979 Ἀγγίτην
417 889 591 959 ἐκδιδόντα
603 891 635 968 ές
646 886 706 956 τόν
712 890 906 980 Στρυμόνα,
914 889 956 961 τά
968 895 1004 962 δέ
1015 891 1099 981 πρός

90 986 300 1083 μεσαμβρίην
314 1000 470 1062 τείνουσα
483 994 518 1087 ές
535 987 640 1059 αύτόν
653 988 714 1058 τόν
727 992 926 1079 Στρυμόνα,
946 996 978 1073 ές
993 992 1052 1063 τὸν
1067 1001 1101 1064 οί

86 1091 436 1179 Μάγοιέκαλλιρέοντο
451 1092 634 1178 σφάζοντες
647 1093 771 1171 ίππονς
784 1093 936 1172 λευκούς.
960 1103 1100 1184 Φαρμα-
1114 1103 1165 1166 114

89 1191 270 1270 νεύσαντες
281 1191 432 1258 δὲταῦτα
443 1187 547 1270 έςτδν
558 1188 710 1277 ποταμόν
725 1191 780 1260 καὶ
795 1189 879 1263 ἀλλα
893 1193 1001 1263 πολλὰ
1016 1193 1100 1282 πρός

89 1289 237 1358 τούτοισι
251 1291 288 1356 έν
299 1285 414 1358 Ἐννέα
425 1286 533 1358 όδοτσι
546 1295 621 1378 τῇσι
633 1294 792 1358 Ἠδωντόν
803 1291 1003 1377 ἐπορεύοντο
1016 1291 1099 1360 κατὰ

93 1385 150 1466 τάς
168 1386 321 1474 γεφύρας
334 1386 396 1456 τόν
410 1388 595 1476 Στρυμόνα
615 1384 773 1476 εὑρόντες
790 1390 997 1476 ἐζευγμένον.
1026 1389 1100 1461 Ἐυ-

90 1487 152 1554 νέα
162 1485 199 1554 δέ
210 1482 312 1565 ὁδούς
321 1487 580 1574 πυνθανόμενοι
590 1484 651 1556 τόν
664 1493 774 1577 χῶρον
788 1493 910 1557 τοῦτον
920 1493 1100 1560 καλέεσθαι

90 1583 273 1663 τοσούτους
287 1587 324 1652 έν
335 1581 427 1676 αύτῷ
437 1585 559 1666 ααίδάς
569 1611 605 1655 τε
615 1587 670 1655 καὶ
682 1588 876 1676 παρθένους
886 1584 1022 1677 ἀνδρῶν
1031 1595 1100 1658 τῶν

90 1686 276 1769 έπιχεορίων
291 1683 436 1764 ζώοντας
449 1684 679 1773 κατώρυσσον.
707 1683 878 1775 Περσικόν
893 1688 930 1756 δὲ
943 1685 979 1755 τὸ
997 1686 1101 1768 ζώον-

90 1811 148 1864 τας
162 1784 394 1873 κατορύσσειν,
407 1787 478 1854 ἐπεὶ
488 1788 543 1855 καί
551 1785 735 1874 Ἄμηστριν
745 1783 806 1874 τὴν
816 1790 946 1877 Ξέρξεω
956 1804 1100 1877 γυναῖκα

89 1883 309 1971 πυνθάνομαι
329 1885 527 1974 γηράσασαν
548 1889 599 1970 δίς
612 1884 693 1955 ἑπτά
708 1887 868 1973 Περσέων
887 1893 1006 1969 παῖδας
1023 1889 1101 1958 έόν-

89 2011 158 2052 των
173 1987 366 2071 ἐπιφανέων
381 1983 518 2074 ἀνδρῶν
534 1983 620 2073 ὑπέρ
636 1988 760 2073 ἑωυτῆς
775 1995 821 2077 τῷ
836 1984 903 2057 ὑπό
919 1994 985 2076 γῆν
1001 1997 1099 2077 λεγο-

90 2082 180 2173 μένῳ
196 2081 282 2151 εἶναι
300 2090 373 2173 θεῷ
394 2081 663 2172 ἀντιχαρίζεσθαι
681 2086 967 2172 κατορύσσουσαν.
991 2087 1050 2168 Ὡς
1065 2090 1101 2157 δέ
1117 2104 1167 2159 115

89 2177 155 2248 ἀπδ
172 2185 234 2247 τοῦ
245 2182 445 2270 Στρυμόνος
460 2183 639 2272 ἐπορεύετο
651 2181 669 2251 ὁ
681 2182 837 2272 στρατός,
855 2188 1004 2256 ένθαῦτα
1016 2185 1100 2276 πρὸς

88 2278 186 2368 ἡλίου
201 2283 358 2368 δυσμέων
373 2283 441 2351 έστί
455 2279 620 2369 αἰγιαλός,
638 2284 676 2351 έν
690 2288 736 2374 τῷ
751 2282 1099 2374 οίκημένην’Ἁργιλον

87 2381 188 2450 πόλιν
196 2379 338 2451 Ἑλλάδα
354 2383 518 2470 παρεξήίε.
548 2381 634 2470 αὕτη
649 2385 686 2452 δέ
701 2386 756 2451 καὶ
772 2381 793 2471 ἡ
810 2385 1002 2473 κατύπερθε
1016 2386 1100 2455 ταύ-

64 2522 67 2532 -
88 2506 147 2564 της
160 2480 312 2547 καλέεται
324 2487 493 2567 Βισαλτίη.
517 2482 680 2549 ἐνθεῦτεν
696 2482 732 2548 δὲ
747 2481 876 2549 κόλπον
887 2480 947 2550 τόν
963 2484 1016 2549 έπί
1026 2491 1100 2551 Πο-

92 2580 222 2662 σιδηίου
237 2578 269 2657 ἐξ
285 2573 462 2666 ἀριστερῆς
476 2574 586 2665 χειρός
600 2583 686 2663 ἔχων
699 2575 752 2663 ἥτε
767 2574 821 2643 διά
836 2583 966 2657 Συλέος
980 2583 1099 2647 πεδίου

88 2679 311 2766 καλεομένου,
325 2677 516 2765 Στάγειρον
530 2675 631 2746 πόλιν
640 2672 782 2746 Ἐλλάδα
798 2676 1099 2765 παραμειβόμενος,

88 2778 143 2845 καί
156 2772 290 2845 ἀπίκετο
307 2780 340 2857 ές
346 2776 538 2865 Ἄκανθον,
555 2773 624 2861 ἀμα
636 2771 801 2861 ἀγόμενος
816 2773 945 2843 τούτων
958 2777 1100 2846 ἕκαστον

87 2882 156 2945 τῶν
169 2878 301 2945 ἐθνέων
316 2878 455 2947 καὶτῶν
465 2880 541 2962 περὶ
551 2872 588 2946 τό
600 2874 778 2962 Πάγγαιον
789 2866 891 2962 οὖρος
906 2875 1099 2961 οἰκεόντων,

88 2972 210 3062 ὁμοίως
226 2977 365 3043 καὶτῶν
382 2976 548 3064 πρότερον
563 2975 739 3062 κατέλεξα,
754 2972 834 3053 τούς
847 2975 910 3061 μέν
925 2971 1016 3060 παρὰ
1031 2972 1101 3042 θά-

88 3080 215 3140 λασσαν
226 3078 312 3158 έχων
326 3076 525 3162 οἰκημένους
539 3077 578 3143 έν
590 3076 691 3161 νηυσί
705 3074 1003 3163 στρατευομένους,
1020 3068 1100 3149 τούς

89 3166 120 3237 δ’
136 3166 222 3257 ὑπέρ
239 3172 413 3260 θαλάσσης
427 3178 507 3261 πεζῇ
524 3175 716 3259 ἑπομένους.
739 3170 803 3260 τήν
817 3172 854 3241 δέ
868 3167 952 3239 ὁδόν
962 3170 1100 3257 ταύτην,

88 3274 127 3356 τῇ
141 3265 298 3355 βασιλεὺς
314 3274 437 3357 Ξέρξης
452 3268 513 3339 τδν
528 3268 673 3356 στρατόν
689 3269 809 3358 ἤλασε,
828 3268 907 3339 οὔτε
921 3270 1100 3355 συγχέουσι

88 3366 228 3456 Θρήικες
238 3364 312 3436 οὔτ’
327 3370 566 3458 ἐπισπείρουσι,
579 3372 737 3458 σέβονταί
745 3394 780 3438 τε
791 3368 945 3456 μεγάλως
956 3364 993 3435 τό
1006 3370 1102 3456 μέχρι

87 3469 175 3553 έμεῦ.
194 3464 253 3548 Ὡς
269 3469 307 3536 δέ
321 3467 387 3554 ἀρα
401 3472 435 3550 ές
448 3468 691 3557 τήνἍκανθον
709 3467 861 3556 ἀπίκετο,
884 3472 1011 3554 ξεινίην
1026 3492 1062 3535 τε
1079 3465 1097 3538 ὁ
1115 3476 1167 3537 116
