2500 3925
352 239 439 295 LIB.
474 238 521 294 VI.
556 237 655 295 CAP.
687 238 828 296 58-62.
1055 230 1096 293 85

75 406 144 478 Ιλος
160 405 228 466 τῷν
244 400 484 486 Σπαρτιητέων
505 392 608 483 ἀνὴρ,
631 401 678 486 τῷ
693 396 891 480 προσεκέετο
904 399 972 462 τῷν
986 391 1097 462 ἀστῷν

86 493 228 581 μάλιστα
239 493 256 564 ὁ
269 494 437 583 Ἀρίστων.
462 493 569 584 τούτῳ
580 499 626 584 τῷ
638 491 737 581 ἀνδρὶ
751 492 910 580 ἐτύγχανε
921 495 1022 562 ἐοῦσα
1032 521 1096 580 γυ-
1163 539 1169 548 ·

87 590 130 680 νὴ
145 599 302 680 καλλίστη
318 600 434 683 μακρῷ
446 597 517 661 τῷν
526 595 563 660 ἐν
573 591 716 682 Σπάρτη
729 599 913 679 γυναικῷν,
927 593 1096 660 καὶταῦτα

87 693 201 781 μέντοι
217 702 300 762 καλλ
315 713 375 780 στη
392 695 425 773 ἐξ
438 698 608 779 ἀἰσχίστης
622 694 797 778 γενομένη.
821 696 945 761 έοῦσαν
957 693 1024 780 γάρ
1038 719 1097 778 μιν

86 790 124 860 τὸ
143 791 229 872 εἶδος
241 791 430 881 φλαύρηνὴ
444 791 570 878 τροφὸς
580 790 699 879 αὐτῆς,
716 789 770 861 οἷα
783 791 978 879 ἀνθρώπων
988 819 1024 862 τε
1038 790 1098 862 ὀλ-

86 896 172 978 βίων
179 898 352 980 θυγατέρα
363 894 418 960 καί
429 893 585 960 δυσειδέα
596 892 730 977 ἐοῦσαν,
744 888 830 980 πρὸς
840 893 876 961 δέ
887 894 943 961 καὶ
953 891 1097 977 ὁρέουσα

86 986 166 1068 τούς
179 991 299 1074 γονέας
314 988 495 1078 συμφορὴν
509 987 547 1058 τὸ
559 987 646 1068 εἶδος
656 987 758 1078 αὐτῆς
769 995 1001 1080 ποιευμένους,
1013 998 1096 1060 ταῦ·

85 1113 127 1154 τα
147 1089 268 1154 ἕκαστα
289 1097 448 1173 μαθοῦσα
464 1087 679 1175 ἐπιφράζεται
693 1088 823 1157 τοιάδε·
853 1088 973 1177 έῷόρεε
988 1088 1096 1176 αὐτὴν

86 1181 152 1252 ἀνά
168 1192 280 1253 πᾶσαν
293 1184 422 1274 ἡμέρην
437 1188 470 1264 ἐς
484 1184 521 1253 τὰ
538 1191 596 1273 τῆς
605 1184 739 1273 Ἑλένης
754 1186 846 1274 ίρόα·
872 1184 909 1256 τὸ
925 1185 957 1255 δ’
976 1192 1044 1270 ἐστὶ
1058 1190 1096 1255 ἐν

84 1282 292 1372 τῇΘεράπνη
304 1285 503 1374 καλευμένη,
516 1283 646 1371 ὕπερθε
656 1291 717 1350 τοῦ
725 1291 889 1378 Φοιβηίου
899 1291 992 1373 ίροῦ·
1008 1284 1095 1364 ὅκως

86 1384 123 1450 δὲ
137 1383 272 1460 έυείκειε
286 1380 306 1470 ἡ
318 1385 460 1470 τροφός,
476 1382 561 1471 πρός
570 1409 607 1451 τε
620 1381 777 1469 τῷγαλμα
791 1385 864 1467 ἵστη
878 1387 933 1453 καὶ
948 1388 1094 1455 ἐλίσσετο

86 1477 149 1566 τὴν
162 1477 248 1548 θεὸν
263 1477 448 1562 ἀπαλλάξαι
466 1488 523 1569 τῆς
537 1486 748 1569 δυσμορφίης
761 1478 799 1549 τδ
816 1488 961 1553 παιδίον.
984 1488 1039 1552 καὶ
1053 1482 1094 1570 δή

85 1604 162 1647 κοτε
176 1576 323 1667 ἀπιούση
338 1583 375 1648 έκ
385 1587 446 1648 τοῦ
458 1585 534 1666 ίροῦ
545 1587 584 1669 τῇ
598 1587 713 1671 τροφῷ
724 1595 869 1666 γυναῖκα
879 1585 1009 1670 λέγεται
1022 1586 1094 1652 ἐπι-
1165 1608 1178 1614 ·

87 1682 252 1763 φανῆναι,
270 1679 490 1764 ἐπιφανεῖσαν
505 1679 541 1746 δέ
556 1681 750 1766 ἐπείρεοθαί
762 1704 839 1767 μιν,
861 1678 882 1748 ὅ
897 1705 929 1748 τι
944 1684 1040 1768 φέρει
1056 1683 1094 1748 ἐν

2 1791 3 1794 ’
86 1783 125 1866 τῇ
139 1773 285 1864 ἀγκάλη,
301 1771 357 1844 καί
369 1773 432 1864 τὴν
446 1776 591 1866 φράσαι,
613 1773 658 1855 ὡς
671 1781 807 1844 παιδίον
822 1781 953 1865 φορέει·
980 1774 1042 1863 τὴν
1057 1779 1094 1845 δέ

85 1881 243 1944 κελεῦσαί
255 1881 292 1965 οί
303 1879 403 1962 δέξαι,
431 1873 492 1962 την
507 1875 544 1942 δὲ·
560 1873 601 1942 ού
616 1873 739 1960 φάναι·
761 1874 965 1962 ἀπειρῆσθαι
980 1875 1046 1961 γάρ
1062 1880 1096 1944 οί

84 1980 122 2045 ἐκ
132 1984 201 2043 τῷν
213 1980 423 2063 γειναμένων
434 1978 550 2063 μηδενὶ
565 1974 810 2043 ἐπιδεικνύναι·
831 1972 945 2062 τηνδὲ
959 1974 1093 2052 πάντως

85 2076 193 2162 ἑωυτῇ
203 2073 356 2143 κελεύειν
370 2076 532 2155 ἐπιδέξαι·
554 2072 720 2163 ὁρέουσαν
732 2073 768 2141 δὲ
782 2070 844 2158 τὴν
858 2084 1003 2158 γυναῖκα
1016 2073 1093 2156 περὶ

83 2177 213 2240 πολλοῦ
229 2173 597 2260 ποιευμένηνίδέσδαι,
619 2170 708 2241 οὕτω
723 2169 764 2259 δὴ
781 2169 844 2257 τὴν
856 2167 987 2259 τροφὸν
1002 2171 1092 2250 δέξαι

84 2266 121 2338 τδ
136 2273 289 2337 παιδίον·
311 2268 374 2357 τὴν
387 2272 424 2339 δὲ
435 2277 638 2354 καταψῶσαν
648 2273 856 2339 τοῦπαιδίου
867 2270 929 2359 την
940 2265 1089 2356 κεφαλὴν

84 2368 189 2454 εἶπαι,
212 2365 256 2447 ἀς
273 2372 502 2440 καλλιστεύσει
523 2376 658 2438 πασέων
674 2377 742 2437 τῷν
757 2372 794 2438 ἐν
813 2369 955 2459 Σπάρτῃ
971 2394 1093 2455 γυναι-

82 2477 163 2539 κῷν.
187 2467 252 2537 ἀπὸ
268 2469 330 2555 μὲν
345 2469 385 2557 δὴ
396 2472 518 2559 ταύτης
530 2480 587 2559 τῆς
601 2471 725 2560 ἡμέρης
735 2485 932 2556 μεταπεσεῖν
945 2470 982 2537 τδ
995 2469 1090 2548 εἶδος.

83 2570 199 2657 γαμέει
213 2570 250 2636 δὲ
266 2568 308 2657 δή
322 2595 381 2655 μιν
401 2573 434 2650 ἐς
447 2572 561 2659 γάμου
581 2570 674 2657 ῷρην
695 2566 901 2655 ἀπικομένην
915 2569 1056 2658 ’Ἀγητος
1072 2566 1090 2639 ὁ

80 2672 263 2756 Ἀλκείδεω,
276 2662 375 2749 οὗτος
386 2666 427 2757 δὴ
438 2668 458 2737 ὁ
468 2676 529 2737 τοῦ
539 2667 736 2758 Ἀρίστωνος
748 2672 852 2753 φίλος.
874 2666 942 2758 Τᾲν
954 2670 991 2737 δέ
1001 2667 1091 2757 Ἀρί·
1105 2678 1140 2733 62

82 2786 193 2835 στωνα
208 2772 315 2855 ἔκνιζε
329 2767 394 2855 ἀρα
408 2774 466 2854 τῆς
479 2765 640 2853 γνναικός
653 2764 775 2851 ταύτης
797 2771 894 2853 ἐρως·
940 2774 1091 2854 μηχανᾶ-

82 2891 135 2933 ται
149 2863 191 2951 δὴ
205 2867 335 2935 τοιάδε·
357 2864 458 2946 αύτός
472 2892 508 2934 τε
521 2872 567 2956 τῷ
584 2867 717 2955 ἑταίρφ,
732 2871 793 2933 τοῦ
803 2859 878 2953 ἦνὴ
889 2865 977 2953 γυνὴ
993 2863 1089 2951 αὕτη,

81 2962 279 3033 ὑποδέκεται
297 2970 443 3053 δωτίνην
457 2965 580 3035 δύσειν
595 2972 664 3032 τῷν
680 2967 807 3032 ἑωυτοῦ
820 2964 958 3033 πάντων
973 2966 1026 3051 ἕν,
1050 2962 1088 3034 τὰ

81 3057 125 3128 ἀν
143 3058 243 3141 αὐτὸς
259 3066 384 3142 ἐκεῖνος
399 3066 528 3150 ἕληται,
546 3058 672 3131 καὶτὸν
685 3064 815 3146 ἑταίρου
831 3065 943 3154 ε’ωυτῷ
957 3064 1089 3131 ἐκέλευε

81 3157 240 3239 ὡσαύτως
258 3158 319 3247 τὴν
334 3158 454 3249 ὁμοίην
468 3162 609 3231 διδόναι.
631 3158 650 3229 ὁ
666 3163 703 3228 δὲ
713 3159 814 3228 ούδέυ
825 3163 988 3247 φοβηθείς
1003 3156 1089 3245 ἀμφὶ

69 3264 120 3349 ’τῇ
133 3260 279 3345 γυναικὶ,
297 3258 405 3347 ὁρέων
417 3262 540 3327 ἐοῦσαν
551 3261 606 3327 καὶ
616 3255 789 3343 Ἀρίστωνι
802 3271 957 3343 γυναῖκα,
973 3282 1090 3324 καται-
1123 3290 1127 3296 ·

81 3362 149 3431 νέει
163 3368 282 3429 ταῦτα·
310 3363 363 3430 ἐπὶ
379 3361 527 3431 τούτοισι
549 3358 586 3429 δὲ
599 3358 723 3449 ὅρκους
743 3356 922 3444 ἐπήλασαν.
953 3350 1035 3441 μετά
1052 3354 1089 3421 δὲ

79 3462 180 3543 αύτύς
193 3490 229 3531 τε
246 3460 436 3549 ὁἈρίστων
451 3468 555 3533 ἔδωκε
570 3470 687 3549 τοῦτο,
709 3459 729 3528 ὅ
743 3456 829 3545 τιδὴ
845 3447 906 3545 ἦν,
927 3453 964 3525 τὸ
983 3457 1087 3526 είλετο
