2500 3925
204 240 263 305 142
576 237 831 297 HERODOTI

202 399 338 472 Πόντον
348 406 418 481 ἐξω.
431 404 535 467 ταῦτα
546 397 582 466 δέ
589 395 789 484 ποιήσαντες
799 400 991 464 κατέτεινον
997 398 1033 465 έιι
1045 403 1111 483 γῆς
1121 415 1217 484 στρεῂ

202 504 363 590 βλοῦντες
377 494 484 567 ὄνοισι
496 502 661 578 ξυλίνοισι
673 491 715 563 τὰ
726 491 824 579 ὅπλα,
840 492 951 563 οὐκέτι
961 496 1062 582 χωρὶς
1076 491 1213 580 ἑκάτερα

202 597 375 684 τάξαντες,
391 593 476 666 άλλᾶ
492 596 555 664 δύο
569 595 632 683 μέν
643 599 843 664 λευκολίνου
853 595 1036 682 δασάμενοι
1053 596 1087 673 ἐς
1103 594 1213 663 ἑκατέ-

204 721 285 784 ρην,
299 696 438 781 τέσσερα
454 693 490 762 δέ
504 699 573 761 τῶν
589 697 772 781 βυβλίνων.
795 690 943 778 παχύτης
957 693 1020 778 μέν
1031 682 1116 780 η’νή
1134 686 1211 774 αύτή

204 797 260 865 καί
274 792 438 881 καλλονή,
460 789 544 861 κατὰ
564 790 669 878 λόγον
685 792 721 859 δέ
734 782 779 878 ήν
798 791 1038 878 ἐμβριθέστερα
1053 787 1096 857 τὰ
1113 795 1213 874 λίνεα,

204 901 266 964 τοῦ
279 893 446 963 τάλαντον
461 889 597 980 ὁπήχυς
608 885 705 959 εἷλκε.
729 887 841 977 ἐπειδή
853 889 891 958 δέ
900 888 1108 978 ἐγεφνρύθη
1124 885 1213 955 ὁπό-

205 1019 273 1080 ρος,
288 989 436 1081 κορμούς
448 991 560 1072 ξύλων
570 995 833 1076 καταπρίσαντες
844 990 899 1056 καί
909 987 1111 1076 ποιήσαντες
1123 994 1213 1060 ίσονς

204 1101 263 1181 τῆς
277 1097 406 1181 σχεδίης
425 1100 472 1183 τῷ
488 1091 582 1181 εὔρει
593 1093 709 1184 κόσμφ
725 1093 923 1160 ἐπετίθεσαν
936 1090 1134 1177 κατύπερθε
1149 1094 1213 1157 τῶν

205 1194 321 1264 ὅπλων
334 1201 396 1263 τοῦ
412 1194 532 1282 τόνον,
547 1197 667 1272 θέντες
682 1191 719 1262 δέ
734 1193 849 1280 ἐπεξῆς
863 1195 1012 1260 ἐνθαῦτα
1028 1185 1128 1271 αύτις
1142 1193 1213 1259 έπε-

206 1295 377 1383 ξεύγνυον.
394 1293 594 1381 ποιήσαντες
605 1292 641 1361 δέ
651 1297 756 1386 ταῦτα
765 1290 853 1379 ὕλην
863 1289 1087 1378 ἐπεφόρησαν,
1101 1288 1213 1379 κόσμφ

206 1395 242 1464 δέ
256 1395 374 1472 θέντες
390 1395 446 1461 καί
460 1389 522 1479 τήν
535 1389 624 1479 ὕλην
639 1396 706 1478 γῆν
719 1388 949 1476 ἐπεφόρησαν,
970 1387 1213 1469 κατανάξαντες

204 1494 242 1561 δέ
252 1487 376 1578 καίτήν
386 1495 451 1576 γῆν
461 1485 620 1578 φραγμὸν
631 1493 841 1576 παρείρυσαν
852 1491 955 1554 ἐνθεν
965 1488 1020 1554 καί
1031 1491 1149 1573 ἐνθεν,
1160 1489 1212 1552 ἰὐα

204 1592 248 1676 μή
262 1588 422 1675 φοβέηται
437 1584 478 1653 τά
490 1582 655 1673 ὑποζύγια
667 1580 911 1672 τήνθάλασσαν
918 1579 1152 1673 ύπερορέοντα
1163 1587 1213 1653 καλ

158 1697 190 1754 λλ
207 1690 238 1754 οί
252 1687 358 1753 ίπποι.
387 1681 446 1764 Ὡς
461 1685 497 1753 δέ
517 1682 558 1752 τά
572 1709 608 1752 τε
622 1689 692 1751 τοῖν
705 1685 884 1771 γεφυρέων
899 1681 1146 1752 κατεσκεύαστο
1163 1684 1212 1750 καλ

204 1781 245 1853 τὰ
262 1785 338 1871 περὶ
352 1779 546 1870 τδ’ν’Ἇθων,
563 1785 598 1850 οἳ
609 1807 645 1850 τε
654 1784 748 1869 χυτοὶ
761 1784 837 1869 περὶ
847 1779 888 1849 τά
902 1782 1049 1870 στόματα
1060 1788 1120 1870 τῆς
1135 1781 1214 1851 διά-

205 1908 316 1973 ρυχος,
331 1888 367 1950 ολ
373 1888 432 1970 τῆς
442 1884 555 1973 βηχίης
570 1884 699 1949 εἵνεκεν
710 1881 928 1969 έποιήθησαν,
940 1884 998 1949 ἵνα
1008 1879 1053 1969 μή
1066 1882 1213 1968 πιμπλῇ-

204 2009 258 2052 ται
274 1980 315 2051 τά
329 1982 476 2069 στόματα
490 1989 552 2053 τοῦ
567 1980 768 2071 ὀρύγματος,
783 1986 838 2053 καὶ
852 1981 936 2071 αύτή
950 1981 971 2071 ή
987 1987 1114 2073 διῶρυξ
1128 2008 1212 2051 παν-

204 2084 323 2159 τελέως
339 2082 544 2167 πεποιημένη
561 2077 750 2168 ήγγέλλετο,
768 2082 917 2151 ένθαῦτα
930 2088 1130 2171 χειμερίσας,
1147 2080 1212 2167 ἅμα

204 2184 251 2268 τῷ
266 2183 339 2265 ἐαρι
349 2180 662 2265 παρεσκευασμένος
673 2175 691 2247 ὁ
704 2176 843 2267 στρατός
853 2182 889 2247 ἐκ
900 2187 969 2248 τῶν
974 2185 1137 2267 Σαρδίων
1149 2178 1212 2265 ὡς

205 2280 288 2361 μᾶτο
301 2274 605 2363 ἐλέωνές”Αβυδου.
624 2272 811 2370 ὡρμημένῳ
827 2281 867 2347 δέ
881 2283 917 2348 οί
928 2276 947 2348 ό
957 2278 1053 2367 ἥλιος
1068 2278 1212 2350 ἐκλιπόν

204 2370 267 2461 τήν
281 2376 318 2442 ἐκ
334 2379 396 2441 τοῦ
417 2369 568 2461 ούρανοῦ
583 2376 687 2461 έδρην
708 2372 841 2464 άφανής
854 2368 899 2465 ἦν
913 2374 986 2446 οὔτ’
1006 2381 1214 2465 ἐπινεφέλων

205 2472 331 2543 ἐόντων
343 2478 477 2561 αίθρίης
489 2498 525 2541 τε
539 2470 579 2541 τά
596 2474 756 2561 μάλιστα,
778 2472 850 2543 άντ*
870 2471 994 2563 ἡμέρης
1014 2502 1049 2544 τε
1063 2473 1128 2557 νύξ
1143 2478 1213 2563 ἐγέ-

205 2598 291 2642 νετο.
307 2570 413 2642 ίδόντι
426 2570 463 2640 δέ
475 2574 529 2641 καί
540 2572 687 2659 μαθόντι
697 2579 795 2640 τοῦτο
808 2579 853 2663 τῷ
864 2576 968 2663 Ξέρξη
979 2575 1132 2661 ἐπιμελές
1143 2576 1212 2660 ἐγέ-

205 2699 297 2759 νετο,
321 2674 377 2741 καί
391 2682 498 2759 εἴρετο
514 2671 594 2753 τούς
607 2672 754 2760 μάγους,
776 2671 813 2740 τό
831 2676 942 2742 ἐθέλοι
955 2682 1161 2761 προφαίνειν
1178 2673 1211 2742 τό

206 2773 331 2858 φάσμα.
360 2774 395 2839 οί
407 2770 443 2838 δὲ
460 2776 621 2857 ἔφραζον,
648 2768 692 2850 ὡς
706 2769 841 2858 Ἕλλησι
861 2772 1076 2859 προδεικνύει
1098 2771 1214 2851 ὁθεός
1247 2792 1248 2814 ¹

205 2875 354 2949 ἔκλειψιν
363 2874 432 2935 τῶν
443 2869 739 2955 πολίων,λέγοντες
748 2864 846 2955 ἥλιον
857 2867 1118 2959 είναιἹδλλήνων
1128 2896 1211 2955 προ·
1246 2912 1247 2989 η

205 2970 360 3054 δέκτορα,
375 2965 521 3053 σελήνην
532 2966 568 3034 δέ
579 2968 702 3052 σφέων.
725 2966 921 3053 πυθόμενος
932 2968 1083 3039 δὲταῦτα
1099 2967 1210 3052 ὁΞέρ-
1246 2994 1247 3030 ι

157 3082 190 3136 38
207 3068 263 3151 ξης
277 3061 456 3153 περιχαρής
469 3060 536 3132 ἐάν
550 3065 695 3132 ἐποιέετο
709 3061 772 3150 τήν
786 3070 909 3134 ἐλασιν.
934 3064 993 3145 Ὡς
1004 3064 1036 3135 δ’
1051 3067 1208 3155 ἐξήλαυνε

203 3160 265 3249 τὴν
280 3164 454 3250 στρατιήν,
469 3162 604 3240 Πύθιος
617 3158 636 3229 ὁ
649 3159 761 3243 Λυδός
774 3164 1033 3252 καταρρωδήσας
1046 3162 1084 3233 τό
1100 3168 1137 3234 ἐκ
1153 3169 1209 3231 τοῦ
1245 3174 1246 3246 λ

205 3258 354 3343 ούρανοῦ
365 3260 483 3347 φάσμα
494 3263 672 3347 ἐπαερθείς
684 3286 720 3328 τε
733 3275 819 3330 τοῖσι
834 3261 1008 3350 δωρήμασι
1018 3259 1132 3331 ἐλθὸν
1146 3286 1209 3330 πα·
1244 3314 1245 3339 ,

205 3352 247 3438 ρὰ
263 3357 384 3441 Ξέρξεα
399 3363 491 3443 ἐλεγε
504 3357 600 3425 τάδε·
619 3349 659 3425 'Sl
673 3361 832 3445 δέσποτα,
848 3368 986 3449 χρηίσας
999 3359 1043 3429 άυ
1056 3388 1116 3431 τευ
1127 3368 1209 3450 βου-

205 3459 324 3541 λοίμην
341 3469 468 3541 τυχεῖν,
485 3452 523 3523 τδ
538 3457 591 3524 σοί
601 3457 661 3542 μέν
675 3457 824 3546 ἐλαφρόν
834 3461 992 3548 τυγχάνει
1006 3457 1064 3530 ἐόν
1079 3457 1211 3545 ὑπουρ-
