2500 3925
129 214 169 279 28
508 210 760 270 HERODOTI
883 295 887 302 1

129 375 274 464 ὕστερον
289 370 356 443 ῦπό
370 376 529 441 Βοιωτῦν
540 365 770 456 ἀναχωρέουσι
782 363 835 469 ἐς’
828 364 987 453 Αθήνας·
1007 370 1067 434 καί
1076 385 1139 451 σφι

130 475 188 564 ίρά
206 477 275 544 έστι
297 474 334 541 ἐν
350 470 511 559 Ἀθήνησι
532 471 711 554 ίδρυμένα,
738 472 808 533 τῶν
803 459 929 532 οὐδὲν
949 468 1031 552 μέτα
1053 478 1138 532 τοῖσι

130 584 276 643 λοιποῖσι
288 570 514 659 Ἀθηναίοισι,
537 566 622 638 ἅλλα
642 593 678 635 τε
697 569 924 653 κεχωρισμένα
937 572 1007 634 τῶν
1026 564 1141 635 άλλων

132 679 216 760 ίριῦν
232 673 288 742 καί
304 669 344 758 δη
361 673 417 739 καὶ
430 668 572 756 Ἀχαιίης
586 667 766 754 Δήμητρος
782 664 859 751 ίρόν
874 691 910 732 τε
923 661 1015 732 καλ”
994 690 1103 750 οργια.
1200 704 1203 709 .

83 784 117 840 62
211 771 256 840 ‘H
263 774 325 858 μὲν
335 768 460 857 δηὸψις
471 792 533 837 του
518 764 725 853 Ἱππάρχου
738 767 912 850 ἐνυπνίου,
920 765 975 831 καὶ
986 787 1017 830 οι
1010 767 1140 848 Γεφυ-

133 887 222 962 ραϊοι
236 871 322 943 ὅθεν
341 869 557 958 ἐγεγόνεσαν,
578 873 648 936 τῦυ
663 858 753 954 ἦσαν
767 862 817 934 ot‘
814 864 991 952 Ιππάρχου
1007 865 1141 948 φονέες,

133 971 303 1060 ἀπήγηταί
314 993 387 1057 μοι·
423 969 476 1036 δελ
493 969 529 1036 δὲ
544 963 630 1053 πρὸς
645 966 795 1034 τούτοισι
813 969 861 1033 ἔτι
880 961 1063 1051 ἀναλαβεῖν
1078 959 1140 1030 τὸν

133 1067 207 1140 κατ’
224 1064 327 1190 άρχάς
340 1064 398 1155 ἤια
417 1067 523 1146 λέξων
544 1061 709 1151 λόγον,’
687 1090 733 1143 ως
752 1063 931 1152 τυράννων
944 1057 1133 1150 ἠλευθερω-

134 1178 247 1255 θησαν
258 1163 439 1251 Ἀθηναῖοι
470 1159 603 1232 Ἱππίεω
613 1160 881 1248 τυραννεύοντος
894 1164 950 1229 καλ
964 1162 1141 1282 ἐμπικραι-

135 1267 281 1354 νομένου
304 1262 512 1352 Ἀθηναίοισι
531 1259 587 1331 διὰ
609 1258 671 1330 πόν
690 1259 873 1348 Ἱππάρχου
892 1258 1047 1328 θάνατον
1066 1255 1142 1326 Ἀλ-

136 1366 336 1451 κμαιωνίδαι
357 1363 455 1449 γένος
476 1359 587 1440 έόντες
605 1358 780 1447 Ἀθηναῖοι
793 1361 849 1428 καλ
863 1359 1046 1447 φεύγοντες
1059 1365 1142 1425 Πει-

137 1464 363 1547 σιστρατίδας,
394 1463 502 1529 ἐπείτε
524 1478 586 1546 σφι
607 1457 677 1544 ἅμα
697 1471 784 1528 τοῖσι
804 1456 935 1528 ἄλλοισι
951 1454 1144 1542 Ἀθηναίων

138 1559 266 1646 φυγάσι
288 1557 528 1644 πειρεομένοισι
550 1553 635 1625 κατά
660 1552 697 1625 τδ
724 1553 863 1644 ίσχυρόν
887 1552 930 1624 οῦ
947 1552 1142 1642 ,προεχώρεε

137 1654 319 1746 ἡκάτοδος,
327 1653 411 1724 ἀλλὰ
424 1657 649 1743 προσέπταιον
665 1653 818 1740 μεγάλως
838 1652 1041 1742 πειρεόμενοι
1061 1679 1141 1722 κατ·

138 1757 225 1823 ιέναι
249 1778 285 1820 τε
305 1755 362 1822 καὶ
381 1757 587 1843 ἐλευθεροῦν
607 1751 667 1832 τὰς
685 1749 847 1840 Ἀθήνας,
875 1752 1084 1838 Λειψύδριον
1102 1749 1142 1819 τό

137 1850 223 1936 ὑπὲρ
242 1857 406 1939 Παιονίης
425 1858 641 1939 τειχίσαντες,
667 1853 817 1919 ἐνθαῦτα
838 1855 872 1919 οἱ
886 1847 1143 1938 Ἀλκμαιωνίδαι
1172 1869 1179 1890 ¹

137 1958 207 2021 πᾶν
220 1953 272 2020 ἐπὶ
286 1966 373 2021 τοῖσι
381 1955 673 2041 Πεισιστρατίδῃσι
683 1947 926 2039 μηχανεόμενοι
932 1943 1007 2039 παρ’
1023 1946 1142 2039 Ἀμφι-

139 2050 294 2119 κτυόνων
304 2048 365 2119 τὸν
374 2048 461 2137 νηόν
474 2057 679 2138 μισθοῦνται
687 2048 750 2119 τόν
763 2054 802 2119 έν
811 2057 986 2137 Δελφοῖσι,
1003 2046 1065 2117 τόν
1077 2053 1145 2116 νῦν

139 2146 307 2232 ἐόντα,’
268 2173 344 2216 τοτε
359 2146 455 2215 δέ’
413 2173 520 2234 ουκω,
535 2154 659 2218 τοῦτον
668 2152 927 2239 ἐξοικοδομῆσαι.
948 2144 1002 2217 οἷα
1016 2148 1053 2224 δὲ
1062 2172 1144 2233 χρη·

140 2245 255 2331 μάτων
271 2238 310 2312 εῦ
325 2243 463 2331 ἥκοντες
479 2249 536 2315 καὶ
555 2247 666 2327 ἐόντες
686 2245 807 2339 ἄνδρες
828 2248 961 2335 δόκιμοι
976 2246 1146 2316 ἀνέκαθεν

141 2348 199 2429 δτι,
210 2341 271 2409 τόν
284 2366 320 2410 τε
330 2341 415 2429 νηόν
427 2345 646 2432 ἐξεργάσαντο
657 2371 718 2414 τον
703 2350 994 2434 ’παραδείγματος
1004 2344 1145 2415 κάλλιον

139 2440 182 2509 τά
196 2466 232 2509 τε
245 2438 346 2528 ἄλλα,
362 2446 417 2512 καὶ
428 2450 650 2532 συγκειμένου
665 2466 728 2533 σφι
742 2452 895 2535 πωρίνου
906 2453 1008 2516 λίθου
1017 2448 1147 2514 ποιέειν

91 2550 125 2607 63
141 2538 202 2609 τὸν
219 2538 305 2626 νηόν
318 2549 451 2632 Παρίου
470 2541 512 2611 τά
530 2550 703 2633 ἔμπροσθε
723 2542 831 2614 αὐτον
814 2546 1050 2631 ’.ἐξεποίησαν
1086 2538 1149 2619 Ὡς

143 2630 191 2705 όν
203 2636 246 2760 δή
257 2636 308 2707 οί’
301 2647 472 2727 Αθηναῖοι
486 2636 693 2730 λέγουσι,”
649 2668 745 2712 ουτοι
758 2646 793 2713 οί
801 2642 922 2730 ἄνδρες
933 2645 970 2711 ἐν
980 2649 1148 2728 Δελφοῖσι

141 2736 322 2826 κατήμενοι
333 2735 562 2809 ἀνέπειθον
525 2767 588 2829 την
597 2748 737 2829 Πυθίην
746 2742 900 2830 χρήμασι,
915 2742 1002 2821 ὅκως
1012 2746 1150 2810 ἔλθοιεν

142 2840 382 2926 Σπαρτιητέων
398 2836 521 2926 ἄνδρες
535 2850 600 2908 είτε
617 2845 690 2931 ίδίφ
706 2841 814 2932 στόλφ
829 2850 894 2909 εἴτε
905 2844 1052 2929 δημοσίῳ
1065 2862 1148 2924 χρη-

143 2937 298 3026 σόμενοι,
321 2938 506 3027 προφέρειν
522 2958 583 3025 σφι
599 2939 659 3019 τὰς
669 2939 814 3027 Ἀθήνας
829 2942 1043 3024 ἐλευθεροῦν.
1076 2942 1149 3003 Λα-

56 3099 58 3103 ,
144 3035 351 3124 κεδαιμόυιοι
368 3036 421 3123 δέ,
444 3035 489 3116 όός
505 3060 566 3124 σφι
586 3040 651 3106 αίεδ
668 3035 775 3105 τώυτὸ
796 3036 994 3124 πρόφαντον
1010 3037 1149 3121 ἐγένετο,

145 3136 313 3220 πέμπουσι
331 3130 539 3220 Ἀγχιμόλιον
559 3133 620 3202 τὸν
640 3132 807 3221 Ἀστέρος,
829 3134 927 3202 ἐόντα
949 3139 1018 3201 νῦν
1038 3129 1149 3199 ἆστῦν

146 3230 254 3317 ἄνδρα
274 3230 432 3319 δόκιμον,
459 3232 525 3301 σῦν
545 3239 675 3323 στρατῷ
696 3229 865 3309 ἐξελέοντα
876 3233 1148 3317 ΠιεισιοτρατίδοκιΙ

147 3332 180 3411 ἐξ
193 3325 379 3417 Ἀθηνέων,
401 3328 490 3417 ὅμως
505 3334 560 3399 καί
579 3335 708 3412 ξείνους
722 3350 784 3417 σφι
799 3331 914 3409 ἐόντας
934 3327 976 3399 τὰ
990 3320 1151 3415 μάλιστα·

111 3443 114 3451 ’
147 3424 187 3495 τὰ
202 3428 266 3513 γάρ
287 3434 349 3497 τοῦ
371 3436 458 3498 θεοῦ
480 3429 691 3519 πρεσβύτερα
713 3431 885 3498 ἐποιεῦντο
902 3424 923 3516 ἦ
939 3424 979 3495 τά
1000 3431 1068 3494 τῦν
1089 3420 1152 3491 ἄν·
