<?xml version="1.0" encoding="UTF-8"?>
<!DOCTYPE html PUBLIC "-//W3C//DTD XHTML 1.0 Transitional//EN"
    "http://www.w3.org/TR/xhtml1/DTD/xhtml1-transitional.dtd">
<html xmlns="http://www.w3.org/1999/xhtml" xml:lang="en" lang="en">
 <head>
  <title>
</title>
<meta http-equiv="Content-Type" content="text/html;charset=utf-8" />
  <meta name='ocr-system' content='tesseract 3.04.00' />
  <meta name='ocr-capabilities' content='ocr_page ocr_carea ocr_par ocr_line ocrx_word'/>
</head>
<body>
  <div class='ocr_page' id='page_1' title='image "./herodotihistori00dietgoog_0363.png"; bbox 0 0 2500 3925; ppageno 0'>
   <div class='ocr_carea' id='block_1_1' title="bbox 303 237 1066 305">
    <p class='ocr_par' dir='ltr' id='par_1_1' title="bbox 303 237 1066 305">
     <span class='ocr_line' id='line_1_1' title="bbox 303 237 1066 305; baseline 0.013 -9"><span class='ocrx_word' id='word_1_1' title='bbox 303 240 390 297; x_wconf 72' lang='grc' dir='ltr'><strong><em>[ιε.</em></strong></span> <span class='ocrx_word' id='word_1_2' title='bbox 422 240 470 299; x_wconf 84' lang='grc' dir='ltr'><strong><em>Ν.</em></strong></span> <span class='ocrx_word' id='word_1_3' title='bbox 506 239 607 297; x_wconf 62' lang='grc' dir='ltr'><strong><em>εει).</em></strong></span> <span class='ocrx_word' id='word_1_4' title='bbox 641 246 818 299; x_wconf 75' lang='grc' dir='ltr'><strong><em>ιιι-ιω.</em></strong></span> <span class='ocrx_word' id='word_1_5' title='bbox 1003 237 1066 305; x_wconf 77' lang='grc' dir='ltr'><strong><em>σοι</em></strong></span> 
     </span>
    </p>
   </div>
   <div class='ocr_carea' id='block_1_2' title="bbox 55 392 1124 3571">
    <p class='ocr_par' dir='ltr' id='par_1_2' title="bbox 60 392 1124 2978">
     <span class='ocr_line' id='line_1_2' title="bbox 79 392 1066 487; baseline 0.006 -22"><span class='ocrx_word' id='word_1_6' title='bbox 79 392 151 487; x_wconf 78' lang='grc' dir='ltr'><strong><em>αύτῇ</em></strong></span> <span class='ocrx_word' id='word_1_7' title='bbox 170 396 407 487; x_wconf 71' lang='grc' dir='ltr'><em>μηχανωμένη,</em></span> <span class='ocrx_word' id='word_1_8' title='bbox 433 401 489 467; x_wconf 89' lang='grc' dir='ltr'><strong><em>καί</em></strong></span> <span class='ocrx_word' id='word_1_9' title='bbox 510 398 603 476; x_wconf 88' lang='grc' dir='ltr'><strong><em>τέλος</em></strong></span> <span class='ocrx_word' id='word_1_10' title='bbox 625 397 842 486; x_wconf 73' lang='grc' dir='ltr'><strong><em>μαχλοσύνην</em></strong></span> <span class='ocrx_word' id='word_1_11' title='bbox 867 402 1066 471; x_wconf 68' lang='grc' dir='ltr'><strong><em>ἐπενείκασά</em></strong></span> 
     </span>
     <span class='ocr_line' id='line_1_3' title="bbox 78 492 1065 586; baseline 0.004 -23"><span class='ocrx_word' id='word_1_12' title='bbox 78 503 106 565; x_wconf 76' lang='grc' dir='ltr'><strong><em>εἰ</em></strong></span> <span class='ocrx_word' id='word_1_13' title='bbox 115 503 214 567; x_wconf 80' lang='grc' dir='ltr'><strong><em>πείθει</em></strong></span> <span class='ocrx_word' id='word_1_14' title='bbox 223 495 284 567; x_wconf 82' lang='grc' dir='ltr'><strong><em>τὸν</em></strong></span> <span class='ocrx_word' id='word_1_15' title='bbox 295 497 403 586; x_wconf 75' lang='grc' dir='ltr'><strong><em>ἄνδρα</em></strong></span> <span class='ocrx_word' id='word_1_16' title='bbox 413 504 518 567; x_wconf 86' lang='grc' dir='ltr'><strong><em>ταῦτα</em></strong></span> <span class='ocrx_word' id='word_1_17' title='bbox 530 503 617 583; x_wconf 83' lang='grc' dir='ltr'><strong><em>ἐχειν</em></strong></span> <span class='ocrx_word' id='word_1_18' title='bbox 632 494 732 565; x_wconf 76' lang='grc' dir='ltr'><strong><em>οὕτω.</em></strong></span> <span class='ocrx_word' id='word_1_19' title='bbox 754 492 821 566; x_wconf 82' lang='grc' dir='ltr'><strong><em>ὁδέ</em></strong></span> <span class='ocrx_word' id='word_1_20' title='bbox 832 495 1065 585; x_wconf 71' lang='grc' dir='ltr'><strong><em>ἀναγνωσθεὶς</em></strong></span> 
     </span>
     <span class='ocr_line' id='line_1_4' title="bbox 79 594 1065 688; baseline 0.004 -24"><span class='ocrx_word' id='word_1_21' title='bbox 79 595 132 665; x_wconf 83' lang='grc' dir='ltr'><strong><em>ὑπό</em></strong></span> <span class='ocrx_word' id='word_1_22' title='bbox 153 603 207 685; x_wconf 78' lang='grc' dir='ltr'><strong><em>τῆς</em></strong></span> <span class='ocrx_word' id='word_1_23' title='bbox 224 596 386 686; x_wconf 83' lang='grc' dir='ltr'><strong><em>γυναικὸς</em></strong></span> <span class='ocrx_word' id='word_1_24' title='bbox 411 604 512 686; x_wconf 78' lang='grc' dir='ltr'><strong><em>ἔργον</em></strong></span> <span class='ocrx_word' id='word_1_25' title='bbox 535 594 599 665; x_wconf 86' lang='grc' dir='ltr'><strong><em>ούκ</em></strong></span> <span class='ocrx_word' id='word_1_26' title='bbox 622 594 720 665; x_wconf 85' lang='grc' dir='ltr'><strong><em>ὅσιον</em></strong></span> <span class='ocrx_word' id='word_1_27' title='bbox 742 599 928 686; x_wconf 74' lang='grc' dir='ltr'><strong><em>ἐμηχανᾶτο</em></strong></span> <span class='ocrx_word' id='word_1_28' title='bbox 949 600 1003 668; x_wconf 89' lang='grc' dir='ltr'><strong><em>ἐπί</em></strong></span> <span class='ocrx_word' id='word_1_29' title='bbox 1022 605 1065 688; x_wconf 76' lang='grc' dir='ltr'><strong><em>τῇ</em></strong></span> 
     </span>
     <span class='ocr_line' id='line_1_5' title="bbox 77 690 1063 787; baseline 0.004 -24"><span class='ocrx_word' id='word_1_30' title='bbox 77 703 210 785; x_wconf 84' lang='grc' dir='ltr'><strong><em>θυγατρί.</em></strong></span> <span class='ocrx_word' id='word_1_31' title='bbox 231 690 276 785; x_wconf 85' lang='grc' dir='ltr'><strong><em>ήν</em></strong></span> <span class='ocrx_word' id='word_1_32' title='bbox 289 694 357 785; x_wconf 83' lang='grc' dir='ltr'><strong><em>γάρ</em></strong></span> <span class='ocrx_word' id='word_1_33' title='bbox 372 694 413 783; x_wconf 82' lang='grc' dir='ltr'><strong><em>δή</em></strong></span> <span class='ocrx_word' id='word_1_34' title='bbox 429 702 585 783; x_wconf 79' lang='grc' dir='ltr'><strong><em>Θεμίσων</em></strong></span> <span class='ocrx_word' id='word_1_35' title='bbox 599 692 687 784; x_wconf 84' lang='grc' dir='ltr'><strong><em>άνήρ</em></strong></span> <span class='ocrx_word' id='word_1_36' title='bbox 701 705 848 784; x_wconf 71' lang='grc' dir='ltr'><strong><em>Θηραῖος</em></strong></span> <span class='ocrx_word' id='word_1_37' title='bbox 864 703 1009 787; x_wconf 74' lang='grc' dir='ltr'><strong><em>ἔμπορος</em></strong></span> <span class='ocrx_word' id='word_1_38' title='bbox 1025 700 1063 767; x_wconf 88' lang='grc' dir='ltr'><strong><em>ἐν</em></strong></span> 
     </span>
     <span class='ocr_line' id='line_1_6' title="bbox 76 791 1063 887; baseline 0.003 -26"><span class='ocrx_word' id='word_1_39' title='bbox 76 801 107 883; x_wconf 74' lang='grc' dir='ltr'><strong><em>τῇ</em></strong></span> <span class='ocrx_word' id='word_1_40' title='bbox 116 792 201 887; x_wconf 75' lang='grc' dir='ltr'><strong><em>Ἀξβ·</em></strong></span> <span class='ocrx_word' id='word_1_41' title='bbox 220 791 374 865; x_wconf 85' lang='grc' dir='ltr'><strong><em>τοῦτονό</em></strong></span> <span class='ocrx_word' id='word_1_42' title='bbox 387 792 556 882; x_wconf 76' lang='grc' dir='ltr'><strong><em>Ἐτέαρχος</em></strong></span> <span class='ocrx_word' id='word_1_43' title='bbox 566 791 774 881; x_wconf 77' lang='grc' dir='ltr'><strong><em>παραλαβόν</em></strong></span> <span class='ocrx_word' id='word_1_44' title='bbox 788 797 842 863; x_wconf 80' lang='grc' dir='ltr'><strong><em>ἐπί</em></strong></span> <span class='ocrx_word' id='word_1_45' title='bbox 852 802 958 877; x_wconf 76' lang='grc' dir='ltr'><strong><em>ξείνια</em></strong></span> <span class='ocrx_word' id='word_1_46' title='bbox 968 797 1063 884; x_wconf 75' lang='grc' dir='ltr'><strong><em>ἐξορ-</em></strong></span> 
     </span>
     <span class='ocr_line' id='line_1_7' title="bbox 75 885 1064 981; baseline 0.006 -24"><span class='ocrx_word' id='word_1_47' title='bbox 75 885 150 980; x_wconf 80' lang='grc' dir='ltr'><strong><em>κοίή</em></strong></span> <span class='ocrx_word' id='word_1_48' title='bbox 161 890 222 979; x_wconf 88' lang='grc' dir='ltr'><strong><em>μέν</em></strong></span> <span class='ocrx_word' id='word_1_49' title='bbox 235 898 270 963; x_wconf 89' lang='grc' dir='ltr'><strong><em>οἰ</em></strong></span> <span class='ocrx_word' id='word_1_50' title='bbox 279 891 494 980; x_wconf 78' lang='grc' dir='ltr'><strong><em>διηκονήσειν</em></strong></span> <span class='ocrx_word' id='word_1_51' title='bbox 505 889 524 959; x_wconf 84' lang='grc' dir='ltr'>ὅ</span> <span class='ocrx_word' id='word_1_52' title='bbox 534 918 566 959; x_wconf 86' lang='grc' dir='ltr'><strong><em>τι</em></strong></span> <span class='ocrx_word' id='word_1_53' title='bbox 581 886 626 959; x_wconf 58' lang='lat' dir='ltr'><strong><em>&amp;v</em></strong></span> <span class='ocrx_word' id='word_1_54' title='bbox 641 893 757 981; x_wconf 77' lang='grc' dir='ltr'><strong><em>δεηθῇ.</em></strong></span> <span class='ocrx_word' id='word_1_55' title='bbox 791 895 899 963; x_wconf 85' lang='grc' dir='ltr'><strong><em>ἐπείτε</em></strong></span> <span class='ocrx_word' id='word_1_56' title='bbox 912 894 950 962; x_wconf 76' lang='grc' dir='ltr'><strong><em>δλ</em></strong></span> <span class='ocrx_word' id='word_1_57' title='bbox 960 892 1064 979; x_wconf 74' lang='grc' dir='ltr'><strong><em>ἐξύρ-</em></strong></span> 
     </span>
     <span class='ocr_line' id='line_1_8' title="bbox 75 990 1064 1085; baseline 0 -21"><span class='ocrx_word' id='word_1_58' title='bbox 75 1018 161 1081; x_wconf 86' lang='grc' dir='ltr'><strong><em>κωοε,</em></strong></span> <span class='ocrx_word' id='word_1_59' title='bbox 181 991 320 1081; x_wconf 84' lang='grc' dir='ltr'><strong><em>άγαγάν</em></strong></span> <span class='ocrx_word' id='word_1_60' title='bbox 341 1000 374 1065; x_wconf 94' lang='grc' dir='ltr'><strong><em>οἰ</em></strong></span> <span class='ocrx_word' id='word_1_61' title='bbox 392 998 572 1082; x_wconf 70' lang='grc' dir='ltr'><strong><em>παραδιδοῖ</em></strong></span> <span class='ocrx_word' id='word_1_62' title='bbox 589 990 652 1080; x_wconf 81' lang='grc' dir='ltr'><strong><em>τὴν</em></strong></span> <span class='ocrx_word' id='word_1_63' title='bbox 672 993 801 1063; x_wconf 74' lang='grc' dir='ltr'><strong><em>ἑωυτοῦ</em></strong></span> <span class='ocrx_word' id='word_1_64' title='bbox 820 999 993 1085; x_wconf 76' lang='grc' dir='ltr'><strong><em>θυγατέρα</em></strong></span> <span class='ocrx_word' id='word_1_65' title='bbox 1008 996 1064 1064; x_wconf 89' lang='grc' dir='ltr'><strong><em>καί</em></strong></span> 
     </span>
     <span class='ocr_line' id='line_1_9' title="bbox 76 1088 1064 1183; baseline 0.003 -22"><span class='ocrx_word' id='word_1_66' title='bbox 76 1095 181 1180; x_wconf 89' lang='grc' dir='ltr'><strong><em>ταύτην</em></strong></span> <span class='ocrx_word' id='word_1_67' title='bbox 197 1096 332 1163; x_wconf 81' lang='grc' dir='ltr'><strong><em>ἐκέλευε</em></strong></span> <span class='ocrx_word' id='word_1_68' title='bbox 347 1100 603 1164; x_wconf 74' lang='grc' dir='ltr'><strong><em>καταποντῶσαι</em></strong></span> <span class='ocrx_word' id='word_1_69' title='bbox 617 1088 844 1180; x_wconf 72' lang='grc' dir='ltr'><strong><em>ἀπαγαγόντα.</em></strong></span> <span class='ocrx_word' id='word_1_70' title='bbox 868 1092 888 1163; x_wconf 87' lang='grc' dir='ltr'><strong>ὁ</strong></span> <span class='ocrx_word' id='word_1_71' title='bbox 906 1096 943 1165; x_wconf 79' lang='grc' dir='ltr'><strong><em>δέ</em></strong></span> <span class='ocrx_word' id='word_1_72' title='bbox 959 1101 1064 1183; x_wconf 80' lang='grc' dir='ltr'><strong><em>Θεμί-</em></strong></span> 
     </span>
     <span class='ocr_line' id='line_1_10' title="bbox 74 1188 1064 1283; baseline 0.001 -22"><span class='ocrx_word' id='word_1_73' title='bbox 74 1214 129 1261; x_wconf 81' lang='grc' dir='ltr'><strong><em>συν</em></strong></span> <span class='ocrx_word' id='word_1_74' title='bbox 141 1194 403 1282; x_wconf 78' lang='grc' dir='ltr'><strong><em>περιημεκτήσας</em></strong></span> <span class='ocrx_word' id='word_1_75' title='bbox 419 1200 460 1283; x_wconf 81' lang='grc' dir='ltr'><strong><em>τῇ</em></strong></span> <span class='ocrx_word' id='word_1_76' title='bbox 480 1189 591 1281; x_wconf 84' lang='grc' dir='ltr'><strong><em>άπάτη</em></strong></span> <span class='ocrx_word' id='word_1_77' title='bbox 613 1196 676 1259; x_wconf 79' lang='grc' dir='ltr'><strong><em>τοῦ</em></strong></span> <span class='ocrx_word' id='word_1_78' title='bbox 696 1188 803 1278; x_wconf 81' lang='grc' dir='ltr'><strong><em>ὅρκου</em></strong></span> <span class='ocrx_word' id='word_1_79' title='bbox 823 1197 879 1263; x_wconf 83' lang='grc' dir='ltr'><strong><em>καλ</em></strong></span> <span class='ocrx_word' id='word_1_80' title='bbox 900 1193 1064 1265; x_wconf 89' lang='grc' dir='ltr'><strong><em>διαλυσά-</em></strong></span> 
     </span>
     <span class='ocr_line' id='line_1_11' title="bbox 72 1288 1064 1380; baseline 0 -21"><span class='ocrx_word' id='word_1_81' title='bbox 72 1316 153 1378; x_wconf 82' lang='grc' dir='ltr'><strong><em>μενος</em></strong></span> <span class='ocrx_word' id='word_1_82' title='bbox 167 1288 229 1379; x_wconf 81' lang='grc' dir='ltr'><strong><em>τήν</em></strong></span> <span class='ocrx_word' id='word_1_83' title='bbox 243 1297 371 1379; x_wconf 82' lang='grc' dir='ltr'><strong><em>ξεινίην</em></strong></span> <span class='ocrx_word' id='word_1_84' title='bbox 387 1293 495 1359; x_wconf 89' lang='grc' dir='ltr'><strong><em>ἐποίεε</em></strong></span> <span class='ocrx_word' id='word_1_85' title='bbox 508 1288 639 1359; x_wconf 82' lang='grc' dir='ltr'><strong><em>τοιάδε·</em></strong></span> <span class='ocrx_word' id='word_1_86' title='bbox 661 1289 869 1378; x_wconf 79' lang='grc' dir='ltr'><strong><em>παραλαβύν</em></strong></span> <span class='ocrx_word' id='word_1_87' title='bbox 880 1290 944 1380; x_wconf 81' lang='grc' dir='ltr'><strong><em>τήν</em></strong></span> <span class='ocrx_word' id='word_1_88' title='bbox 959 1296 1064 1361; x_wconf 72' lang='grc' dir='ltr'><strong><em>παῖδα</em></strong></span> 
     </span>
     <span class='ocr_line' id='line_1_12' title="bbox 71 1387 1063 1481; baseline 0.002 -24"><span class='ocrx_word' id='word_1_89' title='bbox 71 1388 222 1477; x_wconf 81' lang='grc' dir='ltr'><strong><em>ότιέπλωε,</em></strong></span> <span class='ocrx_word' id='word_1_90' title='bbox 244 1387 345 1471; x_wconf 78' lang='grc' dir='ltr'><strong><em>ὡςδὲ</em></strong></span> <span class='ocrx_word' id='word_1_91' title='bbox 370 1393 496 1476; x_wconf 86' lang='grc' dir='ltr'><strong><em>ἐγίνετο</em></strong></span> <span class='ocrx_word' id='word_1_92' title='bbox 520 1390 557 1457; x_wconf 92' lang='grc' dir='ltr'><strong><em>ἐν</em></strong></span> <span class='ocrx_word' id='word_1_93' title='bbox 576 1394 623 1481; x_wconf 82' lang='grc' dir='ltr'><strong><em>τιβ</em></strong></span> <span class='ocrx_word' id='word_1_94' title='bbox 643 1388 798 1477; x_wconf 74' lang='grc' dir='ltr'><strong><em>πελάγεϊ,</em></strong></span> <span class='ocrx_word' id='word_1_95' title='bbox 819 1387 1063 1477; x_wconf 72' lang='grc' dir='ltr'><strong><em>ἀποσιεύμενος</em></strong></span> 
     </span>
     <span class='ocr_line' id='line_1_13' title="bbox 71 1487 1063 1579; baseline -0.002 -22"><span class='ocrx_word' id='word_1_96' title='bbox 71 1489 118 1579; x_wconf 78' lang='grc' dir='ltr'><strong><em>τήν</em></strong></span> <span class='ocrx_word' id='word_1_97' title='bbox 130 1492 311 1579; x_wconf 75' lang='grc' dir='ltr'><strong><em>ἐξόρκωσιν</em></strong></span> <span class='ocrx_word' id='word_1_98' title='bbox 324 1498 387 1559; x_wconf 86' lang='grc' dir='ltr'><strong><em>τοῦ</em></strong></span> <span class='ocrx_word' id='word_1_99' title='bbox 395 1488 573 1576; x_wconf 79' lang='grc' dir='ltr'><strong><em>Ἐτεάρχου</em></strong></span> <span class='ocrx_word' id='word_1_100' title='bbox 587 1495 764 1575; x_wconf 80' lang='grc' dir='ltr'><strong><em>σχοινίοισι</em></strong></span> <span class='ocrx_word' id='word_1_101' title='bbox 778 1487 886 1578; x_wconf 78' lang='grc' dir='ltr'><strong><em>αὐτὴν</em></strong></span> <span class='ocrx_word' id='word_1_102' title='bbox 902 1489 1063 1577; x_wconf 77' lang='grc' dir='ltr'><strong><em>διαδήσας</em></strong></span> 
     </span>
     <span class='ocr_line' id='line_1_14' title="bbox 69 1584 1062 1678; baseline -0.003 -21"><span class='ocrx_word' id='word_1_103' title='bbox 69 1597 172 1678; x_wconf 80' lang='grc' dir='ltr'><strong><em>κατῆκε</em></strong></span> <span class='ocrx_word' id='word_1_104' title='bbox 186 1593 220 1670; x_wconf 89' lang='grc' dir='ltr'><strong><em>ἐς</em></strong></span> <span class='ocrx_word' id='word_1_105' title='bbox 233 1586 275 1659; x_wconf 86' lang='grc' dir='ltr'><strong><em>τό</em></strong></span> <span class='ocrx_word' id='word_1_106' title='bbox 290 1592 449 1677; x_wconf 85' lang='grc' dir='ltr'><strong><em>πέλαγος,</em></strong></span> <span class='ocrx_word' id='word_1_107' title='bbox 465 1585 663 1667; x_wconf 78' lang='grc' dir='ltr'><strong><em>ἀνασπάσας</em></strong></span> <span class='ocrx_word' id='word_1_108' title='bbox 676 1588 713 1657; x_wconf 79' lang='grc' dir='ltr'><strong><em>δέ</em></strong></span> <span class='ocrx_word' id='word_1_109' title='bbox 727 1584 864 1659; x_wconf 86' lang='grc' dir='ltr'><strong><em>άπίκετο</em></strong></span> <span class='ocrx_word' id='word_1_110' title='bbox 875 1590 908 1667; x_wconf 83' lang='grc' dir='ltr'><strong><em>ἐς</em></strong></span> <span class='ocrx_word' id='word_1_111' title='bbox 919 1584 981 1675; x_wconf 80' lang='grc' dir='ltr'><strong><em>τήν</em></strong></span> <span class='ocrx_word' id='word_1_112' title='bbox 991 1586 1062 1674; x_wconf 79' lang='grc' dir='ltr'><strong><em>Θή-</em></strong></span> 
     </span>
     <span class='ocr_line' id='line_1_15' title="bbox 70 1678 1124 1777; baseline 0 -22"><span class='ocrx_word' id='word_1_113' title='bbox 70 1714 127 1777; x_wconf 87' lang='grc' dir='ltr'><strong><em>ρην.</em></strong></span> <span class='ocrx_word' id='word_1_114' title='bbox 164 1678 348 1758; x_wconf 64' lang='grc' dir='ltr'><strong><em>Ἐνθεῦἒεν</em></strong></span> <span class='ocrx_word' id='word_1_115' title='bbox 373 1689 411 1757; x_wconf 68' lang='grc' dir='ltr'><strong><em>δὲ</em></strong></span> <span class='ocrx_word' id='word_1_116' title='bbox 431 1684 495 1774; x_wconf 83' lang='grc' dir='ltr'><strong><em>τήν</em></strong></span> <span class='ocrx_word' id='word_1_117' title='bbox 515 1692 690 1774; x_wconf 80' lang='grc' dir='ltr'><strong><em>Φρονίμην</em></strong></span> <span class='ocrx_word' id='word_1_118' title='bbox 715 1685 922 1777; x_wconf 71' lang='grc' dir='ltr'><strong><em>παραλαβών</em></strong></span> <span class='ocrx_word' id='word_1_119' title='bbox 945 1686 1061 1758; x_wconf 82' lang='grc' dir='ltr'><strong><em>Πολύ·</em></strong></span> <span class='ocrx_word' id='word_1_120' title='bbox 1072 1712 1124 1770; x_wconf 68' lang='lat'><strong><em>1⁵⁶</em></strong></span> 
     </span>
     <span class='ocr_line' id='line_1_16' title="bbox 67 1784 1059 1877; baseline 0 -20"><span class='ocrx_word' id='word_1_121' title='bbox 67 1810 203 1877; x_wconf 88' lang='grc' dir='ltr'><strong><em>μνηστος,</em></strong></span> <span class='ocrx_word' id='word_1_122' title='bbox 216 1786 286 1859; x_wconf 78' lang='grc' dir='ltr'><strong><em>ἐών</em></strong></span> <span class='ocrx_word' id='word_1_123' title='bbox 296 1796 365 1858; x_wconf 77' lang='grc' dir='ltr'><strong><em>τῶν</em></strong></span> <span class='ocrx_word' id='word_1_124' title='bbox 372 1795 531 1876; x_wconf 82' lang='grc' dir='ltr'><strong><em>Θηραίων</em></strong></span> <span class='ocrx_word' id='word_1_125' title='bbox 539 1784 626 1874; x_wconf 88' lang='grc' dir='ltr'><strong><em>άνήρ</em></strong></span> <span class='ocrx_word' id='word_1_126' title='bbox 638 1787 787 1875; x_wconf 81' lang='grc' dir='ltr'><strong><em>δόκιμος,</em></strong></span> <span class='ocrx_word' id='word_1_127' title='bbox 799 1788 1059 1858; x_wconf 89' lang='grc' dir='ltr'><strong><em>ἐπαλλακεύετο·</em></strong></span> 
     </span>
     <span class='ocr_line' id='line_1_17' title="bbox 67 1887 1058 1978; baseline 0 -20"><span class='ocrx_word' id='word_1_128' title='bbox 67 1889 173 1978; x_wconf 88' lang='grc' dir='ltr'><strong><em>χρόνον</em></strong></span> <span class='ocrx_word' id='word_1_129' title='bbox 195 1891 234 1958; x_wconf 80' lang='grc' dir='ltr'><strong><em>δὲ</em></strong></span> <span class='ocrx_word' id='word_1_130' title='bbox 258 1889 448 1975; x_wconf 89' lang='grc' dir='ltr'><strong><em>περιιόντος</em></strong></span> <span class='ocrx_word' id='word_1_131' title='bbox 468 1887 638 1977; x_wconf 81' lang='grc' dir='ltr'><strong><em>ἐξεγένετό</em></strong></span> <span class='ocrx_word' id='word_1_132' title='bbox 655 1892 689 1957; x_wconf 87' lang='grc' dir='ltr'><strong><em>οί</em></strong></span> <span class='ocrx_word' id='word_1_133' title='bbox 706 1902 784 1968; x_wconf 76' lang='grc' dir='ltr'><strong><em>παῖς</em></strong></span> <span class='ocrx_word' id='word_1_134' title='bbox 798 1888 987 1977; x_wconf 84' lang='grc' dir='ltr'><strong><em>ἰσχόφωνος</em></strong></span> <span class='ocrx_word' id='word_1_135' title='bbox 1003 1891 1058 1958; x_wconf 88' lang='grc' dir='ltr'><strong><em>καί</em></strong></span> 
     </span>
     <span class='ocr_line' id='line_1_18' title="bbox 66 1987 1058 2082; baseline 0.004 -26"><span class='ocrx_word' id='word_1_136' title='bbox 66 1988 205 2078; x_wconf 82' lang='grc' dir='ltr'><strong><em>τραυλός,</em></strong></span> <span class='ocrx_word' id='word_1_137' title='bbox 228 1997 278 2082; x_wconf 74' lang='grc' dir='ltr'><strong><em>τῷ</em></strong></span> <span class='ocrx_word' id='word_1_138' title='bbox 299 1988 431 2079; x_wconf 78' lang='grc' dir='ltr'><strong><em>οὕνομα</em></strong></span> <span class='ocrx_word' id='word_1_139' title='bbox 454 1992 554 2078; x_wconf 79' lang='grc' dir='ltr'><strong><em>ἐτέθη</em></strong></span> <span class='ocrx_word' id='word_1_140' title='bbox 569 1989 713 2077; x_wconf 85' lang='grc' dir='ltr'><strong><em>Βάττος,</em></strong></span> <span class='ocrx_word' id='word_1_141' title='bbox 737 1987 782 2070; x_wconf 77' lang='grc' dir='ltr'><strong><em>ὡς</em></strong></span> <span class='ocrx_word' id='word_1_142' title='bbox 796 1997 940 2078; x_wconf 79' lang='grc' dir='ltr'><strong><em>Θηραίοί</em></strong></span> <span class='ocrx_word' id='word_1_143' title='bbox 952 2016 989 2059; x_wconf 91' lang='grc' dir='ltr'><strong><em>τε</em></strong></span> <span class='ocrx_word' id='word_1_144' title='bbox 1002 1993 1058 2060; x_wconf 87' lang='grc' dir='ltr'><strong><em>καί</em></strong></span> 
     </span>
     <span class='ocr_line' id='line_1_19' title="bbox 65 2085 1057 2178; baseline 0.002 -23"><span class='ocrx_word' id='word_1_145' title='bbox 65 2095 233 2178; x_wconf 77' lang='grc' dir='ltr'><strong><em>Κυρηναῖοι</em></strong></span> <span class='ocrx_word' id='word_1_146' title='bbox 250 2093 404 2178; x_wconf 84' lang='grc' dir='ltr'><strong><em>λέγουσι,</em></strong></span> <span class='ocrx_word' id='word_1_147' title='bbox 420 2087 465 2171; x_wconf 79' lang='grc' dir='ltr'><strong><em>ὡς</em></strong></span> <span class='ocrx_word' id='word_1_148' title='bbox 474 2093 589 2178; x_wconf 85' lang='grc' dir='ltr'><strong><em>μέντοι</em></strong></span> <span class='ocrx_word' id='word_1_149' title='bbox 601 2086 666 2176; x_wconf 72' lang='grc' dir='ltr'><strong><em>ἐγὼ</em></strong></span> <span class='ocrx_word' id='word_1_150' title='bbox 678 2092 795 2177; x_wconf 88' lang='grc' dir='ltr'><strong><em>δοκέω,</em></strong></span> <span class='ocrx_word' id='word_1_151' title='bbox 811 2085 892 2158; x_wconf 75' lang='grc' dir='ltr'><strong><em>ἄλλο</em></strong></span> <span class='ocrx_word' id='word_1_152' title='bbox 903 2115 950 2157; x_wconf 87' lang='grc' dir='ltr'><strong><em>τι·</em></strong></span> <span class='ocrx_word' id='word_1_153' title='bbox 968 2090 1057 2158; x_wconf 88' lang='grc' dir='ltr'><strong><em>Βάτ-</em></strong></span> 
     </span>
     <span class='ocr_line' id='line_1_20' title="bbox 65 2184 1056 2279; baseline 0.003 -26"><span class='ocrx_word' id='word_1_154' title='bbox 65 2213 107 2266; x_wconf 89' lang='grc' dir='ltr'><strong><em>τος</em></strong></span> <span class='ocrx_word' id='word_1_155' title='bbox 118 2193 151 2258; x_wconf 79' lang='grc' dir='ltr'><strong><em>δὲ</em></strong></span> <span class='ocrx_word' id='word_1_156' title='bbox 166 2189 450 2279; x_wconf 86' lang='grc' dir='ltr'><strong><em>μετοονομάσθη,</em></strong></span> <span class='ocrx_word' id='word_1_157' title='bbox 481 2191 589 2258; x_wconf 83' lang='grc' dir='ltr'><strong><em>ἐπείτε</em></strong></span> <span class='ocrx_word' id='word_1_158' title='bbox 614 2189 648 2267; x_wconf 82' lang='grc' dir='ltr'><strong><em>ἐς</em></strong></span> <span class='ocrx_word' id='word_1_159' title='bbox 662 2188 798 2276; x_wconf 88' lang='grc' dir='ltr'><strong><em>Λιβύην</em></strong></span> <span class='ocrx_word' id='word_1_160' title='bbox 812 2184 965 2276; x_wconf 86' lang='grc' dir='ltr'><strong><em>άπίκετο,</em></strong></span> <span class='ocrx_word' id='word_1_161' title='bbox 989 2184 1056 2256; x_wconf 88' lang='grc' dir='ltr'><strong><em>άπό</em></strong></span> 
     </span>
     <span class='ocr_line' id='line_1_21' title="bbox 64 2286 1056 2381; baseline 0.002 -28"><span class='ocrx_word' id='word_1_162' title='bbox 64 2298 154 2358; x_wconf 86' lang='grc' dir='ltr'><strong><em>τετοῦ</em></strong></span> <span class='ocrx_word' id='word_1_163' title='bbox 166 2297 374 2380; x_wconf 86' lang='grc' dir='ltr'><strong><em>χρηστηρίου</em></strong></span> <span class='ocrx_word' id='word_1_164' title='bbox 388 2299 450 2359; x_wconf 73' lang='grc' dir='ltr'><strong><em>τοτ’</em></strong></span> <span class='ocrx_word' id='word_1_165' title='bbox 464 2291 653 2378; x_wconf 78' lang='grc' dir='ltr'><strong><em>γενομένου</em></strong></span> <span class='ocrx_word' id='word_1_166' title='bbox 666 2292 703 2359; x_wconf 84' lang='grc' dir='ltr'><strong><em>ἰν</em></strong></span> <span class='ocrx_word' id='word_1_167' title='bbox 713 2298 880 2376; x_wconf 76' lang='grc' dir='ltr'><strong><em>Δελφοῖσι</em></strong></span> <span class='ocrx_word' id='word_1_168' title='bbox 894 2286 985 2381; x_wconf 76' lang='grc' dir='ltr'><strong><em>αύτῷ</em></strong></span> <span class='ocrx_word' id='word_1_169' title='bbox 1000 2290 1056 2356; x_wconf 88' lang='grc' dir='ltr'><strong><em>καί</em></strong></span> 
     </span>
     <span class='ocr_line' id='line_1_22' title="bbox 63 2381 1054 2478; baseline 0 -24"><span class='ocrx_word' id='word_1_170' title='bbox 63 2381 113 2454; x_wconf 81' lang='grc' dir='ltr'><strong><em>ἆπό</em></strong></span> <span class='ocrx_word' id='word_1_171' title='bbox 128 2396 183 2477; x_wconf 80' lang='grc' dir='ltr'><strong><em>τῆς</em></strong></span> <span class='ocrx_word' id='word_1_172' title='bbox 205 2397 322 2478; x_wconf 81' lang='grc' dir='ltr'><strong><em>τιμής,</em></strong></span> <span class='ocrx_word' id='word_1_173' title='bbox 343 2386 406 2476; x_wconf 83' lang='grc' dir='ltr'><strong><em>τήν</em></strong></span> <span class='ocrx_word' id='word_1_174' title='bbox 428 2395 518 2477; x_wconf 82' lang='grc' dir='ltr'><strong><em>ἔσχε,</em></strong></span> <span class='ocrx_word' id='word_1_175' title='bbox 539 2385 603 2476; x_wconf 77' lang='grc' dir='ltr'><strong><em>τήν</em></strong></span> <span class='ocrx_word' id='word_1_176' title='bbox 624 2390 819 2475; x_wconf 77' lang='grc' dir='ltr'><strong><em>ἐπωνυμίην</em></strong></span> <span class='ocrx_word' id='word_1_177' title='bbox 838 2385 1054 2475; x_wconf 86' lang='grc' dir='ltr'><strong><em>ποιεύμενος·</em></strong></span> 
     </span>
     <span class='ocr_line' id='line_1_23' title="bbox 61 2485 1055 2580; baseline 0 -26"><span class='ocrx_word' id='word_1_178' title='bbox 61 2493 165 2576; x_wconf 81' lang='grc' dir='ltr'><strong><em>Λίβυες</em></strong></span> <span class='ocrx_word' id='word_1_179' title='bbox 175 2489 245 2579; x_wconf 81' lang='grc' dir='ltr'><strong><em>γάρ</em></strong></span> <span class='ocrx_word' id='word_1_180' title='bbox 256 2492 395 2580; x_wconf 79' lang='grc' dir='ltr'><strong><em>βασιλέα</em></strong></span> <span class='ocrx_word' id='word_1_181' title='bbox 405 2489 530 2578; x_wconf 90' lang='grc' dir='ltr'><strong><em>βάττον</em></strong></span> <span class='ocrx_word' id='word_1_182' title='bbox 542 2491 711 2574; x_wconf 84' lang='grc' dir='ltr'><strong><em>καλέουσι,</em></strong></span> <span class='ocrx_word' id='word_1_183' title='bbox 726 2491 782 2556; x_wconf 89' lang='grc' dir='ltr'><strong><em>καί</em></strong></span> <span class='ocrx_word' id='word_1_184' title='bbox 791 2485 915 2556; x_wconf 89' lang='grc' dir='ltr'><strong><em>τούτου</em></strong></span> <span class='ocrx_word' id='word_1_185' title='bbox 926 2489 1055 2556; x_wconf 83' lang='grc' dir='ltr'><strong><em>εἵνεκεν</em></strong></span> 
     </span>
     <span class='ocr_line' id='line_1_24' title="bbox 61 2585 1056 2677; baseline 0.004 -27"><span class='ocrx_word' id='word_1_186' title='bbox 61 2591 148 2656; x_wconf 83' lang='grc' dir='ltr'><strong><em>δοκέω</em></strong></span> <span class='ocrx_word' id='word_1_187' title='bbox 171 2595 405 2671; x_wconf 80' lang='grc' dir='ltr'><strong><em>θεσπίζουσαν</em></strong></span> <span class='ocrx_word' id='word_1_188' title='bbox 429 2585 492 2677; x_wconf 79' lang='grc' dir='ltr'><strong><em>τὴν</em></strong></span> <span class='ocrx_word' id='word_1_189' title='bbox 512 2593 654 2674; x_wconf 81' lang='grc' dir='ltr'><strong><em>Πυθίην</em></strong></span> <span class='ocrx_word' id='word_1_190' title='bbox 678 2589 814 2656; x_wconf 89' lang='grc' dir='ltr'><strong><em>καλέσαι</em></strong></span> <span class='ocrx_word' id='word_1_191' title='bbox 839 2612 898 2672; x_wconf 88' lang='grc' dir='ltr'><strong><em>μιν</em></strong></span> <span class='ocrx_word' id='word_1_192' title='bbox 923 2591 1056 2675; x_wconf 81' lang='grc' dir='ltr'><strong><em>Λιβυκῇ</em></strong></span> 
     </span>
     <span class='ocr_line' id='line_1_25' title="bbox 61 2686 1057 2780; baseline 0.002 -25"><span class='ocrx_word' id='word_1_193' title='bbox 61 2689 196 2780; x_wconf 86' lang='grc' dir='ltr'><strong><em>γλόσση,</em></strong></span> <span class='ocrx_word' id='word_1_194' title='bbox 221 2695 369 2778; x_wconf 73' lang='grc' dir='ltr'><strong><em>εἰδυῖαν,</em></strong></span> <span class='ocrx_word' id='word_1_195' title='bbox 394 2688 439 2770; x_wconf 79' lang='grc' dir='ltr'><strong><em>ὡς</em></strong></span> <span class='ocrx_word' id='word_1_196' title='bbox 452 2686 612 2779; x_wconf 82' lang='grc' dir='ltr'><strong><em>βασιλεύς</em></strong></span> <span class='ocrx_word' id='word_1_197' title='bbox 625 2693 718 2757; x_wconf 83' lang='grc' dir='ltr'><strong><em>ἐσται</em></strong></span> <span class='ocrx_word' id='word_1_198' title='bbox 731 2689 769 2757; x_wconf 79' lang='grc' dir='ltr'><strong><em>ἐν</em></strong></span> <span class='ocrx_word' id='word_1_199' title='bbox 784 2686 905 2777; x_wconf 86' lang='grc' dir='ltr'><strong><em>Λιβύη.</em></strong></span> <span class='ocrx_word' id='word_1_200' title='bbox 948 2690 1057 2757; x_wconf 88' lang='grc' dir='ltr'><strong><em>ἐπείτε</em></strong></span> 
     </span>
     <span class='ocr_line' id='line_1_26' title="bbox 60 2783 1055 2877; baseline 0.007 -26"><span class='ocrx_word' id='word_1_201' title='bbox 60 2783 112 2872; x_wconf 80' lang='grc' dir='ltr'><strong><em>γὰρ</em></strong></span> <span class='ocrx_word' id='word_1_202' title='bbox 127 2786 293 2877; x_wconf 73' lang='grc' dir='ltr'><strong><em>ἠνδρώθη</em></strong></span> <span class='ocrx_word' id='word_1_203' title='bbox 310 2783 426 2876; x_wconf 80' lang='grc' dir='ltr'><strong><em>οὗτος,</em></strong></span> <span class='ocrx_word' id='word_1_204' title='bbox 441 2783 528 2877; x_wconf 85' lang='grc' dir='ltr'><strong><em>ήλθε</em></strong></span> <span class='ocrx_word' id='word_1_205' title='bbox 544 2791 577 2868; x_wconf 85' lang='grc' dir='ltr'><strong><em>ἐς</em></strong></span> <span class='ocrx_word' id='word_1_206' title='bbox 586 2784 747 2874; x_wconf 85' lang='grc' dir='ltr'><strong><em>Δελφούς</em></strong></span> <span class='ocrx_word' id='word_1_207' title='bbox 757 2791 834 2876; x_wconf 81' lang='grc' dir='ltr'><strong><em>περί</em></strong></span> <span class='ocrx_word' id='word_1_208' title='bbox 849 2795 907 2876; x_wconf 81' lang='grc' dir='ltr'><strong><em>τῆς</em></strong></span> <span class='ocrx_word' id='word_1_209' title='bbox 923 2795 1055 2875; x_wconf 78' lang='grc' dir='ltr'><strong><em>φωνῆς·</em></strong></span> 
     </span>
     <span class='ocr_line' id='line_1_27' title="bbox 60 2883 735 2978; baseline 0.013 -30"><span class='ocrx_word' id='word_1_210' title='bbox 60 2883 275 2970; x_wconf 82' lang='grc' dir='ltr'><strong><em>ἐπειρωτέονττ</em></strong></span> <span class='ocrx_word' id='word_1_211' title='bbox 291 2889 331 2956; x_wconf 85' lang='grc' dir='ltr'><strong><em>δέ</em></strong></span> <span class='ocrx_word' id='word_1_212' title='bbox 345 2893 380 2956; x_wconf 93' lang='grc' dir='ltr'><strong><em>οί</em></strong></span> <span class='ocrx_word' id='word_1_213' title='bbox 391 2896 454 2978; x_wconf 79' lang='grc' dir='ltr'><strong><em>χρᾷ</em></strong></span> <span class='ocrx_word' id='word_1_214' title='bbox 469 2886 489 2976; x_wconf 84' lang='grc' dir='ltr'><em>ἡ</em></span> <span class='ocrx_word' id='word_1_215' title='bbox 505 2894 622 2974; x_wconf 87' lang='grc' dir='ltr'><strong><em>Πυθίη</em></strong></span> <span class='ocrx_word' id='word_1_216' title='bbox 638 2888 735 2957; x_wconf 88' lang='grc' dir='ltr'><strong><em>τάδε·</em></strong></span> 
     </span>
    </p>

    <p class='ocr_par' dir='ltr' id='par_1_3' title="bbox 55 2981 1108 3571">
     <span class='ocr_line' id='line_1_28' title="bbox 89 2981 1047 3078; baseline 0.001 -26"><span class='ocrx_word' id='word_1_217' title='bbox 89 2986 195 3075; x_wconf 86' lang='grc' dir='ltr'><strong><em>Βάττ’,</em></strong></span> <span class='ocrx_word' id='word_1_218' title='bbox 208 2991 263 3056; x_wconf 85' lang='grc' dir='ltr'><strong><em>ἐπὶ</em></strong></span> <span class='ocrx_word' id='word_1_219' title='bbox 276 2986 396 3076; x_wconf 83' lang='grc' dir='ltr'><strong><em>φωνήν</em></strong></span> <span class='ocrx_word' id='word_1_220' title='bbox 407 2981 529 3075; x_wconf 82' lang='grc' dir='ltr'><strong><em>ἦλθες·</em></strong></span> <span class='ocrx_word' id='word_1_221' title='bbox 545 2987 629 3070; x_wconf 84' lang='grc' dir='ltr'><strong><em>άναξ</em></strong></span> <span class='ocrx_word' id='word_1_222' title='bbox 642 2991 682 3058; x_wconf 86' lang='grc' dir='ltr'><strong><em>δέ</em></strong></span> <span class='ocrx_word' id='word_1_223' title='bbox 690 3010 728 3057; x_wconf 91' lang='grc' dir='ltr'><strong><em>σε</em></strong></span> <span class='ocrx_word' id='word_1_224' title='bbox 740 2997 864 3078; x_wconf 81' lang='grc' dir='ltr'><strong><em>Φοῖβος</em></strong></span> <span class='ocrx_word' id='word_1_225' title='bbox 875 2985 1047 3057; x_wconf 80' lang='grc' dir='ltr'><strong><em>Ἀπόλλων</em></strong></span> 
     </span>
     <span class='ocr_line' id='line_1_29' title="bbox 88 3080 850 3178; baseline 0.008 -26"><span class='ocrx_word' id='word_1_226' title='bbox 88 3080 132 3164; x_wconf 82' lang='grc' dir='ltr'><strong><em>Ἐς</em></strong></span> <span class='ocrx_word' id='word_1_227' title='bbox 145 3086 284 3176; x_wconf 88' lang='grc' dir='ltr'><strong><em>Λιβύην</em></strong></span> <span class='ocrx_word' id='word_1_228' title='bbox 298 3093 420 3175; x_wconf 86' lang='grc' dir='ltr'><strong><em>πέμπει</em></strong></span> <span class='ocrx_word' id='word_1_229' title='bbox 437 3090 656 3178; x_wconf 86' lang='grc' dir='ltr'><strong><em>μηλοτρόφον</em></strong></span> <span class='ocrx_word' id='word_1_230' title='bbox 666 3096 850 3178; x_wconf 82' lang='grc' dir='ltr'><strong><em>οἰκιστῆρα,</em></strong></span> 
     </span>
     <span class='ocr_line' id='line_1_30' title="bbox 58 3179 1053 3277; baseline 0.004 -29"><span class='ocrx_word' id='word_1_231' title='bbox 58 3179 152 3272; x_wconf 71' lang='grc' dir='ltr'><strong><em>ὥσπερ</em></strong></span> <span class='ocrx_word' id='word_1_232' title='bbox 175 3192 208 3255; x_wconf 91' lang='grc' dir='ltr'><strong><em>εἰ</em></strong></span> <span class='ocrx_word' id='word_1_233' title='bbox 228 3196 317 3256; x_wconf 90' lang='grc' dir='ltr'><strong><em>εἰποι</em></strong></span> <span class='ocrx_word' id='word_1_234' title='bbox 333 3185 468 3257; x_wconf 82' lang='grc' dir='ltr'><strong><em>Ἑλλάδι</em></strong></span> <span class='ocrx_word' id='word_1_235' title='bbox 485 3189 620 3277; x_wconf 81' lang='grc' dir='ltr'><strong><em>γλάσση</em></strong></span> <span class='ocrx_word' id='word_1_236' title='bbox 639 3189 819 3276; x_wconf 87' lang='grc' dir='ltr'><strong><em>χρεομένη·</em></strong></span> <span class='ocrx_word' id='word_1_237' title='bbox 843 3180 882 3253; x_wconf 75' lang='grc' dir='ltr'><em>Ὦ</em></span> <span class='ocrx_word' id='word_1_238' title='bbox 902 3191 1053 3273; x_wconf 83' lang='grc' dir='ltr'><strong><em>βασιλεῦ,</em></strong></span> 
     </span>
     <span class='ocr_line' id='line_1_31' title="bbox 56 3277 1108 3376; baseline 0.001 -28"><span class='ocrx_word' id='word_1_239' title='bbox 56 3285 97 3348; x_wconf 82' lang='grc' dir='ltr'><strong><em>ἰπὶ</em></strong></span> <span class='ocrx_word' id='word_1_240' title='bbox 111 3283 230 3371; x_wconf 84' lang='grc' dir='ltr'><strong><em>φωνήν</em></strong></span> <span class='ocrx_word' id='word_1_241' title='bbox 245 3277 359 3372; x_wconf 83' lang='grc' dir='ltr'><strong><em>ἦλθες.</em></strong></span> <span class='ocrx_word' id='word_1_242' title='bbox 399 3282 435 3353; x_wconf 91' lang='lat'><strong><em>‘0</em></strong></span> <span class='ocrx_word' id='word_1_243' title='bbox 458 3284 490 3353; x_wconf 90' lang='grc' dir='ltr'><strong><em>δ’</em></strong></span> <span class='ocrx_word' id='word_1_244' title='bbox 507 3283 661 3376; x_wconf 79' lang='grc' dir='ltr'><strong><em>ἀμείβετο</em></strong></span> <span class='ocrx_word' id='word_1_245' title='bbox 682 3288 822 3354; x_wconf 85' lang='grc' dir='ltr'><strong><em>τοιαίδε·</em></strong></span> <span class='ocrx_word' id='word_1_246' title='bbox 850 3277 968 3369; x_wconf 81' lang='grc' dir='ltr'><strong><em>Ὦυαξ,</em></strong></span> <span class='ocrx_word' id='word_1_247' title='bbox 989 3279 1053 3369; x_wconf 71' lang='grc' dir='ltr'><strong><em>ἐγώ</em></strong></span> <span class='ocrx_word' id='word_1_248' title='bbox 1105 3312 1108 3316; x_wconf 93' lang='grc'><strong><em>·</em></strong></span> 
     </span>
     <span class='ocr_line' id='line_1_32' title="bbox 58 3375 1056 3472; baseline -0.005 -21"><span class='ocrx_word' id='word_1_249' title='bbox 58 3379 106 3459; x_wconf 66' lang='grc' dir='ltr'><strong><em>μὲν</em></strong></span> <span class='ocrx_word' id='word_1_250' title='bbox 121 3375 233 3468; x_wconf 79' lang='grc' dir='ltr'><strong><em>ἦλθον</em></strong></span> <span class='ocrx_word' id='word_1_251' title='bbox 248 3381 340 3470; x_wconf 85' lang='grc' dir='ltr'><strong><em>παρά</em></strong></span> <span class='ocrx_word' id='word_1_252' title='bbox 359 3383 396 3451; x_wconf 69' lang='grc' dir='ltr'><strong><em>σε</em></strong></span> <span class='ocrx_word' id='word_1_253' title='bbox 410 3385 617 3471; x_wconf 87' lang='grc' dir='ltr'><strong><em>χρησόμενος</em></strong></span> <span class='ocrx_word' id='word_1_254' title='bbox 632 3388 708 3472; x_wconf 89' lang='grc' dir='ltr'><strong><em>περί</em></strong></span> <span class='ocrx_word' id='word_1_255' title='bbox 722 3388 780 3470; x_wconf 81' lang='grc' dir='ltr'><strong><em>τῆς</em></strong></span> <span class='ocrx_word' id='word_1_256' title='bbox 797 3386 929 3468; x_wconf 80' lang='grc' dir='ltr'><strong><em>φωνῆς,</em></strong></span> <span class='ocrx_word' id='word_1_257' title='bbox 952 3376 995 3447; x_wconf 79' lang='grc' dir='ltr'><strong><em>σύ</em></strong></span> <span class='ocrx_word' id='word_1_258' title='bbox 1016 3380 1056 3447; x_wconf 84' lang='grc' dir='ltr'><strong><em>δέ</em></strong></span> 
     </span>
     <span class='ocr_line' id='line_1_33' title="bbox 55 3473 1051 3571; baseline -0.001 -28"><span class='ocrx_word' id='word_1_259' title='bbox 55 3475 205 3556; x_wconf 77' lang='grc' dir='ltr'><strong><em>μετάλλα</em></strong></span> <span class='ocrx_word' id='word_1_260' title='bbox 227 3477 380 3548; x_wconf 75' lang='grc' dir='ltr'><strong><em>ἀδύνατοι</em></strong></span> <span class='ocrx_word' id='word_1_261' title='bbox 402 3489 500 3571; x_wconf 78' lang='grc' dir='ltr'><strong><em>χρᾷς,</em></strong></span> <span class='ocrx_word' id='word_1_262' title='bbox 522 3480 673 3551; x_wconf 80' lang='grc' dir='ltr'><strong><em>κελεύων</em></strong></span> <span class='ocrx_word' id='word_1_263' title='bbox 696 3477 830 3565; x_wconf 83' lang='grc' dir='ltr'><strong><em>Λιβύην</em></strong></span> <span class='ocrx_word' id='word_1_264' title='bbox 851 3473 1051 3556; x_wconf 75' lang='grc' dir='ltr'><strong><em>άποικίζειν·</em></strong></span> 
     </span>
    </p>
   </div>
   <div class='ocr_carea' id='block_1_3' title="bbox 0 0 1254 3925">
    <p class='ocr_par' dir='ltr' id='par_1_4' title="bbox 0 0 1254 3925">
     <span class='ocr_line' id='line_1_34' title="bbox 0 0 1254 3925; baseline 0 8"><span class='ocrx_word' id='word_1_265' title='bbox 0 0 1254 3925; x_wconf 95' lang='lat' dir='ltr'><strong><em> </em></strong></span> 
     </span>
    </p>
   </div>
  </div>
 </body>
</html>
