<?xml version="1.0" encoding="UTF-8"?>
<!DOCTYPE html PUBLIC "-//W3C//DTD XHTML 1.0 Transitional//EN"
    "http://www.w3.org/TR/xhtml1/DTD/xhtml1-transitional.dtd">
<html xmlns="http://www.w3.org/1999/xhtml" xml:lang="en" lang="en">
 <head>
  <title>
</title>
<meta http-equiv="Content-Type" content="text/html;charset=utf-8" />
  <meta name='ocr-system' content='tesseract 3.04.00' />
  <meta name='ocr-capabilities' content='ocr_page ocr_carea ocr_par ocr_line ocrx_word'/>
</head>
<body>
  <div class='ocr_page' id='page_1' title='image "./herodotihistori00dietgoog_0688.png"; bbox 0 0 2500 3925; ppageno 0'>
   <div class='ocr_carea' id='block_1_1' title="bbox 223 222 852 289">
    <p class='ocr_par' dir='ltr' id='par_1_1' title="bbox 223 222 852 289">
     <span class='ocr_line' id='line_1_1' title="bbox 223 222 852 289; baseline -0.003 0"><span class='ocrx_word' id='word_1_1' title='bbox 223 222 286 289; x_wconf 72' lang='lat'><strong><em>2⁶8</em></strong></span> <span class='ocrx_word' id='word_1_2' title='bbox 602 228 852 287; x_wconf 81' lang='lat' dir='ltr'><strong>HERODOTI</strong></span> 
     </span>
    </p>
   </div>
   <div class='ocr_carea' id='block_1_2' title="bbox 222 383 1205 673">
    <p class='ocr_par' dir='ltr' id='par_1_2' title="bbox 222 383 1205 673">
     <span class='ocr_line' id='line_1_2' title="bbox 222 383 1205 483; baseline 0.002 -30"><span class='ocrx_word' id='word_1_3' title='bbox 222 384 307 455; x_wconf 86' lang='grc' dir='ltr'><strong><em>τότε.</em></strong></span> <span class='ocrx_word' id='word_1_4' title='bbox 329 389 364 455; x_wconf 82' lang='grc' dir='ltr'><strong><em>οἳ</em></strong></span> <span class='ocrx_word' id='word_1_5' title='bbox 380 406 418 456; x_wconf 91' lang='grc' dir='ltr'><strong><em>σε</em></strong></span> <span class='ocrx_word' id='word_1_6' title='bbox 437 386 623 475; x_wconf 80' lang='grc' dir='ltr'><strong><em>ποιήσαντα</em></strong></span> <span class='ocrx_word' id='word_1_7' title='bbox 638 383 776 479; x_wconf 80' lang='grc' dir='ltr'><strong><em>ἀνόσια,</em></strong></span> <span class='ocrx_word' id='word_1_8' title='bbox 798 386 891 479; x_wconf 79' lang='grc' dir='ltr'><strong><em>νόμην</em></strong></span> <span class='ocrx_word' id='word_1_9' title='bbox 913 393 1035 483; x_wconf 69' lang='grc' dir='ltr'><strong><em>δικαίῳ</em></strong></span> <span class='ocrx_word' id='word_1_10' title='bbox 1052 388 1205 479; x_wconf 70' lang='grc' dir='ltr'><strong><em>χρεόμενοι</em></strong></span> 
     </span>
     <span class='ocr_line' id='line_1_3' title="bbox 222 482 1205 607; baseline -0.001 -54"><span class='ocrx_word' id='word_1_11' title='bbox 222 482 401 573; x_wconf 73' lang='grc' dir='ltr'><strong><em>ἀπήγαγον</em></strong></span> <span class='ocrx_word' id='word_1_12' title='bbox 411 488 445 567; x_wconf 89' lang='grc' dir='ltr'><strong><em>ἐς</em></strong></span> <span class='ocrx_word' id='word_1_13' title='bbox 453 502 563 575; x_wconf 77' lang='grc' dir='ltr'><strong><em>χεῖρας</em></strong></span> <span class='ocrx_word' id='word_1_14' title='bbox 576 484 636 565; x_wconf 89' lang='grc' dir='ltr'><strong><em>τάς</em></strong></span> <span class='ocrx_word' id='word_1_15' title='bbox 647 484 787 573; x_wconf 76' lang='grc' dir='ltr'><strong><em>ἐμοίς,“</em></strong></span> <span class='ocrx_word' id='word_1_16' title='bbox 759 504 844 553; x_wconf 89' lang='grc' dir='ltr'><strong><em>ωστε</em></strong></span> <span class='ocrx_word' id='word_1_17' title='bbox 856 506 892 555; x_wconf 87' lang='grc' dir='ltr'><strong><em>σε</em></strong></span> <span class='ocrx_word' id='word_1_18' title='bbox 905 485 950 573; x_wconf 77' lang='grc' dir='ltr'><strong><em>μὴ</em></strong></span> <span class='ocrx_word' id='word_1_19' title='bbox 962 483 1205 607; x_wconf 76' lang='grc' dir='ltr'><strong><em>μέμψασθοιτὴο</em></strong></span> 
     </span>
     <span class='ocr_line' id='line_1_4' title="bbox 223 581 1205 673; baseline -0.001 -21"><span class='ocrx_word' id='word_1_20' title='bbox 223 581 270 652; x_wconf 85' lang='grc' dir='ltr'><strong><em>ἀπ</em></strong></span> <span class='ocrx_word' id='word_1_21' title='bbox 272 581 374 673; x_wconf 86' lang='grc' dir='ltr'><strong><em>’ἐμέο</em></strong></span> <span class='ocrx_word' id='word_1_22' title='bbox 393 612 444 653; x_wconf 93' lang='grc' dir='ltr'><strong><em>τοι</em></strong></span> <span class='ocrx_word' id='word_1_23' title='bbox 464 588 627 672; x_wconf 76' lang='grc' dir='ltr'><strong><em>ἐσομένην</em></strong></span> <span class='ocrx_word' id='word_1_24' title='bbox 643 590 749 671; x_wconf 84' lang='grc' dir='ltr'><strong><em>δίκην.</em></strong></span> <span class='ocrx_word' id='word_1_25' title='bbox 779 582 823 665; x_wconf 79' lang='grc' dir='ltr'><strong><em>ὡς</em></strong></span> <span class='ocrx_word' id='word_1_26' title='bbox 845 589 931 654; x_wconf 86' lang='grc' dir='ltr'><strong><em>δέοι</em></strong></span> <span class='ocrx_word' id='word_1_27' title='bbox 949 593 1062 655; x_wconf 84' lang='grc' dir='ltr'><strong><em>ταῦτα</em></strong></span> <span class='ocrx_word' id='word_1_28' title='bbox 1079 584 1205 655; x_wconf 76' lang='grc' dir='ltr'><strong><em>ὠνείδισε</em></strong></span> 
     </span>
    </p>
   </div>
   <div class='ocr_carea' id='block_1_3' title="bbox 220 681 1205 1170">
    <p class='ocr_par' dir='ltr' id='par_1_3' title="bbox 220 681 1205 1170">
     <span class='ocr_line' id='line_1_5' title="bbox 223 681 1205 773; baseline 0 -20"><span class='ocrx_word' id='word_1_29' title='bbox 223 681 397 770; x_wconf 84' lang='grc' dir='ltr'><strong><em>ἀχθέντων</em></strong></span> <span class='ocrx_word' id='word_1_30' title='bbox 411 690 480 753; x_wconf 80' lang='grc' dir='ltr'><strong><em>τῶν</em></strong></span> <span class='ocrx_word' id='word_1_31' title='bbox 493 688 625 754; x_wconf 90' lang='grc' dir='ltr'><strong><em>παίδων</em></strong></span> <span class='ocrx_word' id='word_1_32' title='bbox 640 682 707 763; x_wconf 77' lang='grc' dir='ltr'><strong><em>ές”</em></strong></span> <span class='ocrx_word' id='word_1_33' title='bbox 688 698 769 766; x_wconf 77' lang='grc' dir='ltr'><strong><em>οψιν</em></strong></span> <span class='ocrx_word' id='word_1_34' title='bbox 788 682 1024 773; x_wconf 71' lang='grc' dir='ltr'><strong><em>ἡναγκάζετο’</em></strong></span> <span class='ocrx_word' id='word_1_35' title='bbox 1007 714 1027 755; x_wconf 91' lang='grc' dir='ltr'><strong><em>ο</em></strong></span> <span class='ocrx_word' id='word_1_36' title='bbox 1044 687 1205 761; x_wconf 80' lang='grc' dir='ltr'><strong><em>Πανιόνιο</em></strong></span> 
     </span>
     <span class='ocr_line' id='line_1_6' title="bbox 223 782 1205 873; baseline 0.001 -22"><span class='ocrx_word' id='word_1_37' title='bbox 223 790 291 852; x_wconf 78' lang='grc' dir='ltr'><strong><em>τῶν</em></strong></span> <span class='ocrx_word' id='word_1_38' title='bbox 306 786 434 851; x_wconf 77' lang='grc' dir='ltr'><strong><em>ἑαυτοῦ</em></strong></span> <span class='ocrx_word' id='word_1_39' title='bbox 447 788 578 853; x_wconf 79' lang='grc' dir='ltr'><strong><em>παίδων</em></strong></span> <span class='ocrx_word' id='word_1_40' title='bbox 594 786 761 873; x_wconf 75' lang='grc' dir='ltr'><strong><em>τεσσέρων</em></strong></span> <span class='ocrx_word' id='word_1_41' title='bbox 776 785 902 855; x_wconf 77' lang='grc' dir='ltr'><strong><em>ἐόντων</em></strong></span> <span class='ocrx_word' id='word_1_42' title='bbox 921 782 961 853; x_wconf 84' lang='grc' dir='ltr'><strong><em>τά</em></strong></span> <span class='ocrx_word' id='word_1_43' title='bbox 977 792 1099 855; x_wconf 74' lang='grc' dir='ltr'><strong><em>αἰδοία</em></strong></span> <span class='ocrx_word' id='word_1_44' title='bbox 1117 784 1205 855; x_wconf 78' lang='grc' dir='ltr'><strong><em>ἀιιοιό</em></strong></span> 
     </span>
     <span class='ocr_line' id='line_1_7' title="bbox 224 878 1205 971; baseline -0.002 -20"><span class='ocrx_word' id='word_1_45' title='bbox 224 908 339 969; x_wconf 87' lang='grc' dir='ltr'><strong><em>μνειν,</em></strong></span> <span class='ocrx_word' id='word_1_46' title='bbox 360 878 629 971; x_wconf 71' lang='grc' dir='ltr'><strong><em>ἀναγκαζόμενος</em></strong></span> <span class='ocrx_word' id='word_1_47' title='bbox 651 883 687 953; x_wconf 76' lang='grc' dir='ltr'><strong><em>δὲ</em></strong></span> <span class='ocrx_word' id='word_1_48' title='bbox 708 885 814 953; x_wconf 87' lang='grc' dir='ltr'><strong><em>ἐποίεε</em></strong></span> <span class='ocrx_word' id='word_1_49' title='bbox 835 892 948 953; x_wconf 87' lang='grc' dir='ltr'><strong><em>ταῦτα.</em></strong></span> <span class='ocrx_word' id='word_1_50' title='bbox 983 884 1101 955; x_wconf 82' lang='grc' dir='ltr'><strong><em>αὐτοῦ</em></strong></span> <span class='ocrx_word' id='word_1_51' title='bbox 1121 913 1169 971; x_wconf 88' lang='grc' dir='ltr'><strong><em>τε,</em></strong></span> <span class='ocrx_word' id='word_1_52' title='bbox 1188 882 1205 961; x_wconf 62' lang='grc' dir='ltr'><strong><em>ο,</em></strong></span> 
     </span>
     <span class='ocr_line' id='line_1_8' title="bbox 220 980 1205 1071; baseline -0.003 -22"><span class='ocrx_word' id='word_1_53' title='bbox 220 988 326 1051; x_wconf 80' lang='grc' dir='ltr'><strong><em>ταῦτα</em></strong></span> <span class='ocrx_word' id='word_1_54' title='bbox 350 980 531 1071; x_wconf 87' lang='grc' dir='ltr'><strong><em>ἐργάσατο,</em></strong></span> <span class='ocrx_word' id='word_1_55' title='bbox 556 988 591 1052; x_wconf 90' lang='grc' dir='ltr'><strong><em>οί</em></strong></span> <span class='ocrx_word' id='word_1_56' title='bbox 608 988 723 1062; x_wconf 77' lang='grc' dir='ltr'><strong><em>παῖδες</em></strong></span> <span class='ocrx_word' id='word_1_57' title='bbox 743 981 1007 1070; x_wconf 78' lang='grc' dir='ltr'><strong><em>ἀναγκαζόμενοι</em></strong></span> <span class='ocrx_word' id='word_1_58' title='bbox 1031 982 1205 1069; x_wconf 74' lang='grc' dir='ltr'><strong><em>ἀπέταμνον</em></strong></span> 
     </span>
     <span class='ocr_line' id='line_1_9' title="bbox 221 1079 1205 1170; baseline 0.003 -22"><span class='ocrx_word' id='word_1_59' title='bbox 221 1079 417 1151; x_wconf 71' lang='grc' dir='ltr'><strong><em>Πανιώνιον</em></strong></span> <span class='ocrx_word' id='word_1_60' title='bbox 431 1086 494 1168; x_wconf 85' lang='grc' dir='ltr'><strong><em>μέν</em></strong></span> <span class='ocrx_word' id='word_1_61' title='bbox 503 1108 570 1153; x_wconf 87' lang='grc' dir='ltr'><strong><em>νυν</em></strong></span> <span class='ocrx_word' id='word_1_62' title='bbox 587 1080 677 1153; x_wconf 80' lang='grc' dir='ltr'><strong><em>οὕτω</em></strong></span> <span class='ocrx_word' id='word_1_63' title='bbox 692 1081 890 1170; x_wconf 78' lang='grc' dir='ltr'><strong><em>περιῆλθεῆ</em></strong></span> <span class='ocrx_word' id='word_1_64' title='bbox 904 1110 939 1153; x_wconf 90' lang='grc' dir='ltr'><strong><em>τε</em></strong></span> <span class='ocrx_word' id='word_1_65' title='bbox 953 1092 1042 1164; x_wconf 81' lang='grc' dir='ltr'><strong><em>τίσις</em></strong></span> <span class='ocrx_word' id='word_1_66' title='bbox 1060 1088 1121 1154; x_wconf 79' lang='grc' dir='ltr'><strong><em>καὶ</em></strong></span> <span class='ocrx_word' id='word_1_67' title='bbox 1136 1082 1205 1164; x_wconf 76' lang='grc' dir='ltr'><strong><em>ὁἘα</em></strong></span> 
     </span>
    </p>
   </div>
   <div class='ocr_carea' id='block_1_4' title="bbox 157 1206 1205 3558">
    <p class='ocr_par' dir='ltr' id='par_1_4' title="bbox 157 1206 1205 3558">
     <span class='ocr_line' id='line_1_10' title="bbox 223 1206 370 1266; baseline 0.014 -18"><span class='ocrx_word' id='word_1_68' title='bbox 223 1206 370 1266; x_wconf 87' lang='grc' dir='ltr'><strong><em>μοτιμος.</em></strong></span> 
     </span>
     <span class='ocr_line' id='line_1_11' title="bbox 157 1280 1205 1373; baseline 0 -26"><span class='ocrx_word' id='word_1_69' title='bbox 157 1291 205 1347; x_wconf 77' lang='lat'><strong><em>1⁰7</em></strong></span> <span class='ocrx_word' id='word_1_70' title='bbox 307 1284 485 1359; x_wconf 67' lang='grc' dir='ltr'><em>ΞΕΡΞΗΣ</em></span> <span class='ocrx_word' id='word_1_71' title='bbox 504 1282 541 1351; x_wconf 84' lang='grc' dir='ltr'><strong><em>δέ</em></strong></span> <span class='ocrx_word' id='word_1_72' title='bbox 564 1280 608 1362; x_wconf 80' lang='grc' dir='ltr'><strong><em>ἀς</em></strong></span> <span class='ocrx_word' id='word_1_73' title='bbox 624 1280 704 1362; x_wconf 83' lang='grc' dir='ltr'><strong><em>τούς</em></strong></span> <span class='ocrx_word' id='word_1_74' title='bbox 727 1288 846 1362; x_wconf 75' lang='grc' dir='ltr'><strong><em>παῖδας</em></strong></span> <span class='ocrx_word' id='word_1_75' title='bbox 868 1280 1061 1373; x_wconf 77' lang='grc' dir='ltr'><strong><em>Ἀρτεμισίῃ</em></strong></span> <span class='ocrx_word' id='word_1_76' title='bbox 1083 1284 1205 1367; x_wconf 77' lang='grc' dir='ltr'><strong><em>ἐπέτροη</em></strong></span> 
     </span>
     <span class='ocr_line' id='line_1_12' title="bbox 222 1376 1205 1470; baseline -0.004 -23"><span class='ocrx_word' id='word_1_77' title='bbox 222 1376 367 1466; x_wconf 87' lang='grc' dir='ltr'><strong><em>ἀπάγειν</em></strong></span> <span class='ocrx_word' id='word_1_78' title='bbox 387 1384 421 1459; x_wconf 88' lang='grc' dir='ltr'><strong><em>ἐς</em></strong></span> <span class='ocrx_word' id='word_1_79' title='bbox 433 1378 595 1469; x_wconf 83' lang='grc' dir='ltr'><strong><em>Ἐφεσον,</em></strong></span> <span class='ocrx_word' id='word_1_80' title='bbox 618 1384 759 1461; x_wconf 78' lang='grc' dir='ltr'><strong><em>καλέσας</em></strong></span> <span class='ocrx_word' id='word_1_81' title='bbox 774 1383 976 1470; x_wconf 88' lang='grc' dir='ltr'><strong><em>Μαρδόνιον</em></strong></span> <span class='ocrx_word' id='word_1_82' title='bbox 998 1382 1162 1451; x_wconf 82' lang='grc' dir='ltr'><strong><em>ἐκέλευσέ</em></strong></span> <span class='ocrx_word' id='word_1_83' title='bbox 1175 1402 1205 1463; x_wconf 85' lang='grc' dir='ltr'><strong><em>μιν</em></strong></span> 
     </span>
     <span class='ocr_line' id='line_1_13' title="bbox 221 1478 1205 1568; baseline -0.006 -21"><span class='ocrx_word' id='word_1_84' title='bbox 221 1486 280 1567; x_wconf 83' lang='grc' dir='ltr'><strong><em>τῆς</em></strong></span> <span class='ocrx_word' id='word_1_85' title='bbox 294 1487 449 1568; x_wconf 77' lang='grc' dir='ltr'><strong><em>στρατιῆς</em></strong></span> <span class='ocrx_word' id='word_1_86' title='bbox 464 1483 632 1568; x_wconf 79' lang='grc' dir='ltr'><strong><em>διαλέγειν</em></strong></span> <span class='ocrx_word' id='word_1_87' title='bbox 644 1478 724 1560; x_wconf 80' lang='grc' dir='ltr'><strong><em>τούς</em></strong></span> <span class='ocrx_word' id='word_1_88' title='bbox 738 1480 913 1568; x_wconf 77' lang='grc' dir='ltr'><strong><em>βούλεται,</em></strong></span> <span class='ocrx_word' id='word_1_89' title='bbox 935 1481 991 1547; x_wconf 81' lang='grc' dir='ltr'><strong><em>οιαὶ</em></strong></span> <span class='ocrx_word' id='word_1_90' title='bbox 1006 1482 1143 1549; x_wconf 78' lang='grc' dir='ltr'><strong><em>ποιέειν</em></strong></span> <span class='ocrx_word' id='word_1_91' title='bbox 1155 1489 1205 1544; x_wconf 79' lang='grc' dir='ltr'><strong><em>τοῖο</em></strong></span> 
     </span>
     <span class='ocr_line' id='line_1_14' title="bbox 222 1571 1205 1668; baseline -0.007 -21"><span class='ocrx_word' id='word_1_92' title='bbox 222 1578 352 1666; x_wconf 89' lang='grc' dir='ltr'><strong><em>λόγοισι</em></strong></span> <span class='ocrx_word' id='word_1_93' title='bbox 366 1578 407 1649; x_wconf 85' lang='grc' dir='ltr'><strong><em>τά</em></strong></span> <span class='ocrx_word' id='word_1_94' title='bbox 418 1577 842 1668; x_wconf 78' lang='grc' dir='ltr'><strong><em>έργαπειρεόμενονὸμοῖα.</em></strong></span> <span class='ocrx_word' id='word_1_95' title='bbox 862 1576 988 1665; x_wconf 78' lang='grc' dir='ltr'><strong><em>ταύτην</em></strong></span> <span class='ocrx_word' id='word_1_96' title='bbox 998 1577 1069 1665; x_wconf 65' lang='grc' dir='ltr'><strong><em>μέν</em></strong></span> <span class='ocrx_word' id='word_1_97' title='bbox 1080 1574 1145 1665; x_wconf 76' lang='grc' dir='ltr'><strong><em>τήν</em></strong></span> <span class='ocrx_word' id='word_1_98' title='bbox 1155 1571 1205 1661; x_wconf 74' lang='grc' dir='ltr'><strong><em>ημέ</em></strong></span> 
     </span>
     <span class='ocr_line' id='line_1_15' title="bbox 223 1674 1205 1767; baseline -0.006 -20"><span class='ocrx_word' id='word_1_99' title='bbox 223 1704 289 1767; x_wconf 89' lang='grc' dir='ltr'><strong><em>ρην</em></strong></span> <span class='ocrx_word' id='word_1_100' title='bbox 303 1682 337 1759; x_wconf 88' lang='grc' dir='ltr'><strong><em>ἐς</em></strong></span> <span class='ocrx_word' id='word_1_101' title='bbox 353 1686 495 1747; x_wconf 87' lang='grc' dir='ltr'><strong><em>τοσοῦτο</em></strong></span> <span class='ocrx_word' id='word_1_102' title='bbox 512 1682 657 1765; x_wconf 87' lang='grc' dir='ltr'><strong><em>ἐγίνετο,</em></strong></span> <span class='ocrx_word' id='word_1_103' title='bbox 672 1686 730 1766; x_wconf 83' lang='grc' dir='ltr'><strong><em>τῆς</em></strong></span> <span class='ocrx_word' id='word_1_104' title='bbox 745 1679 782 1749; x_wconf 79' lang='grc' dir='ltr'><strong><em>δὲ</em></strong></span> <span class='ocrx_word' id='word_1_105' title='bbox 795 1674 919 1757; x_wconf 82' lang='grc' dir='ltr'><strong><em>νυκτός</em></strong></span> <span class='ocrx_word' id='word_1_106' title='bbox 932 1677 1160 1752; x_wconf 77' lang='grc' dir='ltr'><strong><em>κελεύσαντος</em></strong></span> <span class='ocrx_word' id='word_1_107' title='bbox 1172 1680 1205 1758; x_wconf 80' lang='grc' dir='ltr'><strong><em>βο·</em></strong></span> 
     </span>
     <span class='ocr_line' id='line_1_16' title="bbox 223 1772 1204 1867; baseline -0.006 -19"><span class='ocrx_word' id='word_1_108' title='bbox 223 1778 333 1859; x_wconf 87' lang='grc' dir='ltr'><strong><em>σιλέος</em></strong></span> <span class='ocrx_word' id='word_1_109' title='bbox 350 1776 411 1859; x_wconf 86' lang='grc' dir='ltr'><strong><em>τάς</em></strong></span> <span class='ocrx_word' id='word_1_110' title='bbox 430 1780 510 1859; x_wconf 84' lang='grc' dir='ltr'><strong><em>νέας</em></strong></span> <span class='ocrx_word' id='word_1_111' title='bbox 530 1784 566 1848; x_wconf 73' lang='lat' dir='ltr'><strong><em>oc</em></strong></span> <span class='ocrx_word' id='word_1_112' title='bbox 583 1782 799 1867; x_wconf 82' lang='grc' dir='ltr'><strong><em>στρατηγολ’</em></strong></span> <span class='ocrx_word' id='word_1_113' title='bbox 782 1806 818 1848; x_wconf 87' lang='grc' dir='ltr'><strong><em>ειι</em></strong></span> <span class='ocrx_word' id='word_1_114' title='bbox 838 1784 900 1847; x_wconf 88' lang='grc' dir='ltr'><strong><em>τοῦ</em></strong></span> <span class='ocrx_word' id='word_1_115' title='bbox 921 1776 1090 1865; x_wconf 84' lang='grc' dir='ltr'><strong><em>Φαλήρου</em></strong></span> <span class='ocrx_word' id='word_1_116' title='bbox 1109 1772 1184 1858; x_wconf 77' lang='grc' dir='ltr'><strong><em>ἀπῆν</em></strong></span> <span class='ocrx_word' id='word_1_117' title='bbox 1171 1794 1204 1857; x_wconf 68' lang='grc' dir='ltr'><strong><em>μοι</em></strong></span> 
     </span>
     <span class='ocr_line' id='line_1_17' title="bbox 223 1874 1205 2000; baseline -0.004 -53"><span class='ocrx_word' id='word_1_118' title='bbox 223 1876 329 1948; x_wconf 85' lang='grc' dir='ltr'><strong><em>ὀπίσω</em></strong></span> <span class='ocrx_word' id='word_1_119' title='bbox 344 1875 426 1958; x_wconf 82' lang='grc' dir='ltr'><strong><em>ἐς</em></strong></span> <span class='ocrx_word' id='word_1_120' title='bbox 391 1904 452 1947; x_wconf 90' lang='grc' dir='ltr'><strong><em>τον</em></strong></span> <span class='ocrx_word' id='word_1_121' title='bbox 461 1875 758 2000; x_wconf 68' lang='grc' dir='ltr'><strong><em>Ελλήσπουτον,’</em></strong></span> <span class='ocrx_word' id='word_1_122' title='bbox 735 1904 780 1957; x_wconf 90' lang='grc' dir='ltr'><strong><em>ως</em></strong></span> <span class='ocrx_word' id='word_1_123' title='bbox 790 1878 905 1965; x_wconf 80' lang='grc' dir='ltr'><strong><em>τάχεος</em></strong></span> <span class='ocrx_word' id='word_1_124' title='bbox 917 1874 980 1964; x_wconf 79' lang='grc' dir='ltr'><strong><em>εἶχε</em></strong></span> <span class='ocrx_word' id='word_1_125' title='bbox 993 1877 1147 1958; x_wconf 81' lang='grc' dir='ltr'><strong><em>ἕκαστος,</em></strong></span> <span class='ocrx_word' id='word_1_126' title='bbox 1162 1876 1205 1936; x_wconf 72' lang='grc' dir='ltr'><strong><em>δελ</em></strong></span> 
     </span>
     <span class='ocr_line' id='line_1_18' title="bbox 223 1966 1203 2067; baseline -0.012 -19"><span class='ocrx_word' id='word_1_127' title='bbox 223 1976 486 2066; x_wconf 81' lang='grc' dir='ltr'><strong><em>φυλαξοόσας</em></strong></span> <span class='ocrx_word' id='word_1_128' title='bbox 449 2006 508 2058; x_wconf 86' lang='grc' dir='ltr'><strong><em>τας</em></strong></span> <span class='ocrx_word' id='word_1_129' title='bbox 519 1982 649 2066; x_wconf 77' lang='grc' dir='ltr'><strong><em>σχεδίας</em></strong></span> <span class='ocrx_word' id='word_1_130' title='bbox 660 1987 872 2067; x_wconf 79' lang='grc' dir='ltr'><strong><em>πορευθῆναι</em></strong></span> <span class='ocrx_word' id='word_1_131' title='bbox 884 1975 1022 2066; x_wconf 77' lang='grc' dir='ltr'><strong><em>βασιλέι.</em></strong></span> <span class='ocrx_word' id='word_1_132' title='bbox 1042 1977 1118 2044; x_wconf 76' lang='grc' dir='ltr'><strong><em>ἐπεὶ</em></strong></span> <span class='ocrx_word' id='word_1_133' title='bbox 1129 1966 1184 2040; x_wconf 81' lang='grc' dir='ltr'><strong><em>δὲ’</em></strong></span> <span class='ocrx_word' id='word_1_134' title='bbox 1169 1995 1203 2052; x_wconf 85' lang='grc' dir='ltr'><strong><em>ογ</em></strong></span> 
     </span>
     <span class='ocr_line' id='line_1_19' title="bbox 222 2069 1204 2165; baseline -0.014 -20"><span class='ocrx_word' id='word_1_135' title='bbox 222 2084 284 2164; x_wconf 85' lang='grc' dir='ltr'><strong><em>χοῦ</em></strong></span> <span class='ocrx_word' id='word_1_136' title='bbox 297 2069 386 2164; x_wconf 80' lang='grc' dir='ltr'><strong><em>ἦσαν</em></strong></span> <span class='ocrx_word' id='word_1_137' title='bbox 402 2085 579 2164; x_wconf 83' lang='grc' dir='ltr'><strong><em>Ζωστῆρος</em></strong></span> <span class='ocrx_word' id='word_1_138' title='bbox 593 2078 763 2157; x_wconf 80' lang='grc' dir='ltr'><strong><em>πλοόοντες</em></strong></span> <span class='ocrx_word' id='word_1_139' title='bbox 778 2103 810 2146; x_wconf 96' lang='grc' dir='ltr'><strong><em>οι</em></strong></span> <span class='ocrx_word' id='word_1_140' title='bbox 802 2077 1002 2165; x_wconf 77' lang='grc' dir='ltr'><strong><em>βάρβαροι,</em></strong></span> <span class='ocrx_word' id='word_1_141' title='bbox 1016 2071 1204 2142; x_wconf 75' lang='grc' dir='ltr'><strong><em>ἀνατείνοντι</em></strong></span> 
     </span>
     <span class='ocr_line' id='line_1_20' title="bbox 220 2173 1203 2265; baseline -0.006 -22"><span class='ocrx_word' id='word_1_142' title='bbox 220 2174 286 2262; x_wconf 90' lang='grc' dir='ltr'><strong><em>γάρ</em></strong></span> <span class='ocrx_word' id='word_1_143' title='bbox 301 2175 401 2265; x_wconf 83' lang='grc' dir='ltr'><strong><em>ἀαραι</em></strong></span> <span class='ocrx_word' id='word_1_144' title='bbox 417 2178 584 2246; x_wconf 79' lang='grc' dir='ltr'><strong><em>λεπταὶ</em></strong></span> <span class='ocrx_word' id='word_1_145' title='bbox 544 2203 602 2264; x_wconf 86' lang='grc' dir='ltr'><strong><em>της</em></strong></span> <span class='ocrx_word' id='word_1_146' title='bbox 613 2174 767 2265; x_wconf 80' lang='grc' dir='ltr'><strong><em>ἠπείρου,</em></strong></span> <span class='ocrx_word' id='word_1_147' title='bbox 782 2175 904 2254; x_wconf 87' lang='grc' dir='ltr'><strong><em>ταότας</em></strong></span> <span class='ocrx_word' id='word_1_148' title='bbox 916 2173 1037 2254; x_wconf 81' lang='grc' dir='ltr'><strong><em>έδοξάν</em></strong></span> <span class='ocrx_word' id='word_1_149' title='bbox 1049 2198 1088 2240; x_wconf 90' lang='grc' dir='ltr'><strong><em>τε</em></strong></span> <span class='ocrx_word' id='word_1_150' title='bbox 1102 2159 1203 2245; x_wconf 63' lang='lat' dir='ltr'><strong><em>vince?</em></strong></span> 
     </span>
     <span class='ocr_line' id='line_1_21' title="bbox 223 2257 1203 2367; baseline -0.006 -24"><span class='ocrx_word' id='word_1_151' title='bbox 223 2303 281 2343; x_wconf 91' lang='grc' dir='ltr'><strong><em>ναι</em></strong></span> <span class='ocrx_word' id='word_1_152' title='bbox 294 2279 350 2344; x_wconf 79' lang='grc' dir='ltr'><strong><em>καὶ</em></strong></span> <span class='ocrx_word' id='word_1_153' title='bbox 365 2282 515 2363; x_wconf 79' lang='grc' dir='ltr'><strong><em>ἔφευγον</em></strong></span> <span class='ocrx_word' id='word_1_154' title='bbox 528 2278 582 2344; x_wconf 74' lang='grc' dir='ltr'><strong><em>ἐπὶ</em></strong></span> <span class='ocrx_word' id='word_1_155' title='bbox 600 2275 738 2346; x_wconf 90' lang='grc' dir='ltr'><strong><em>πολλόν.</em></strong></span> <span class='ocrx_word' id='word_1_156' title='bbox 760 2301 871 2367; x_wconf 90' lang='grc' dir='ltr'><strong><em>χρουω</em></strong></span> <span class='ocrx_word' id='word_1_157' title='bbox 886 2275 921 2342; x_wconf 92' lang='grc' dir='ltr'><strong><em>δ</em></strong></span> <span class='ocrx_word' id='word_1_158' title='bbox 937 2273 1112 2360; x_wconf 76' lang='grc' dir='ltr'><strong><em>μαθόντες</em></strong></span> <span class='ocrx_word' id='word_1_159' title='bbox 1128 2267 1172 2337; x_wconf 87' lang='grc' dir='ltr'><strong><em>ότι</em></strong></span> <span class='ocrx_word' id='word_1_160' title='bbox 1182 2257 1203 2327; x_wconf 72' lang='lat'><strong><em>⁰¹⁷</em></strong></span> 
     </span>
     <span class='ocr_line' id='line_1_22' title="bbox 158 2364 1202 2500; baseline 0 -58"><span class='ocrx_word' id='word_1_161' title='bbox 158 2389 208 2444; x_wconf 76' lang='lat'><strong><em>108</em></strong></span> <span class='ocrx_word' id='word_1_162' title='bbox 223 2373 298 2453; x_wconf 87' lang='grc' dir='ltr'><strong><em>νέες</em></strong></span> <span class='ocrx_word' id='word_1_163' title='bbox 312 2373 395 2461; x_wconf 84' lang='grc' dir='ltr'><strong><em>είεν,</em></strong></span> <span class='ocrx_word' id='word_1_164' title='bbox 411 2371 525 2445; x_wconf 66' lang='grc' dir='ltr'><strong><em>ἀλλ”</em></strong></span> <span class='ocrx_word' id='word_1_165' title='bbox 502 2400 619 2500; x_wconf 82' lang='grc' dir='ltr'><strong><em>ααραι,</em></strong></span> <span class='ocrx_word' id='word_1_166' title='bbox 636 2375 877 2462; x_wconf 75' lang='grc' dir='ltr'><strong><em>συλλεχθέντες</em></strong></span> <span class='ocrx_word' id='word_1_167' title='bbox 892 2375 1096 2461; x_wconf 74' lang='grc' dir='ltr'><strong><em>ἐκομίζοντο.</em></strong></span> <span class='ocrx_word' id='word_1_168' title='bbox 1128 2364 1196 2442; x_wconf 65' lang='grc' dir='ltr'><strong><em>Ὡςλ</em></strong></span> <span class='ocrx_word' id='word_1_169' title='bbox 1196 2383 1202 2423; x_wconf 73' lang='lat'>⁵</span> 
     </span>
     <span class='ocr_line' id='line_1_23' title="bbox 221 2427 1201 2600; baseline -0.015 -54.649"><span class='ocrx_word' id='word_1_170' title='bbox 221 2473 330 2564; x_wconf 79' lang='grc' dir='ltr'><strong><em>ἡμέρη</em></strong></span> <span class='ocrx_word' id='word_1_171' title='bbox 344 2427 520 2565; x_wconf 79' lang='grc' dir='ltr'><strong><em>ἐγένετο,</em></strong></span> <span class='ocrx_word' id='word_1_172' title='bbox 505 2476 660 2600; x_wconf 83' lang='grc' dir='ltr'><strong><em>ορέοντες</em></strong></span> <span class='ocrx_word' id='word_1_173' title='bbox 671 2481 705 2545; x_wconf 85' lang='grc' dir='ltr'><strong><em>ολ</em></strong></span> <span class='ocrx_word' id='word_1_174' title='bbox 715 2475 873 2563; x_wconf 81' lang='grc' dir='ltr'><strong><em>Ἕλληνες</em></strong></span> <span class='ocrx_word' id='word_1_175' title='bbox 887 2470 971 2542; x_wconf 86' lang='grc' dir='ltr'><strong><em>αατά</em></strong></span> <span class='ocrx_word' id='word_1_176' title='bbox 985 2473 1104 2560; x_wconf 83' lang='grc' dir='ltr'><strong><em>χόρην</em></strong></span> <span class='ocrx_word' id='word_1_177' title='bbox 1113 2468 1201 2556; x_wconf 87' lang='grc' dir='ltr'><strong><em>μένον</em></strong></span> 
     </span>
     <span class='ocr_line' id='line_1_24' title="bbox 222 2557 1201 2672; baseline -0.007 -27"><span class='ocrx_word' id='word_1_178' title='bbox 222 2605 264 2645; x_wconf 91' lang='grc' dir='ltr'><strong><em>τα</em></strong></span> <span class='ocrx_word' id='word_1_179' title='bbox 275 2574 337 2645; x_wconf 88' lang='grc' dir='ltr'><strong><em>τόν</em></strong></span> <span class='ocrx_word' id='word_1_180' title='bbox 348 2575 492 2668; x_wconf 87' lang='grc' dir='ltr'><strong><em>στρατόν</em></strong></span> <span class='ocrx_word' id='word_1_181' title='bbox 502 2574 565 2648; x_wconf 87' lang='grc' dir='ltr'><strong><em>τόν</em></strong></span> <span class='ocrx_word' id='word_1_182' title='bbox 575 2575 676 2658; x_wconf 79' lang='grc' dir='ltr'><strong><em>πεζόν</em></strong></span> <span class='ocrx_word' id='word_1_183' title='bbox 686 2574 824 2664; x_wconf 78' lang='grc' dir='ltr'><strong><em>ἤλπιζον</em></strong></span> <span class='ocrx_word' id='word_1_184' title='bbox 835 2570 938 2643; x_wconf 83' lang='grc' dir='ltr'><strong><em>καὶ</em></strong></span> <span class='ocrx_word' id='word_1_185' title='bbox 902 2601 961 2652; x_wconf 89' lang='grc' dir='ltr'><strong><em>τας</em></strong></span> <span class='ocrx_word' id='word_1_186' title='bbox 971 2572 1051 2650; x_wconf 89' lang='grc' dir='ltr'><strong><em>νέας</em></strong></span> <span class='ocrx_word' id='word_1_187' title='bbox 1064 2569 1147 2638; x_wconf 81' lang='grc' dir='ltr'><strong><em>εἶναι</em></strong></span> <span class='ocrx_word' id='word_1_188' title='bbox 1155 2557 1201 2672; x_wconf 51' lang='grc' dir='ltr'><strong><em>τελλ</em></strong></span> 
     </span>
     <span class='ocr_line' id='line_1_25' title="bbox 225 2655 1200 2763; baseline -0.007 -21"><span class='ocrx_word' id='word_1_189' title='bbox 225 2676 401 2762; x_wconf 83' lang='grc' dir='ltr'><strong><em>Φάληρον,</em></strong></span> <span class='ocrx_word' id='word_1_190' title='bbox 418 2676 557 2746; x_wconf 82' lang='grc' dir='ltr'><strong><em>ἐδόκεόν</em></strong></span> <span class='ocrx_word' id='word_1_191' title='bbox 569 2703 605 2745; x_wconf 86' lang='grc' dir='ltr'><strong><em>τε</em></strong></span> <span class='ocrx_word' id='word_1_192' title='bbox 619 2677 848 2763; x_wconf 85' lang='grc' dir='ltr'><strong><em>ναυμαχήσειν</em></strong></span> <span class='ocrx_word' id='word_1_193' title='bbox 864 2672 986 2760; x_wconf 87' lang='grc' dir='ltr'><strong><em>σφέας,</em></strong></span> <span class='ocrx_word' id='word_1_194' title='bbox 1002 2655 1200 2758; x_wconf 73' lang='grc' dir='ltr'><strong><em>παραρτέοισῦ</em></strong></span> 
     </span>
     <span class='ocr_line' id='line_1_26' title="bbox 223 2769 1198 2863; baseline -0.005 -24"><span class='ocrx_word' id='word_1_195' title='bbox 223 2799 259 2840; x_wconf 93' lang='grc' dir='ltr'><strong><em>τε</em></strong></span> <span class='ocrx_word' id='word_1_196' title='bbox 280 2769 324 2850; x_wconf 80' lang='grc' dir='ltr'><strong><em>ἀς</em></strong></span> <span class='ocrx_word' id='word_1_197' title='bbox 340 2771 590 2863; x_wconf 81' lang='grc' dir='ltr'><strong><em>ἀλεξησόμενοι.</em></strong></span> <span class='ocrx_word' id='word_1_198' title='bbox 620 2780 691 2847; x_wconf 79' lang='grc' dir='ltr'><strong><em>ἐπεὶ</em></strong></span> <span class='ocrx_word' id='word_1_199' title='bbox 712 2779 748 2846; x_wconf 80' lang='grc' dir='ltr'><strong><em>δὲ</em></strong></span> <span class='ocrx_word' id='word_1_200' title='bbox 769 2779 941 2847; x_wconf 81' lang='grc' dir='ltr'><strong><em>ἐπύθοντο</em></strong></span> <span class='ocrx_word' id='word_1_201' title='bbox 959 2772 1018 2853; x_wconf 87' lang='grc' dir='ltr'><strong><em>τάς</em></strong></span> <span class='ocrx_word' id='word_1_202' title='bbox 1038 2771 1119 2849; x_wconf 86' lang='grc' dir='ltr'><strong><em>νέας</em></strong></span> <span class='ocrx_word' id='word_1_203' title='bbox 1134 2773 1198 2850; x_wconf 74' lang='grc' dir='ltr'><strong><em>ον’χν</em></strong></span> 
     </span>
     <span class='ocr_line' id='line_1_27' title="bbox 223 2865 1199 2959; baseline -0.02 -8"><span class='ocrx_word' id='word_1_204' title='bbox 223 2878 330 2957; x_wconf 59' lang='lat' dir='ltr'><strong><em>We,</em></strong></span> <span class='ocrx_word' id='word_1_205' title='bbox 341 2868 460 2940; x_wconf 79' lang='grc' dir='ltr'><strong><em>αὐτίκα</em></strong></span> <span class='ocrx_word' id='word_1_206' title='bbox 470 2871 553 2959; x_wconf 87' lang='grc' dir='ltr'><strong><em>μετά</em></strong></span> <span class='ocrx_word' id='word_1_207' title='bbox 564 2901 669 2944; x_wconf 88' lang='grc' dir='ltr'><strong><em>ταυτα</em></strong></span> <span class='ocrx_word' id='word_1_208' title='bbox 681 2875 794 2944; x_wconf 83' lang='grc' dir='ltr'><strong><em>ἐδόκεε</em></strong></span> <span class='ocrx_word' id='word_1_209' title='bbox 806 2873 1006 2944; x_wconf 72' lang='grc' dir='ltr'><strong><em>ἐπιδιώκειν</em></strong></span> <span class='ocrx_word' id='word_1_210' title='bbox 1022 2865 1085 2938; x_wconf 86' lang='grc' dir='ltr'><strong><em>τόν</em></strong></span> <span class='ocrx_word' id='word_1_211' title='bbox 1094 2867 1153 2954; x_wconf 85' lang='grc' dir='ltr'><strong><em>μέν</em></strong></span> <span class='ocrx_word' id='word_1_212' title='bbox 1161 2881 1199 2928; x_wconf 67' lang='grc' dir='ltr'><strong><em>νιν</em></strong></span> 
     </span>
     <span class='ocr_line' id='line_1_28' title="bbox 223 2965 1196 3065; baseline -0.004 -28"><span class='ocrx_word' id='word_1_213' title='bbox 223 2965 387 3037; x_wconf 83' lang='grc' dir='ltr'><strong><em>ναυτικόν</em></strong></span> <span class='ocrx_word' id='word_1_214' title='bbox 406 2966 467 3038; x_wconf 88' lang='grc' dir='ltr'><strong><em>τόν</em></strong></span> <span class='ocrx_word' id='word_1_215' title='bbox 486 2972 616 3063; x_wconf 68' lang='grc' dir='ltr'><strong><em>Ξέρξεω</em></strong></span> <span class='ocrx_word' id='word_1_216' title='bbox 645 2973 788 3065; x_wconf 83' lang='grc' dir='ltr'><strong><em>στρατόν</em></strong></span> <span class='ocrx_word' id='word_1_217' title='bbox 809 2971 873 3041; x_wconf 81' lang='grc' dir='ltr'><strong><em>οὐκ</em></strong></span> <span class='ocrx_word' id='word_1_218' title='bbox 894 2974 1027 3041; x_wconf 78' lang='grc' dir='ltr'><strong><em>ἐπεῖδον</em></strong></span> <span class='ocrx_word' id='word_1_219' title='bbox 1056 2967 1196 3046; x_wconf 68' lang='grc' dir='ltr'><strong><em>διοέξαντθ</em></strong></span> 
     </span>
     <span class='ocr_line' id='line_1_29' title="bbox 220 3061 1197 3182; baseline -0.001 -48"><span class='ocrx_word' id='word_1_220' title='bbox 220 3068 317 3157; x_wconf 85' lang='grc' dir='ltr'><strong><em>μέχρι</em></strong></span> <span class='ocrx_word' id='word_1_221' title='bbox 325 3065 482 3158; x_wconf 86' lang='grc' dir='ltr'><strong><em>Ανδρου,</em></strong></span> <span class='ocrx_word' id='word_1_222' title='bbox 499 3075 533 3151; x_wconf 82' lang='grc' dir='ltr'><strong><em>ἐς</em></strong></span> <span class='ocrx_word' id='word_1_223' title='bbox 544 3073 628 3142; x_wconf 77' lang='grc' dir='ltr'><strong><em>δέ</em></strong></span> <span class='ocrx_word' id='word_1_224' title='bbox 590 3103 654 3163; x_wconf 90' lang='grc' dir='ltr'><strong><em>την</em></strong></span> <span class='ocrx_word' id='word_1_225' title='bbox 659 3071 838 3161; x_wconf 78' lang='grc' dir='ltr'><strong><em>’Ἀνδρον’</em></strong></span> <span class='ocrx_word' id='word_1_226' title='bbox 818 3073 1018 3160; x_wconf 85' lang='grc' dir='ltr'><strong><em>απινιόμενοι</em></strong></span> <span class='ocrx_word' id='word_1_227' title='bbox 1029 3061 1197 3182; x_wconf 67' lang='grc' dir='ltr'><strong><em>ἐβουλεόον</em></strong></span> 
     </span>
     <span class='ocr_line' id='line_1_30' title="bbox 220 3153 1194 3261; baseline -0.005 -25"><span class='ocrx_word' id='word_1_228' title='bbox 220 3193 267 3236; x_wconf 92' lang='grc' dir='ltr'><strong><em>το.</em></strong></span> <span class='ocrx_word' id='word_1_229' title='bbox 292 3169 594 3259; x_wconf 83' lang='grc' dir='ltr'><strong><em>Θεμιστοκλέης’</em></strong></span> <span class='ocrx_word' id='word_1_230' title='bbox 551 3200 616 3261; x_wconf 88' lang='grc' dir='ltr'><strong><em>μεν</em></strong></span> <span class='ocrx_word' id='word_1_231' title='bbox 630 3201 696 3243; x_wconf 92' lang='grc' dir='ltr'><strong><em>νυν</em></strong></span> <span class='ocrx_word' id='word_1_232' title='bbox 711 3173 851 3260; x_wconf 75' lang='grc' dir='ltr'><strong><em>γνώμην</em></strong></span> <span class='ocrx_word' id='word_1_233' title='bbox 863 3169 1082 3239; x_wconf 80' lang='grc' dir='ltr'><strong><em>ἀπεδείκνυτο</em></strong></span> <span class='ocrx_word' id='word_1_234' title='bbox 1097 3153 1194 3239; x_wconf 78' lang='grc' dir='ltr'><strong><em>διάνλ·</em></strong></span> 
     </span>
     <span class='ocr_line' id='line_1_31' title="bbox 220 3247 1196 3394; baseline -0.001 -60"><span class='ocrx_word' id='word_1_235' title='bbox 220 3288 290 3335; x_wconf 90' lang='grc' dir='ltr'><strong><em>σων</em></strong></span> <span class='ocrx_word' id='word_1_236' title='bbox 316 3270 550 3394; x_wconf 82' lang='grc' dir='ltr'><strong><em>τραπομένους</em></strong></span> <span class='ocrx_word' id='word_1_237' title='bbox 573 3277 629 3342; x_wconf 84' lang='grc' dir='ltr'><strong><em>καλ</em></strong></span> <span class='ocrx_word' id='word_1_238' title='bbox 655 3273 892 3354; x_wconf 75' lang='grc' dir='ltr'><strong><em>ἐπιδιώξαντας</em></strong></span> <span class='ocrx_word' id='word_1_239' title='bbox 917 3269 977 3350; x_wconf 84' lang='grc' dir='ltr'><strong><em>τάς</em></strong></span> <span class='ocrx_word' id='word_1_240' title='bbox 1003 3269 1082 3348; x_wconf 86' lang='grc' dir='ltr'><strong><em>νέας</em></strong></span> <span class='ocrx_word' id='word_1_241' title='bbox 1106 3247 1196 3334; x_wconf 66' lang='grc' dir='ltr'><strong><em>τιλόεῑν</em></strong></span> 
     </span>
     <span class='ocr_line' id='line_1_32' title="bbox 219 3351 1192 3457; baseline 0.007 -22"><span class='ocrx_word' id='word_1_242' title='bbox 219 3366 322 3446; x_wconf 83' lang='grc' dir='ltr'><strong><em>ἰθέως</em></strong></span> <span class='ocrx_word' id='word_1_243' title='bbox 336 3367 437 3436; x_wconf 84' lang='grc' dir='ltr'><strong><em>ἐπὶ</em></strong></span> <span class='ocrx_word' id='word_1_244' title='bbox 402 3396 463 3438; x_wconf 93' lang='grc' dir='ltr'><strong><em>τον</em></strong></span> <span class='ocrx_word' id='word_1_245' title='bbox 471 3368 722 3457; x_wconf 78' lang='grc' dir='ltr'><strong><em>Ἑλλήσποντον</em></strong></span> <span class='ocrx_word' id='word_1_246' title='bbox 732 3372 898 3448; x_wconf 84' lang='grc' dir='ltr'><strong><em>λύσοντας</em></strong></span> <span class='ocrx_word' id='word_1_247' title='bbox 912 3367 971 3448; x_wconf 89' lang='grc' dir='ltr'><strong><em>τάς</em></strong></span> <span class='ocrx_word' id='word_1_248' title='bbox 983 3368 1135 3456; x_wconf 76' lang='grc' dir='ltr'><strong><em>γεφύρας</em></strong></span> <span class='ocrx_word' id='word_1_249' title='bbox 1147 3351 1192 3426; x_wconf 60' lang='lat'><strong><em>5²3¹</em></strong></span> 
     </span>
     <span class='ocr_line' id='line_1_33' title="bbox 219 3457 1192 3558; baseline 0.001 -25"><span class='ocrx_word' id='word_1_250' title='bbox 219 3465 384 3554; x_wconf 80' lang='grc' dir='ltr'><strong><em>ρυβιάδης</em></strong></span> <span class='ocrx_word' id='word_1_251' title='bbox 394 3465 480 3535; x_wconf 73' lang='grc' dir='ltr'><strong><em>δὲ</em></strong></span> <span class='ocrx_word' id='word_1_252' title='bbox 442 3493 506 3554; x_wconf 90' lang='grc' dir='ltr'><strong><em>την</em></strong></span> <span class='ocrx_word' id='word_1_253' title='bbox 518 3471 676 3556; x_wconf 87' lang='grc' dir='ltr'><strong><em>ἐναντίην</em></strong></span> <span class='ocrx_word' id='word_1_254' title='bbox 688 3470 793 3558; x_wconf 83' lang='grc' dir='ltr'><strong><em>ταότη</em></strong></span> <span class='ocrx_word' id='word_1_255' title='bbox 802 3467 945 3555; x_wconf 84' lang='grc' dir='ltr'><strong><em>γνόμην</em></strong></span> <span class='ocrx_word' id='word_1_256' title='bbox 955 3470 1093 3552; x_wconf 81' lang='grc' dir='ltr'><strong><em>ἐτίθετο,</em></strong></span> <span class='ocrx_word' id='word_1_257' title='bbox 1106 3457 1192 3544; x_wconf 54' lang='grc' dir='ltr'><strong><em>λέγων</em></strong></span> 
     </span>
    </p>
   </div>
   <div class='ocr_carea' id='block_1_5' title="bbox 0 0 1254 3925">
    <p class='ocr_par' dir='ltr' id='par_1_5' title="bbox 0 0 1254 3925">
     <span class='ocr_line' id='line_1_34' title="bbox 0 0 1254 3925; baseline 0 0"><span class='ocrx_word' id='word_1_258' title='bbox 0 0 1254 3925; x_wconf 95' lang='lat' dir='ltr'><strong><em> </em></strong></span> 
     </span>
    </p>
   </div>
  </div>
 </body>
</html>
