2500 3925
339 278 426 337 Lm.
458 281 477 339 1.
514 278 613 338 οΛΡ.
650 285 822 341 llo-11³.
1039 280 1081 349 ολ
1130 304 1136 315 ·

78 449 124 527 ελη
142 406 211 507 τ’ὤν
228 435 376 528 ούρέων,
395 434 461 525 φάς
473 434 657 525 Ἀστυάγεα
671 435 757 507 εἶναι
770 436 832 508 τόν
847 448 950 511 ταῦτα
964 437 1082 513 ἐτιδέ·

79 537 178 623 μενόν
192 564 263 625 μοι,
278 534 385 607 πολλά
401 534 591 625 ἀπειλήσας,
608 540 639 604 εί
650 534 696 625 μή
711 554 798 623 σφεα
813 536 996 627 ποιήσαιμι.
1025 542 1081 610 καί

78 630 135 721 έγύ
154 631 340 724 άναλαβιόν
355 640 494 723 έφερον,
519 635 648 702 δοκέων
669 641 738 703 τῶν
751 633 842 715 τινός
862 637 1018 705 οἰκετέων
1033 636 1080 707 εἶ-

79 759 145 801 ναι·
168 731 211 802 ού
227 730 293 822 γάρ
308 731 353 801 άν
367 758 443 802 κοτε
464 734 634 819 κατέδοξα,
651 737 754 801 ἐνθεν
767 760 806 820 γε
820 726 874 822 ήν.
908 734 1080 825 ἐθάμβεον

77 832 109 899 δέ
123 829 234 919 ὁρέων
248 837 362 924 χρυσῷ
382 857 419 899 τε
439 835 494 900 καί
515 834 625 917 εἵμασι
647 832 915 920 κεκοσμημένον,
937 831 1022 921 πρός
1041 838 1079 905 δέ

74 932 126 998 καὶ
146 927 328 1016 κλαυθμόν
349 934 552 997 κατεστεῶτα
579 927 730 1015 ἐμφανέα
751 931 789 997 έν
805 926 985 1020 Ἁρπάγου.
1023 938 1079 1003 καλ

74 1028 217 1118 πρόκατε
233 1025 273 1116 δή
289 1024 357 1098 κατ’
376 1024 457 1097 ὁδόν
471 1026 692 1113 πυνθάνομαι
706 1023 767 1096 τόν
779 1027 890 1099 πάντα
900 1031 1005 1119 λόγου
1015 1042 1078 1103 δε-

73 1127 254 1215 ράπουτος,
276 1124 313 1206 δς
334 1128 391 1214 ἐμὲ
411 1128 618 1215 προπέμπων
630 1128 692 1207 ἔξω
706 1124 823 1208 πόλιος
839 1132 1016 1220 ἐνεχείρισε
1037 1132 1074 1203 τό

72 1231 213 1315 βρέφος,
242 1222 286 1305 ὡς
311 1222 377 1313 άρα
400 1223 589 1312 Μανδάνης
602 1249 638 1293 τε
653 1233 704 1311 εἴη
718 1237 795 1305 παῖς
808 1232 866 1313 τής
879 1222 1076 1313 Ἀστυάγεος

72 1321 243 1413 θυγατρός
256 1325 311 1392 καὶ
326 1322 517 1411 Καμβύσεω
532 1330 593 1391 τοῦ
608 1321 738 1409 Κύρου,
756 1330 815 1392 καί
826 1351 885 1412 μιν
895 1323 1077 1415 Ἀστυάγης

71 1424 256 1493 ἐντέλλεται
270 1417 480 1490 άποκτεῐναι·
503 1428 568 1489 νῦν
584 1446 620 1490 τε
636 1418 695 1489 όδε
706 1423 783 1490 ἐστί.
819 1422 907 1510 ’Ἅμα
924 1426 960 1494 δέ
974 1432 1077 1495 ταῦτα
1096 1444 1145 1500 112

70 1530 161 1610 ἔλεγε
183 1518 200 1589 ὁ
220 1518 384 1609 βουκόλος
405 1522 460 1588 καί
481 1519 671 1601 ἐκκαλύψας
687 1515 894 1589 ἀπεδείκνυε.
926 1518 949 1610 ή
972 1522 1009 1591 δέ
1033 1519 1077 1602 ὡς

71 1620 133 1691 εἶδε
148 1618 187 1689 τό
206 1624 343 1688 παιδίον
360 1620 445 1707 μέγα
459 1645 494 1687 τε
511 1622 566 1687 καλ
581 1615 707 1696 εύειδές
722 1615 791 1705 ἐδν,
812 1618 1007 1706 δακρύσασα
1021 1623 1077 1690 καὶ

70 1720 239 1809 λαβομένη
264 1724 334 1787 ταῖν
357 1717 535 1806 γουνάτων
560 1723 622 1785 τοῦ
645 1712 768 1800 ἀνδρὸς
787 1716 912 1805 ἐχρήιζε
932 1721 1076 1807 μηδεμιῇ

70 1822 165 1910 τέχνη
183 1822 339 1889 ἐκθεῖναί
350 1846 419 1907 μιν.
452 1816 471 1887 δ
495 1820 532 1887 δέ
555 1814 618 1885 ούκ
643 1821 708 1905 ἔφη
730 1810 800 1894 οἷός
814 1816 852 1884 τέ
861 1814 954 1884 εἶναι
968 1812 1077 1893 άλλως

70 1916 152 1989 αὐτὰ
168 1918 314 1987 ποιέειν·
336 1917 564 2005 ἐπιφοιτήσειν
579 1912 644 2006 γὰρ
662 1913 893 1997 κατασκόπους
908 1913 1076 2000 έξἎρπά-

71 2043 131 2104 γου
146 2017 396 2104 ἐποψομένους,
413 2011 620 2083 ἀπολέεσθαί
634 2039 669 2082 τε
684 2014 842 2099 κάκιστα,
863 2008 908 2101 ἢν
928 2013 974 2104 μή
988 2032 1076 2101 σφεα

70 2115 201 2205 ποιήσῃ.
250 2111 345 2195 ὡςδὲ
362 2112 424 2183 οὐκ
440 2119 555 2182 ἐπειθε
572 2113 639 2202 ύρα
653 2110 714 2180 τόν
730 2111 848 2201 ἄνδρα,
865 2116 1005 2204 δεύτερα
1019 2116 1076 2182 λε’·

71 2212 153 2304 γειή
176 2211 266 2302 γυνή
287 2212 382 2283 τάδε·
408 2211 495 2281 Ἐπεὶ
515 2219 634 2281 τοίνυν
655 2209 698 2280 ού
718 2212 868 2301 δύναμαί
884 2235 922 2283 σε
941 2221 1077 2284 πείθειν

70 2311 111 2401 μή
130 2314 295 2401 διαθεῖναι,
312 2311 354 2382 σύ
373 2315 409 2382 δὲ
428 2303 491 2380 όδε
506 2318 665 2408 ποίησον,
682 2317 712 2381 εί
728 2309 767 2400 δή
784 2313 876 2382 πᾶσά
890 2340 929 2401 γε
944 2311 1075 2400 άνάγκη

69 2412 223 2500 ὀφθῆναι
238 2415 447 2499 ἐκκείμενον·
469 2411 585 2479 τέτοκα
601 2408 666 2499 γάρ
677 2412 732 2479 καὶ
743 2408 820 2499 έγοδ,
837 2413 954 2481 τέτοκα
969 2412 1006 2480 δδ
1019 2435 1076 2478 τε·

70 2511 188 2591 θνεός·
211 2518 309 2579 τοῦτο
326 2511 388 2598 μὲν
405 2513 520 2599 φέρων
537 2510 676 2596 πρόθες,
697 2505 758 2576 τόν
767 2507 805 2576 δέ
813 2505 1077 2594 τήςἈστυάγεος

70 2607 241 2698 θυγατρός
255 2613 357 2678 παῖδα
369 2607 413 2690 ὡς
428 2612 460 2690 ἐξ
471 2607 584 2696 ἡμέων
599 2606 698 2676 ἐόντα
709 2611 900 2697 τρέφωμεν·
917 2611 972 2678 καί
986 2607 1075 2676 οὕτω

71 2706 146 2775 οὔτε
163 2703 206 2774 σύ
224 2703 367 2776 ἁλώσεαι
383 2706 528 2776 άδικέων
544 2705 622 2786 τούς
638 2705 810 2793 δεσπότας,
827 2705 904 2776 οὔτε
918 2703 999 2797 ἡμῖν
1014 2734 1075 2775 κα-

71 2813 135 2886 κῶς
149 2807 401 2894 βεβουλευμένα
416 2813 516 2876 ἐσται.
550 2804 570 2874 ό
592 2831 629 2875 τε
648 2802 713 2894 γάρ
734 2803 881 2885 τεθνεός
902 2813 1076 2893 βασιληίης

71 2912 176 2998 ταφῆς
191 2903 331 2992 κυρήσει
355 2909 409 2974 καὶ
431 2903 449 2973 ὁ
474 2901 618 2994 περιεδυ
640 2902 702 2974 οὐκ
724 2901 857 2974 άπολέει
878 2904 940 2993 τήν
955 2905 1074 2994 ψυχήν.

73 3002 186 3088 Κάρτα
201 3027 236 3068 τε
254 3005 344 3083 ἔδοξε
359 3009 405 3095 τῷ
415 3004 569 3095 βουκόλῳ
581 2999 666 3092 πρὸς
679 3000 719 3071 τά
731 3002 899 3091 παρεόντα
915 2997 955 3074 εύ
965 3007 1077 3091 λέγειν
1092 3022 1143 3078 11³

71 3097 89 3187 ἡ
104 3096 204 3187 γυνή,
221 3103 276 3169 καὶ
291 3097 411 3170 αὐτίκα
428 3103 535 3170 ἐποίεε
551 3108 670 3170 ταύτας
698 3098 758 3169 τδν
772 3103 834 3188 μὲν
849 3107 949 3192 ἔφερε
963 3112 1076 3171 θανα-

71 3199 187 3269 τόσων
202 3203 316 3288 παῖδα,
331 3207 452 3268 τοῦτον
466 3200 529 3287 μὲν
539 3203 721 3289 παραδιδοῖ
731 3208 772 3289 τή
785 3202 914 3268 ἑωυτοῦ
928 3203 1075 3290 γυναικί,

72 3299 130 3368 τόυ
152 3299 188 3368 δὲ
210 3299 339 3367 ἑωυτοῦ
356 3298 453 3367 ἐόντα
467 3295 591 3388 νεκρόν
616 3293 731 3387 λαβὸν
747 3303 849 3385 ἐθηκε
864 3301 897 3379 ἐς
911 3297 947 3368 τὸ
963 3297 1075 3387 άγγος,

73 3401 108 3467 ἐν
128 3405 173 3468 τό
196 3404 295 3488 ἐφερε
315 3395 376 3467 τδν
392 3400 522 3486 ἕτερον·
545 3398 713 3486 κοσμήσας
727 3398 763 3466 δέ
783 3405 829 3488 τῷ
851 3396 963 3491 κόσμφ
978 3399 1077 3465 παντί

76 3505 133 3565 τοῦ
146 3497 262 3588 ἐτέρου
277 3495 407 3586 παιδός,
424 3497 538 3586 φέρον
554 3499 587 3577 ἐς
597 3495 634 3566 τδ
647 3487 851 3585 ἐρημότατον
865 3502 932 3563 τῶν
947 3495 1077 3584 ούρέων
