2500 3925
339 197 422 253 ΗΒ.
456 195 524 255 vul.
561 196 659 253 cAP.
688 204 822 259 θῚ-σλ.
1022 194 1083 261 247

58 363 185 448 λέγων
200 358 294 426 τάδε·
311 353 366 425 Ἐν
379 358 431 424 σοὶ
445 361 510 422 νῦν
522 356 588 423 ἐστὶ
599 361 705 424 σῷσαι
720 356 781 443 τήν
792 355 943 447 Ἑλλάδα,
958 354 1002 447 ήν
1013 361 1085 447 ἐμοὶ
1099 382 1120 423 α

59 467 179 549 πείθῃ
189 461 377 544 ναυμαχίην
388 451 494 523 αὐτοῦ
504 454 617 540 μένων
629 456 814 543 ποιέεσθαι,
826 460 907 543 μηδὲ
920 454 1083 545 πειθέμε-

61 585 128 638 νος
152 556 287 625 τούτων
308 568 393 623 τοῖσι
412 550 538 637 λόγοισι
563 549 743 643 ἀναζεύξῃς
764 551 848 641 πρὸς
868 552 929 624 τάν
945 553 1081 643 Ἰσθμὸν

61 654 131 735 τάς
145 657 234 734 νέας.
264 652 401 731 ἀντίθες
413 647 478 739 γάρ
501 649 659 738 ἑκάτερον
677 648 832 732 ἀκούσας.
860 651 944 739 πρὸς
958 652 1021 741 μέν
1036 660 1081 747 τῷ

57 752 193 842 Ἰσθμῷ
211 749 414 839 συμβάλλων
428 752 465 817 ἐν
479 749 618 835 πελάγεϊ
630 746 892 844 ἀναπεπταμένῳ
907 752 1080 841 ναυμαχή-

26 923 32 928 ,
62 872 158 938 σεις,
189 849 226 920 τὸ
250 848 366 937 ήιαστα
388 845 470 935 ήμίν
490 846 671 935 σύμφορόν
682 850 748 915 ἐστι
761 852 839 928 νέας
850 856 961 936 έχουσι
970 857 1079 938 βαρυ-

64 958 170 1036 τέρας
184 949 240 1016 καὶ
254 943 406 1033 ἀριθμὸν
419 945 617 1028 ἐλάσσονας,
633 951 731 1013 τοῦτο
747 947 784 1015 δὲ
799 944 949 1028 ἀπολέεις
964 956 1079 1017 Σαλα-

63 1045 152 1131 μῑυά
174 1070 211 1112 τε
230 1045 286 1112 καί
301 1046 444 1131 Μέγαρα
461 1043 516 1110 καὶ
532 1051 694 1131 Αίγιναυ,
724 1040 829 1133 ήνπερ
856 1045 912 1113 καὶ
938 1046 978 1115 τά
994 1046 1079 1116 ἀλλα

64 1141 315 1231 εὐτυχήσωμεν.
340 1139 408 1229 ἅμα
428 1140 493 1231 γάρ
509 1149 554 1234 τῷ
569 1151 717 1238 ναυτικῷ
735 1143 848 1215 αὐτῶν
862 1150 975 1230 ἕψεται
989 1144 1075 1218 καὶὸ

63 1239 166 1325 πεζὸς
181 1241 329 1329 στρατός.
353 1245 408 1309 καί
422 1239 512 1309 οὕτω
526 1244 631 1328 σφέας
645 1241 747 1322 αὐτὸς
762 1243 850 1325 ἀέξεις
866 1248 919 1315 ἐπί
933 1243 994 1335 τήν
1008 1254 1078 1315 Πε-

64 1340 300 1427 λοπόννησον,
316 1341 548 1420 κινδυνεύσεις
561 1367 597 1409 τε
610 1340 725 1432 ἁπάσῃ
738 1341 927 1431 τήἘλλάδι.
953 1343 1018 1415 Ἢν
1037 1349 1073 1417 δὲ
1087 1350 1109 1433 β

65 1438 106 1509 τά
126 1437 193 1527 ἐγω
209 1442 295 1527 λέγω
315 1440 472 1529 ποιήσῃς,
494 1440 614 1509 τοσάδε
630 1444 666 1509 ἐν
683 1438 813 1511 αάτοῑσι
826 1442 950 1532 χρηστά
973 1443 1075 1532 εὑρή-

66 1560 154 1618 σεις·
176 1546 292 1625 πρῷτα
307 1538 369 1625 μὲν
380 1540 417 1606 ἐν
432 1546 551 1630 στεινῷ
566 1536 815 1630 συμβάλλοντες
829 1545 928 1628 νηυσὶ
945 1539 1075 1631 ὀλίγῃσι

67 1634 153 1725 πρὸς
164 1639 300 1724 πολλάς,
314 1634 359 1725 ἢν
369 1635 410 1706 τά
421 1636 536 1706 οἰκότα
547 1639 584 1706 ἐκ
594 1643 655 1705 τοῦ
666 1643 815 1726 πολέμου
829 1642 976 1727 ἐκβαίνῃ,
991 1650 1075 1710 πολ-

68 1735 131 1805 λόν
146 1735 372 1826 κρατήσομεν,
390 1778 426 1789 -
449 1735 487 1804 τὰ
505 1734 570 1824 γάρ
584 1740 621 1805 ἐν
641 1744 759 1830 στεινῷ
774 1741 974 1824 ναυμαχέειν
990 1737 1074 1826 πρὸς

70 1837 181 1926 ήμέων
195 1840 279 1924 ἐστὶ,
294 1840 331 1905 ἐν
349 1834 536 1926 εὐρυχωρίῃ
551 1838 587 1905 δέ
601 1833 686 1922 πρὸς
703 1837 858 1922 ἐκείνων,
873 1876 916 1889 —-
931 1830 1025 1916 αὖτις
1037 1838 1074 1905 δὲ

68 1941 218 2027 Σαλαμὶς
229 1942 443 2027 περιγίνεται,
452 1937 484 2016 ἐς
494 1932 557 2024 τήν
567 1933 647 2024 ἡμῖν
657 1931 850 2004 ὑπεκκέεται
862 1937 961 2004 τέκνα
973 1960 1008 2003 τε
1018 1937 1074 2004 καὶ

68 2050 233 2122 γυναῖκες.
262 2037 317 2104 καὶ
333 2031 471 2122 μήνκαὶ
487 2033 565 2103 τάδε
585 2036 623 2102 ἐν
644 2031 772 2101 αὐτοῖσι
791 2039 915 2121 ἔνεστι,
938 2043 999 2102 τοῦ
1017 2036 1072 2102 καὶ

69 2136 260 2221 περιέχεσθε
273 2133 429 2220 μάλιστα·
452 2129 574 2220 ὁμοίως
586 2129 692 2203 αὐτοῦ
704 2159 738 2200 τε
749 2135 862 2219 μένων
873 2158 1071 2221 προναυμα-

69 2232 176 2320 χήσεις
189 2231 453 2320 Πελοποννήσου
471 2233 526 2300 καὶ
540 2229 625 2319 πρὸς
639 2237 684 2324 τῷ
703 2227 840 2322 Ἰσθμῷ,
858 2227 939 2300 οάδέ
953 2251 1068 2318 σφεας,
1119 2300 1121 2304 ,

70 2340 102 2398 εί
111 2353 171 2416 περ
186 2323 226 2397 εὖ
244 2328 416 2417 φρονέεις,
432 2328 519 2410 ἀξεις
533 2331 587 2398 ἐπὶ
597 2327 660 2418 τήν
669 2329 942 2415 Πελοπόννησον.
958 2324 1022 2396 ''Hv
1035 2326 1104 2410 δέγ

71 2453 106 2517 γε
121 2429 173 2494 καὶ
186 2424 226 2493 τά
242 2424 307 2512 ἐγω
322 2430 440 2508 ἐλπίζω
453 2431 589 2514 γένηται
603 2431 658 2496 καὶ
669 2427 860 2515 νικήσωμεν
874 2434 948 2514 τῇσι
959 2431 1068 2515 νηυσί,

75 2523 145 2592 οὕτε
158 2520 239 2609 ὑμῖν
256 2526 289 2602 ἐς
306 2522 367 2592 τὸν
381 2516 521 2610 Ἰσθμὸν
539 2524 742 2608 παρέσονται
759 2529 794 2594 οί
811 2524 977 2613 βάρβαροι
992 2524 1069 2592 οὔτε

72 2620 292 2710 προβήσονται
315 2621 481 2709 ἑκαστέρω
498 2627 555 2708 τής
576 2617 736 2708 Ἀττικῆς,
762 2617 882 2688 ἀπίασί
901 2646 936 2688 τε
956 2617 1069 2689 οάδενί

72 2723 188 2814 κόσμῃ,
200 2719 396 2809 Μεγάροισί
407 2748 442 2790 τε
460 2720 685 2810 κερδανέομεν
696 2726 867 2810 περιεοῦσι
881 2722 936 2788 καί
948 2725 1069 2809 Αίγίνη

72 2826 123 2891 καὶ
136 2829 318 2908 Σαλαμῖνι,
342 2823 380 2888 ἐν
400 2827 439 2910 τῇ
455 2818 536 2908 ἡμῖν
550 2821 606 2888 καί
625 2817 743 2907 λόγιόν
763 2822 833 2888 ἐστι
847 2826 915 2887 τῷν
936 2821 1069 2917 ἐχθρῶν

73 2923 253 3007 κατύπερθε
263 2920 434 3008 γενέσθαι.
447 2920 562 2989 οἰκέτα
572 2919 637 3006 μέν
647 2945 713 2988 νυν
722 2917 999 3009 βουλευομένοισι
1010 2916 1067 2990 ἀν-

73 3022 232 3110 θράποισι
253 3017 297 3098 ὡς
317 3017 355 3087 τὸ
373 3020 496 3090 ἐπίπαν
513 3019 623 3088 ἐθέλει
640 3027 814 3106 γίνεσθαι,
837 3017 881 3106 μή
900 3016 936 3086 δέ
952 3013 1067 3088 οἰκότα

75 3115 338 3207 βουλευομένοισι
364 3114 428 3186 οὐκ
455 3117 565 3187 ἐθέλει
592 3114 711 3187 οάδδὸ
738 3117 820 3198 θεὸς
840 3118 1067 3207 προσχωρέειν
1127 3121 1131 3128 ’

74 3213 149 3303 πρὸς
162 3211 218 3294 τάς
235 3211 455 3303 ἀνθρωπηίας
469 3215 613 3303 γνώμας.
657 3223 770 3288 Ταῦτα
789 3216 946 3304 λέγοντος
960 3226 1063 3305 Θεμι-
1080 3233 1116 3289 ⁶1

77 3313 218 3393 ιτοκλέος
232 3307 327 3395 αὖτις
343 3313 362 3385 ὁ
381 3323 566 3406 Κορίνθιος
576 3313 787 3404 Ἀδείμαντος
798 3317 995 3407 ἐπεφέρετο,
1011 3338 1064 3388 σι-

75 3423 131 3502 γᾶν
143 3441 175 3483 τε
188 3413 336 3483 κελεύων
353 3422 399 3509 τῷ
414 3415 459 3504 μή
473 3421 541 3485 ἐστι
557 3418 689 3503 πατρὶς,
706 3417 761 3484 καὶ
772 3413 992 3506 Εὐρυβιάδην
1001 3412 1066 3486 οὐκ
