<?xml version="1.0" encoding="UTF-8"?>
<!DOCTYPE html PUBLIC "-//W3C//DTD XHTML 1.0 Transitional//EN"
    "http://www.w3.org/TR/xhtml1/DTD/xhtml1-transitional.dtd">
<html xmlns="http://www.w3.org/1999/xhtml" xml:lang="en" lang="en">
 <head>
  <title>
</title>
<meta http-equiv="Content-Type" content="text/html;charset=utf-8" />
  <meta name='ocr-system' content='tesseract 3.04.00' />
  <meta name='ocr-capabilities' content='ocr_page ocr_carea ocr_par ocr_line ocrx_word'/>
</head>
<body>
  <div class='ocr_page' id='page_1' title='image "./herodotihistori00dietgoog_0435.png"; bbox 0 0 2500 3925; ppageno 0'>
   <div class='ocr_carea' id='block_1_1' title="bbox 354 235 1091 304">
    <p class='ocr_par' dir='ltr' id='par_1_1' title="bbox 354 235 1091 304">
     <span class='ocr_line' id='line_1_1' title="bbox 354 235 1091 304; baseline -0.004 -1"><span class='ocrx_word' id='word_1_1' title='bbox 354 245 443 304; x_wconf 83' lang='lat' dir='ltr'><strong>LIB.</strong></span> <span class='ocrx_word' id='word_1_2' title='bbox 472 245 509 300; x_wconf 85' lang='lat' dir='ltr'><strong><em>V.</em></strong></span> <span class='ocrx_word' id='word_1_3' title='bbox 543 243 644 302; x_wconf 74' lang='lat' dir='ltr'><strong>cAP.</strong></span> <span class='ocrx_word' id='word_1_4' title='bbox 676 245 818 302; x_wconf 67' lang='lat'><strong>72-72.</strong></span> <span class='ocrx_word' id='word_1_5' title='bbox 1048 235 1091 300; x_wconf 75' lang='grc'><strong><em>35</em></strong></span> 
     </span>
    </p>
   </div>
   <div class='ocr_carea' id='block_1_2' title="bbox 24 399 1208 3453">
    <p class='ocr_par' dir='ltr' id='par_1_2' title="bbox 24 399 1208 3453">
     <span class='ocr_line' id='line_1_2' title="bbox 85 399 1093 495; baseline -0.004 -21"><span class='ocrx_word' id='word_1_6' title='bbox 85 406 215 492; x_wconf 77' lang='grc' dir='ltr'><strong><em>χώρους</em></strong></span> <span class='ocrx_word' id='word_1_7' title='bbox 230 405 452 495; x_wconf 80' lang='grc' dir='ltr'><strong><em>τῆςίίττικῆς.</em></strong></span> <span class='ocrx_word' id='word_1_8' title='bbox 493 399 667 487; x_wconf 78' lang='grc' dir='ltr'><strong><em>Ἀθηναῖοι</em></strong></span> <span class='ocrx_word' id='word_1_9' title='bbox 684 400 738 485; x_wconf 73' lang='grc' dir='ltr'><strong><em>δὲ,</em></strong></span> <span class='ocrx_word' id='word_1_10' title='bbox 762 408 883 487; x_wconf 91' lang='grc' dir='ltr'><strong><em>καίπερ</em></strong></span> <span class='ocrx_word' id='word_1_11' title='bbox 909 399 1093 490; x_wconf 72' lang='grc' dir='ltr'><strong><em>ἀμφιβολίῃ</em></strong></span> 
     </span>
     <span class='ocr_line' id='line_1_3' title="bbox 86 501 1093 592; baseline -0.009 -19"><span class='ocrx_word' id='word_1_12' title='bbox 86 507 255 592; x_wconf 77' lang='grc' dir='ltr'><strong><em>ἐχόμενοι,</em></strong></span> <span class='ocrx_word' id='word_1_13' title='bbox 274 508 434 575; x_wconf 77' lang='grc' dir='ltr'><strong><em>Βοιωτῶν</em></strong></span> <span class='ocrx_word' id='word_1_14' title='bbox 449 501 512 585; x_wconf 75' lang='grc' dir='ltr'><strong><em>μὲν</em></strong></span> <span class='ocrx_word' id='word_1_15' title='bbox 524 503 581 566; x_wconf 78' lang='grc' dir='ltr'><strong><em>καὶ</em></strong></span> <span class='ocrx_word' id='word_1_16' title='bbox 590 502 786 566; x_wconf 74' lang='grc' dir='ltr'><strong><em>Χαλκιδέων</em></strong></span> <span class='ocrx_word' id='word_1_17' title='bbox 801 501 982 582; x_wconf 77' lang='grc' dir='ltr'><strong><em>ἐσύστερον</em></strong></span> <span class='ocrx_word' id='word_1_18' title='bbox 995 504 1093 583; x_wconf 75' lang='grc' dir='ltr'><strong><em>ἔμελ-</em></strong></span> 
     </span>
     <span class='ocr_line' id='line_1_4' title="bbox 85 600 1094 691; baseline -0.006 -20"><span class='ocrx_word' id='word_1_19' title='bbox 85 613 148 671; x_wconf 91' lang='grc' dir='ltr'><strong><em>λον</em></strong></span> <span class='ocrx_word' id='word_1_20' title='bbox 166 605 301 691; x_wconf 84' lang='grc' dir='ltr'><strong><em>μνήμην</em></strong></span> <span class='ocrx_word' id='word_1_21' title='bbox 317 600 540 688; x_wconf 71' lang='grc' dir='ltr'><em>ποιήσεσθαι,</em></span> <span class='ocrx_word' id='word_1_22' title='bbox 563 605 866 684; x_wconf 85' lang='grc' dir='ltr'><strong><em>Πελοποννησίοισι</em></strong></span> <span class='ocrx_word' id='word_1_23' title='bbox 887 603 925 666; x_wconf 73' lang='grc' dir='ltr'><strong><em>δὲ</em></strong></span> <span class='ocrx_word' id='word_1_24' title='bbox 943 601 1036 668; x_wconf 76' lang='grc' dir='ltr'><strong><em>ἐοῦσι</em></strong></span> <span class='ocrx_word' id='word_1_25' title='bbox 1055 601 1094 666; x_wconf 76' lang='grc' dir='ltr'><strong><em>ἐν</em></strong></span> 
     </span>
     <span class='ocr_line' id='line_1_5' title="bbox 81 695 1142 770; baseline 0 -1"><span class='ocrx_word' id='word_1_26' title='bbox 81 699 245 770; x_wconf 79' lang='grc' dir='ltr'><strong><em>Ἐλευσῖνι</em></strong></span> <span class='ocrx_word' id='word_1_27' title='bbox 263 700 360 769; x_wconf 79' lang='grc' dir='ltr'><strong><em>ἀντία</em></strong></span> <span class='ocrx_word' id='word_1_28' title='bbox 381 706 502 768; x_wconf 74' lang='grc' dir='ltr'><strong><em>ἔθεντο</em></strong></span> <span class='ocrx_word' id='word_1_29' title='bbox 522 695 562 765; x_wconf 80' lang='grc' dir='ltr'><strong><em>τά</em></strong></span> <span class='ocrx_word' id='word_1_30' title='bbox 585 695 682 766; x_wconf 82' lang='grc' dir='ltr'><strong><em>ὅπλα.</em></strong></span> <span class='ocrx_word' id='word_1_31' title='bbox 723 698 932 766; x_wconf 87' lang='grc' dir='ltr'><strong><em>Μελλόυτων</em></strong></span> <span class='ocrx_word' id='word_1_32' title='bbox 949 698 987 765; x_wconf 70' lang='grc' dir='ltr'><strong><em>δέ</em></strong></span> <span class='ocrx_word' id='word_1_33' title='bbox 1009 717 1094 765; x_wconf 85' lang='grc' dir='ltr'><strong><em>συν·</em></strong></span> <span class='ocrx_word' id='word_1_34' title='bbox 1107 714 1142 769; x_wconf 71' lang='grc'><strong><em>76</em></strong></span> 
     </span>
     <span class='ocr_line' id='line_1_6' title="bbox 86 797 1095 882; baseline -0.006 -14"><span class='ocrx_word' id='word_1_35' title='bbox 86 801 188 879; x_wconf 81' lang='grc' dir='ltr'><strong><em>άψειν</em></strong></span> <span class='ocrx_word' id='word_1_36' title='bbox 209 800 249 867; x_wconf 80' lang='grc' dir='ltr'><strong><em>τὰ</em></strong></span> <span class='ocrx_word' id='word_1_37' title='bbox 270 799 478 882; x_wconf 87' lang='grc' dir='ltr'><strong><em>στρατόπεδα</em></strong></span> <span class='ocrx_word' id='word_1_38' title='bbox 500 799 533 874; x_wconf 79' lang='grc' dir='ltr'><strong><em>ἐς</em></strong></span> <span class='ocrx_word' id='word_1_39' title='bbox 553 797 665 882; x_wconf 83' lang='grc' dir='ltr'><strong><em>μάχην</em></strong></span> <span class='ocrx_word' id='word_1_40' title='bbox 685 799 949 881; x_wconf 69' lang='grc' dir='ltr'><strong><em>Κορίνθιοιμὲν</em></strong></span> <span class='ocrx_word' id='word_1_41' title='bbox 968 803 1095 880; x_wconf 75' lang='grc' dir='ltr'><strong><em>πρῶτοι</em></strong></span> 
     </span>
     <span class='ocr_line' id='line_1_7' title="bbox 86 891 1094 984; baseline -0.003 -19"><span class='ocrx_word' id='word_1_42' title='bbox 86 905 183 984; x_wconf 83' lang='grc' dir='ltr'><strong><em>σφίσι</em></strong></span> <span class='ocrx_word' id='word_1_43' title='bbox 199 895 328 965; x_wconf 78' lang='grc' dir='ltr'><strong><em>αὐτολσι</em></strong></span> <span class='ocrx_word' id='word_1_44' title='bbox 349 897 465 974; x_wconf 86' lang='grc' dir='ltr'><strong><em>δόντες</em></strong></span> <span class='ocrx_word' id='word_1_45' title='bbox 484 896 604 981; x_wconf 90' lang='grc' dir='ltr'><strong><em>λόγον,</em></strong></span> <span class='ocrx_word' id='word_1_46' title='bbox 628 891 674 973; x_wconf 79' lang='grc' dir='ltr'><strong><em>ὡς</em></strong></span> <span class='ocrx_word' id='word_1_47' title='bbox 697 892 740 962; x_wconf 80' lang='grc' dir='ltr'><strong><em>οὐ</em></strong></span> <span class='ocrx_word' id='word_1_48' title='bbox 758 909 888 964; x_wconf 72' lang='grc' dir='ltr'><strong><em>ποιοῖεν</em></strong></span> <span class='ocrx_word' id='word_1_49' title='bbox 907 894 949 964; x_wconf 82' lang='grc' dir='ltr'><strong><em>τά</em></strong></span> <span class='ocrx_word' id='word_1_50' title='bbox 970 901 1094 978; x_wconf 88' lang='grc' dir='ltr'><strong><em>δίκαια,</em></strong></span> 
     </span>
     <span class='ocr_line' id='line_1_8' title="bbox 87 991 1095 1083; baseline -0.004 -19"><span class='ocrx_word' id='word_1_51' title='bbox 87 994 332 1083; x_wconf 84' lang='grc' dir='ltr'><strong><em>μετεβάλλοντό</em></strong></span> <span class='ocrx_word' id='word_1_52' title='bbox 345 996 450 1062; x_wconf 77' lang='grc' dir='ltr'><strong><em>τεκαὶ</em></strong></span> <span class='ocrx_word' id='word_1_53' title='bbox 465 991 737 1079; x_wconf 76' lang='grc' dir='ltr'><strong><em>ἀπαλλάσσοντο,</em></strong></span> <span class='ocrx_word' id='word_1_54' title='bbox 752 993 835 1079; x_wconf 79' lang='grc' dir='ltr'><strong><em>μετὰ</em></strong></span> <span class='ocrx_word' id='word_1_55' title='bbox 846 995 883 1061; x_wconf 74' lang='grc' dir='ltr'><strong><em>δὲ</em></strong></span> <span class='ocrx_word' id='word_1_56' title='bbox 893 995 1095 1080; x_wconf 75' lang='grc' dir='ltr'><strong><em>Δημάρητος</em></strong></span> 
     </span>
     <span class='ocr_line' id='line_1_9' title="bbox 86 1084 1094 1180; baseline -0.002 -20"><span class='ocrx_word' id='word_1_57' title='bbox 86 1092 105 1160; x_wconf 92' lang='grc' dir='ltr'><strong><em>ὁ</em></strong></span> <span class='ocrx_word' id='word_1_58' title='bbox 131 1092 345 1180; x_wconf 77' lang='grc' dir='ltr'><strong><em>Ἀρίστωνος,</em></strong></span> <span class='ocrx_word' id='word_1_59' title='bbox 374 1091 440 1162; x_wconf 80' lang='grc' dir='ltr'><strong><em>έιὸν</em></strong></span> <span class='ocrx_word' id='word_1_60' title='bbox 460 1096 515 1160; x_wconf 83' lang='grc' dir='ltr'><strong><em>καί</em></strong></span> <span class='ocrx_word' id='word_1_61' title='bbox 539 1084 638 1170; x_wconf 83' lang='grc' dir='ltr'><strong><em>οὗτος</em></strong></span> <span class='ocrx_word' id='word_1_62' title='bbox 665 1089 823 1178; x_wconf 75' lang='grc' dir='ltr'><strong><em>βασιλεῦς</em></strong></span> <span class='ocrx_word' id='word_1_63' title='bbox 844 1097 1094 1177; x_wconf 79' lang='grc' dir='ltr'><strong><em>Σπαρτιητέων,</em></strong></span> 
     </span>
     <span class='ocr_line' id='line_1_10' title="bbox 85 1188 1094 1277; baseline -0.002 -19"><span class='ocrx_word' id='word_1_64' title='bbox 85 1195 144 1259; x_wconf 85' lang='grc' dir='ltr'><strong><em>καλ</em></strong></span> <span class='ocrx_word' id='word_1_65' title='bbox 157 1192 395 1277; x_wconf 77' lang='grc' dir='ltr'><strong><em>συνεξαγαγών</em></strong></span> <span class='ocrx_word' id='word_1_66' title='bbox 412 1217 447 1258; x_wconf 88' lang='grc' dir='ltr'><strong><em>τε</em></strong></span> <span class='ocrx_word' id='word_1_67' title='bbox 464 1188 526 1275; x_wconf 80' lang='grc' dir='ltr'><strong><em>τὴν</em></strong></span> <span class='ocrx_word' id='word_1_68' title='bbox 543 1188 703 1277; x_wconf 77' lang='grc' dir='ltr'><strong><em>στρατιὴν</em></strong></span> <span class='ocrx_word' id='word_1_69' title='bbox 717 1192 755 1258; x_wconf 86' lang='grc' dir='ltr'><strong><em>έκ</em></strong></span> <span class='ocrx_word' id='word_1_70' title='bbox 769 1195 1019 1276; x_wconf 87' lang='grc' dir='ltr'><strong><em>Λακεδαίμονος</em></strong></span> <span class='ocrx_word' id='word_1_71' title='bbox 1038 1191 1094 1257; x_wconf 77' lang='grc' dir='ltr'><strong><em>καὶ</em></strong></span> 
     </span>
     <span class='ocr_line' id='line_1_11' title="bbox 88 1286 1093 1382; baseline -0.003 -24"><span class='ocrx_word' id='word_1_72' title='bbox 88 1290 151 1360; x_wconf 84' lang='grc' dir='ltr'><strong><em>οὐκ</em></strong></span> <span class='ocrx_word' id='word_1_73' title='bbox 166 1290 232 1361; x_wconf 71' lang='grc' dir='ltr'><strong><em>έοὸν</em></strong></span> <span class='ocrx_word' id='word_1_74' title='bbox 247 1291 413 1377; x_wconf 86' lang='grc' dir='ltr'><strong><em>διάφορος</em></strong></span> <span class='ocrx_word' id='word_1_75' title='bbox 427 1293 465 1358; x_wconf 86' lang='grc' dir='ltr'><strong><em>έν</em></strong></span> <span class='ocrx_word' id='word_1_76' title='bbox 481 1297 528 1378; x_wconf 77' lang='grc' dir='ltr'><strong><em>τῷ</em></strong></span> <span class='ocrx_word' id='word_1_77' title='bbox 543 1291 676 1375; x_wconf 87' lang='grc' dir='ltr'><strong><em>πρόσθε</em></strong></span> <span class='ocrx_word' id='word_1_78' title='bbox 688 1289 799 1382; x_wconf 76' lang='grc' dir='ltr'><strong><em>χρόνῳ</em></strong></span> <span class='ocrx_word' id='word_1_79' title='bbox 813 1292 1003 1376; x_wconf 72' lang='grc' dir='ltr'><strong><em>Κλεομένεϊ.</em></strong></span> <span class='ocrx_word' id='word_1_80' title='bbox 1026 1286 1093 1356; x_wconf 87' lang='grc' dir='ltr'><strong><em>άπὸ</em></strong></span> 
     </span>
     <span class='ocr_line' id='line_1_12' title="bbox 88 1383 1091 1477; baseline 0.002 -21"><span class='ocrx_word' id='word_1_81' title='bbox 88 1391 125 1458; x_wconf 70' lang='grc' dir='ltr'><strong><em>δὲ</em></strong></span> <span class='ocrx_word' id='word_1_82' title='bbox 143 1389 266 1475; x_wconf 81' lang='grc' dir='ltr'><strong><em>ταύτης</em></strong></span> <span class='ocrx_word' id='word_1_83' title='bbox 285 1397 343 1477; x_wconf 83' lang='grc' dir='ltr'><strong><em>τῆς</em></strong></span> <span class='ocrx_word' id='word_1_84' title='bbox 358 1394 567 1476; x_wconf 70' lang='grc' dir='ltr'><strong><em>διχοστασίης</em></strong></span> <span class='ocrx_word' id='word_1_85' title='bbox 582 1391 682 1474; x_wconf 85' lang='grc' dir='ltr'><strong><em>έτέθη</em></strong></span> <span class='ocrx_word' id='word_1_86' title='bbox 697 1390 801 1475; x_wconf 89' lang='grc' dir='ltr'><strong><em>νόμος</em></strong></span> <span class='ocrx_word' id='word_1_87' title='bbox 819 1392 856 1456; x_wconf 88' lang='grc' dir='ltr'><strong><em>έν</em></strong></span> <span class='ocrx_word' id='word_1_88' title='bbox 870 1389 1028 1477; x_wconf 72' lang='grc' dir='ltr'><strong><em>Σπάρτη,</em></strong></span> <span class='ocrx_word' id='word_1_89' title='bbox 1047 1383 1091 1473; x_wconf 77' lang='grc' dir='ltr'><strong><em>μη</em></strong></span> 
     </span>
     <span class='ocr_line' id='line_1_13' title="bbox 87 1488 1096 1578; baseline -0.006 -17"><span class='ocrx_word' id='word_1_90' title='bbox 87 1496 208 1572; x_wconf 78' lang='grc' dir='ltr'><strong><em>ἐξεῖναι</em></strong></span> <span class='ocrx_word' id='word_1_91' title='bbox 222 1493 364 1559; x_wconf 78' lang='grc' dir='ltr'><strong><em>ἔπεσθαι</em></strong></span> <span class='ocrx_word' id='word_1_92' title='bbox 378 1489 591 1578; x_wconf 79' lang='grc' dir='ltr'><strong><em>ἀμφοτέρους</em></strong></span> <span class='ocrx_word' id='word_1_93' title='bbox 604 1489 687 1570; x_wconf 79' lang='grc' dir='ltr'><strong><em>τούς</em></strong></span> <span class='ocrx_word' id='word_1_94' title='bbox 700 1493 856 1578; x_wconf 82' lang='grc' dir='ltr'><strong><em>βασιλέας</em></strong></span> <span class='ocrx_word' id='word_1_95' title='bbox 872 1488 1025 1574; x_wconf 84' lang='grc' dir='ltr'><strong><em>έξιοόσης</em></strong></span> <span class='ocrx_word' id='word_1_96' title='bbox 1036 1492 1096 1573; x_wconf 81' lang='grc' dir='ltr'><strong><em>τῆς</em></strong></span> 
     </span>
     <span class='ocr_line' id='line_1_14' title="bbox 88 1587 1095 1676; baseline -0.004 -19"><span class='ocrx_word' id='word_1_97' title='bbox 88 1596 242 1676; x_wconf 79' lang='grc' dir='ltr'><strong><em>στρατιῆς</em></strong></span> <span class='ocrx_word' id='word_1_98' title='bbox 261 1594 356 1667; x_wconf 86' lang='grc' dir='ltr'><strong><em>’τέως</em></strong></span> <span class='ocrx_word' id='word_1_99' title='bbox 370 1587 435 1675; x_wconf 82' lang='grc' dir='ltr'><strong><em>γὰρ</em></strong></span> <span class='ocrx_word' id='word_1_100' title='bbox 454 1587 639 1676; x_wconf 80' lang='grc' dir='ltr'><strong><em>ἀμφότεροι</em></strong></span> <span class='ocrx_word' id='word_1_101' title='bbox 654 1593 801 1657; x_wconf 66' lang='grc' dir='ltr'><strong><em>εἵποντο*</em></strong></span> <span class='ocrx_word' id='word_1_102' title='bbox 835 1590 1095 1673; x_wconf 84' lang='grc' dir='ltr'><strong><em>παραλυομένου</em></strong></span> 
     </span>
     <span class='ocr_line' id='line_1_15' title="bbox 90 1687 1095 1774; baseline -0.006 -18"><span class='ocrx_word' id='word_1_103' title='bbox 90 1689 126 1756; x_wconf 74' lang='grc' dir='ltr'><strong><em>δὲ</em></strong></span> <span class='ocrx_word' id='word_1_104' title='bbox 143 1689 272 1756; x_wconf 77' lang='grc' dir='ltr'><strong><em>τούτων</em></strong></span> <span class='ocrx_word' id='word_1_105' title='bbox 286 1695 347 1756; x_wconf 82' lang='grc' dir='ltr'><strong><em>τοῦ</em></strong></span> <span class='ocrx_word' id='word_1_106' title='bbox 363 1690 478 1774; x_wconf 76' lang='grc' dir='ltr'><strong><em>ἑτέρου</em></strong></span> <span class='ocrx_word' id='word_1_107' title='bbox 492 1694 754 1755; x_wconf 81' lang='grc' dir='ltr'><strong><em>καταλείπεσθαι</em></strong></span> <span class='ocrx_word' id='word_1_108' title='bbox 770 1687 907 1754; x_wconf 76' lang='grc' dir='ltr'><strong><em>καὶτῶν</em></strong></span> <span class='ocrx_word' id='word_1_109' title='bbox 926 1688 1095 1767; x_wconf 86' lang='grc' dir='ltr'><strong><em>Τυνδαρι-</em></strong></span> 
     </span>
     <span class='ocr_line' id='line_1_16' title="bbox 88 1775 1095 1872; baseline -0.004 -20"><span class='ocrx_word' id='word_1_110' title='bbox 88 1789 176 1853; x_wconf 88' lang='grc' dir='ltr'><strong><em>δέων</em></strong></span> <span class='ocrx_word' id='word_1_111' title='bbox 190 1783 251 1853; x_wconf 85' lang='grc' dir='ltr'><strong><em>τόν</em></strong></span> <span class='ocrx_word' id='word_1_112' title='bbox 271 1788 403 1871; x_wconf 79' lang='grc' dir='ltr'><strong><em>ἕτερον·</em></strong></span> <span class='ocrx_word' id='word_1_113' title='bbox 426 1783 491 1872; x_wconf 89' lang='grc' dir='ltr'><strong><em>πρδ</em></strong></span> <span class='ocrx_word' id='word_1_114' title='bbox 512 1791 575 1852; x_wconf 85' lang='grc' dir='ltr'><strong><em>τοῦ</em></strong></span> <span class='ocrx_word' id='word_1_115' title='bbox 588 1782 654 1871; x_wconf 82' lang='grc' dir='ltr'><strong><em>γάρ</em></strong></span> <span class='ocrx_word' id='word_1_116' title='bbox 669 1783 711 1870; x_wconf 80' lang='grc' dir='ltr'><strong><em>δὴ</em></strong></span> <span class='ocrx_word' id='word_1_117' title='bbox 731 1789 786 1852; x_wconf 80' lang='grc' dir='ltr'><strong><em>καί</em></strong></span> <span class='ocrx_word' id='word_1_118' title='bbox 801 1775 896 1850; x_wconf 76' lang='grc' dir='ltr'><strong><em>οὗτοι</em></strong></span> <span class='ocrx_word' id='word_1_119' title='bbox 911 1780 1095 1869; x_wconf 76' lang='grc' dir='ltr'><strong><em>ἀμφότεροι</em></strong></span> 
     </span>
     <span class='ocr_line' id='line_1_17' title="bbox 89 1881 1095 1971; baseline -0.003 -22"><span class='ocrx_word' id='word_1_120' title='bbox 89 1887 260 1970; x_wconf 82' lang='grc' dir='ltr'><strong><em>ἐπίκλητοί</em></strong></span> <span class='ocrx_word' id='word_1_121' title='bbox 271 1901 333 1968; x_wconf 82' lang='grc' dir='ltr'><strong><em>σφι</em></strong></span> <span class='ocrx_word' id='word_1_122' title='bbox 355 1884 467 1964; x_wconf 85' lang='grc' dir='ltr'><strong><em>ε’όντες</em></strong></span> <span class='ocrx_word' id='word_1_123' title='bbox 483 1887 626 1952; x_wconf 77' lang='grc' dir='ltr'><strong><em>εἵποντο.</em></strong></span> <span class='ocrx_word' id='word_1_124' title='bbox 658 1883 733 1950; x_wconf 87' lang='grc' dir='ltr'><strong><em>τότε</em></strong></span> <span class='ocrx_word' id='word_1_125' title='bbox 753 1882 794 1969; x_wconf 80' lang='grc' dir='ltr'><strong><em>δὴ</em></strong></span> <span class='ocrx_word' id='word_1_126' title='bbox 818 1885 855 1950; x_wconf 87' lang='grc' dir='ltr'><strong><em>έν</em></strong></span> <span class='ocrx_word' id='word_1_127' title='bbox 876 1890 917 1971; x_wconf 82' lang='grc' dir='ltr'><strong><em>τῇ</em></strong></span> <span class='ocrx_word' id='word_1_128' title='bbox 933 1881 1095 1951; x_wconf 78' lang='grc' dir='ltr'><strong><em>Ἐλευσῖνι</em></strong></span> 
     </span>
     <span class='ocr_line' id='line_1_18' title="bbox 24 1980 1095 2075; baseline -0.002 -26"><span class='ocrx_word' id='word_1_129' title='bbox 24 2068 34 2075; x_wconf 44' lang='grc'>-</span> <span class='ocrx_word' id='word_1_130' title='bbox 89 1980 243 2065; x_wconf 85' lang='grc' dir='ltr'><strong><em>ὁρέοντες</em></strong></span> <span class='ocrx_word' id='word_1_131' title='bbox 262 1986 295 2049; x_wconf 83' lang='grc' dir='ltr'><strong><em>ολ</em></strong></span> <span class='ocrx_word' id='word_1_132' title='bbox 308 1987 419 2051; x_wconf 80' lang='grc' dir='ltr'><strong><em>λοιποί</em></strong></span> <span class='ocrx_word' id='word_1_133' title='bbox 432 1990 502 2050; x_wconf 80' lang='grc' dir='ltr'><strong><em>τῶν</em></strong></span> <span class='ocrx_word' id='word_1_134' title='bbox 516 1982 702 2069; x_wconf 88' lang='grc' dir='ltr'><strong><em>συμμάχων</em></strong></span> <span class='ocrx_word' id='word_1_135' title='bbox 714 1984 796 2061; x_wconf 80' lang='grc' dir='ltr'><strong><em>τούς</em></strong></span> <span class='ocrx_word' id='word_1_136' title='bbox 806 2010 842 2050; x_wconf 92' lang='grc' dir='ltr'><strong><em>τε</em></strong></span> <span class='ocrx_word' id='word_1_137' title='bbox 853 1985 1011 2069; x_wconf 86' lang='grc' dir='ltr'><strong><em>βασιλέας</em></strong></span> <span class='ocrx_word' id='word_1_138' title='bbox 1025 1986 1095 2048; x_wconf 76' lang='grc' dir='ltr'><strong><em>τῶν</em></strong></span> 
     </span>
     <span class='ocr_line' id='line_1_19' title="bbox 89 2077 1083 2167; baseline -0.003 -20"><span class='ocrx_word' id='word_1_139' title='bbox 89 2082 367 2167; x_wconf 87' lang='grc' dir='ltr'><strong><em>Δακεδαιμονίων</em></strong></span> <span class='ocrx_word' id='word_1_140' title='bbox 390 2077 453 2147; x_wconf 83' lang='grc' dir='ltr'><strong><em>οὐκ</em></strong></span> <span class='ocrx_word' id='word_1_141' title='bbox 473 2078 716 2167; x_wconf 68' lang='grc' dir='ltr'><strong><em>ὁμολογέοντας</em></strong></span> <span class='ocrx_word' id='word_1_142' title='bbox 735 2082 792 2149; x_wconf 84' lang='grc' dir='ltr'><strong><em>καλ</em></strong></span> <span class='ocrx_word' id='word_1_143' title='bbox 810 2086 1019 2167; x_wconf 84' lang='grc' dir='ltr'><strong><em>Κορινθίους</em></strong></span> <span class='ocrx_word' id='word_1_144' title='bbox 1039 2078 1083 2145; x_wconf 76' lang='grc' dir='ltr'><strong><em>εἰν</em></strong></span> 
     </span>
     <span class='ocr_line' id='line_1_20' title="bbox 88 2175 1092 2266; baseline -0.005 -17"><span class='ocrx_word' id='word_1_145' title='bbox 88 2178 247 2255; x_wconf 82' lang='grc' dir='ltr'><strong><em>λιπόντας</em></strong></span> <span class='ocrx_word' id='word_1_146' title='bbox 261 2175 324 2264; x_wconf 75' lang='grc' dir='ltr'><strong><em>τὴν</em></strong></span> <span class='ocrx_word' id='word_1_147' title='bbox 342 2180 438 2257; x_wconf 82' lang='grc' dir='ltr'><strong><em>τάξιν</em></strong></span> <span class='ocrx_word' id='word_1_148' title='bbox 455 2190 584 2266; x_wconf 77' lang='grc' dir='ltr'><strong><em>οἴχοντο</em></strong></span> <span class='ocrx_word' id='word_1_149' title='bbox 606 2183 662 2248; x_wconf 84' lang='grc' dir='ltr'><strong><em>καλ</em></strong></span> <span class='ocrx_word' id='word_1_150' title='bbox 680 2176 775 2249; x_wconf 75' lang='grc' dir='ltr'><strong><em>αὐτοὶ</em></strong></span> <span class='ocrx_word' id='word_1_151' title='bbox 792 2178 1092 2264; x_wconf 72' lang='grc' dir='ltr'><strong><em>ἀπαλλασσόμενοι.</em></strong></span> 
     </span>
     <span class='ocr_line' id='line_1_21' title="bbox 91 2275 1143 2366; baseline 0 -18"><span class='ocrx_word' id='word_1_152' title='bbox 91 2282 257 2365; x_wconf 87' lang='grc' dir='ltr'><strong><em>Τέταρτον</em></strong></span> <span class='ocrx_word' id='word_1_153' title='bbox 268 2275 309 2362; x_wconf 84' lang='grc' dir='ltr'><strong><em>δὴ</em></strong></span> <span class='ocrx_word' id='word_1_154' title='bbox 320 2285 418 2345; x_wconf 84' lang='grc' dir='ltr'><strong><em>τοῦτο</em></strong></span> <span class='ocrx_word' id='word_1_155' title='bbox 431 2280 485 2346; x_wconf 83' lang='grc' dir='ltr'><strong><em>έπλ</em></strong></span> <span class='ocrx_word' id='word_1_156' title='bbox 494 2276 557 2365; x_wconf 79' lang='grc' dir='ltr'><strong><em>τὴν</em></strong></span> <span class='ocrx_word' id='word_1_157' title='bbox 566 2275 717 2366; x_wconf 78' lang='grc' dir='ltr'><strong><em>Ἀττικὴν</em></strong></span> <span class='ocrx_word' id='word_1_158' title='bbox 727 2278 925 2364; x_wconf 77' lang='grc' dir='ltr'><strong><em>ἀπικόμενοι</em></strong></span> <span class='ocrx_word' id='word_1_159' title='bbox 934 2278 1092 2360; x_wconf 86' lang='grc' dir='ltr'><strong><em>Δωριέες,</em></strong></span> <span class='ocrx_word' id='word_1_160' title='bbox 1109 2294 1143 2350; x_wconf 75' lang='grc'><strong><em>76</em></strong></span> 
     </span>
     <span class='ocr_line' id='line_1_22' title="bbox 89 2375 1095 2467; baseline -0.002 -22"><span class='ocrx_word' id='word_1_161' title='bbox 89 2382 139 2454; x_wconf 89' lang='grc' dir='ltr'><strong><em>δίς</em></strong></span> <span class='ocrx_word' id='word_1_162' title='bbox 158 2401 194 2443; x_wconf 88' lang='grc' dir='ltr'><strong><em>τε</em></strong></span> <span class='ocrx_word' id='word_1_163' title='bbox 214 2376 267 2442; x_wconf 82' lang='grc' dir='ltr'><strong><em>έπλ</em></strong></span> <span class='ocrx_word' id='word_1_164' title='bbox 285 2376 418 2467; x_wconf 79' lang='grc' dir='ltr'><strong><em>πολέμῳ</em></strong></span> <span class='ocrx_word' id='word_1_165' title='bbox 436 2375 649 2462; x_wconf 76' lang='grc' dir='ltr'><strong><em>ἐσβαλόντες,</em></strong></span> <span class='ocrx_word' id='word_1_166' title='bbox 672 2380 728 2446; x_wconf 85' lang='grc' dir='ltr'><strong><em>καλ</em></strong></span> <span class='ocrx_word' id='word_1_167' title='bbox 747 2380 797 2455; x_wconf 79' lang='grc' dir='ltr'><strong><em>δὶς</em></strong></span> <span class='ocrx_word' id='word_1_168' title='bbox 818 2377 871 2445; x_wconf 79' lang='grc' dir='ltr'><strong><em>ἐπ’</em></strong></span> <span class='ocrx_word' id='word_1_169' title='bbox 893 2376 1013 2464; x_wconf 80' lang='grc' dir='ltr'><strong><em>άγαθῶ</em></strong></span> <span class='ocrx_word' id='word_1_170' title='bbox 1033 2381 1095 2444; x_wconf 77' lang='grc' dir='ltr'><strong><em>τοῦ</em></strong></span> 
     </span>
     <span class='ocr_line' id='line_1_23' title="bbox 89 2471 1095 2561; baseline -0.002 -18"><span class='ocrx_word' id='word_1_171' title='bbox 89 2474 236 2561; x_wconf 77' lang='grc' dir='ltr'><strong><em>πλήθεος</em></strong></span> <span class='ocrx_word' id='word_1_172' title='bbox 251 2479 313 2540; x_wconf 80' lang='grc' dir='ltr'><strong><em>τοῦ</em></strong></span> <span class='ocrx_word' id='word_1_173' title='bbox 327 2471 534 2559; x_wconf 78' lang='grc' dir='ltr'><strong><em>Ἀθηναίων,</em></strong></span> <span class='ocrx_word' id='word_1_174' title='bbox 555 2475 782 2561; x_wconf 71' lang='grc' dir='ltr'><strong><em>πρῶτονμὲν,</em></strong></span> <span class='ocrx_word' id='word_1_175' title='bbox 801 2475 858 2542; x_wconf 82' lang='grc' dir='ltr'><strong><em>ὅτε</em></strong></span> <span class='ocrx_word' id='word_1_176' title='bbox 877 2479 933 2542; x_wconf 85' lang='grc' dir='ltr'><strong><em>καὶ</em></strong></span> <span class='ocrx_word' id='word_1_177' title='bbox 951 2480 1095 2559; x_wconf 88' lang='grc' dir='ltr'><strong><em>Μέγαρα</em></strong></span> 
     </span>
     <span class='ocr_line' id='line_1_24' title="bbox 90 2563 1095 2661; baseline 0.001 -22"><span class='ocrx_word' id='word_1_178' title='bbox 90 2577 283 2639; x_wconf 78' lang='grc' dir='ltr'><strong><em>κατοίκισαν</em></strong></span> <span class='ocrx_word' id='word_1_179' title='bbox 310 2563 425 2661; x_wconf 81' lang='grc' dir='ltr'><strong><em>(οὗτος</em></strong></span> <span class='ocrx_word' id='word_1_180' title='bbox 448 2568 466 2638; x_wconf 95' lang='grc' dir='ltr'><strong><em>ὁ</em></strong></span> <span class='ocrx_word' id='word_1_181' title='bbox 491 2571 608 2650; x_wconf 91' lang='grc' dir='ltr'><strong><em>στόλος</em></strong></span> <span class='ocrx_word' id='word_1_182' title='bbox 630 2577 683 2641; x_wconf 80' lang='grc' dir='ltr'><strong><em>ἐπὶ</em></strong></span> <span class='ocrx_word' id='word_1_183' title='bbox 702 2574 840 2659; x_wconf 86' lang='grc' dir='ltr'><strong><em>Κόδρου</em></strong></span> <span class='ocrx_word' id='word_1_184' title='bbox 858 2574 1095 2661; x_wconf 77' lang='grc' dir='ltr'><strong><em>βασιλεύοντος</em></strong></span> 
     </span>
     <span class='ocr_line' id='line_1_25' title="bbox 83 2668 1208 2760; baseline -0.004 -18"><span class='ocrx_word' id='word_1_185' title='bbox 83 2671 274 2759; x_wconf 74' lang='grc' dir='ltr'><strong><em>Ἀθηναίων</em></strong></span> <span class='ocrx_word' id='word_1_186' title='bbox 287 2669 401 2760; x_wconf 75' lang='grc' dir='ltr'><strong><em>ὀρθῶς</em></strong></span> <span class='ocrx_word' id='word_1_187' title='bbox 413 2670 546 2759; x_wconf 72' lang='grc' dir='ltr'><strong><em>πρῶτος</em></strong></span> <span class='ocrx_word' id='word_1_188' title='bbox 564 2668 607 2739; x_wconf 75' lang='grc' dir='ltr'><strong><em>ἂν</em></strong></span> <span class='ocrx_word' id='word_1_189' title='bbox 624 2670 801 2759; x_wconf 87' lang='grc' dir='ltr'><strong><em>καλέοιτο),</em></strong></span> <span class='ocrx_word' id='word_1_190' title='bbox 820 2669 981 2758; x_wconf 78' lang='grc' dir='ltr'><strong><em>δεύτερον</em></strong></span> <span class='ocrx_word' id='word_1_191' title='bbox 993 2671 1032 2740; x_wconf 75' lang='grc' dir='ltr'><strong><em>δέ</em></strong></span> <span class='ocrx_word' id='word_1_192' title='bbox 1044 2673 1103 2739; x_wconf 83' lang='grc' dir='ltr'><strong><em>καὶ</em></strong></span> <span class='ocrx_word' id='word_1_193' title='bbox 1197 2740 1208 2747; x_wconf 70' lang='grc'><strong><em>,</em></strong></span> 
     </span>
     <span class='ocr_line' id='line_1_26' title="bbox 85 2766 1102 2862; baseline -0.001 -20"><span class='ocrx_word' id='word_1_194' title='bbox 85 2779 210 2862; x_wconf 89' lang='grc' dir='ltr'><strong><em>τρίτον,</em></strong></span> <span class='ocrx_word' id='word_1_195' title='bbox 228 2770 282 2841; x_wconf 77' lang='grc' dir='ltr'><strong><em>ὅτε</em></strong></span> <span class='ocrx_word' id='word_1_196' title='bbox 300 2773 353 2840; x_wconf 83' lang='grc' dir='ltr'><strong><em>ἐπὶ</em></strong></span> <span class='ocrx_word' id='word_1_197' title='bbox 368 2773 667 2860; x_wconf 87' lang='grc' dir='ltr'><strong><em>Πεισιστρατιδέων</em></strong></span> <span class='ocrx_word' id='word_1_198' title='bbox 686 2771 834 2852; x_wconf 79' lang='grc' dir='ltr'><strong><em>ἐξέλασιν</em></strong></span> <span class='ocrx_word' id='word_1_199' title='bbox 846 2766 1051 2860; x_wconf 85' lang='grc' dir='ltr'><strong><em>ὁρμηθέντες</em></strong></span> <span class='ocrx_word' id='word_1_200' title='bbox 1066 2776 1102 2841; x_wconf 86' lang='grc' dir='ltr'><strong><em>έκ</em></strong></span> 
     </span>
     <span class='ocr_line' id='line_1_27' title="bbox 88 2870 1103 2964; baseline -0.002 -21"><span class='ocrx_word' id='word_1_201' title='bbox 88 2873 247 2964; x_wconf 89' lang='grc' dir='ltr'><strong><em>Σπάρτης</em></strong></span> <span class='ocrx_word' id='word_1_202' title='bbox 265 2872 443 2959; x_wconf 77' lang='grc' dir='ltr'><strong><em>ἀπίκοντο,</em></strong></span> <span class='ocrx_word' id='word_1_203' title='bbox 466 2876 625 2961; x_wconf 78' lang='grc' dir='ltr'><strong><em>τέταρτον</em></strong></span> <span class='ocrx_word' id='word_1_204' title='bbox 643 2872 681 2941; x_wconf 71' lang='grc' dir='ltr'><strong><em>δὲ</em></strong></span> <span class='ocrx_word' id='word_1_205' title='bbox 697 2872 788 2958; x_wconf 86' lang='grc' dir='ltr'><strong><em>τότε,</em></strong></span> <span class='ocrx_word' id='word_1_206' title='bbox 807 2870 863 2941; x_wconf 85' lang='grc' dir='ltr'><strong><em>ὅτε</em></strong></span> <span class='ocrx_word' id='word_1_207' title='bbox 881 2877 914 2953; x_wconf 88' lang='grc' dir='ltr'><strong><em>ές</em></strong></span> <span class='ocrx_word' id='word_1_208' title='bbox 928 2873 1103 2943; x_wconf 74' lang='grc' dir='ltr'><strong><em>Ἐλευσῖνα</em></strong></span> 
     </span>
     <span class='ocr_line' id='line_1_28' title="bbox 87 2973 1104 3064; baseline -0.003 -20"><span class='ocrx_word' id='word_1_209' title='bbox 87 2978 276 3064; x_wconf 86' lang='grc' dir='ltr'><strong><em>Κλεομένης</em></strong></span> <span class='ocrx_word' id='word_1_210' title='bbox 285 2975 378 3061; x_wconf 80' lang='grc' dir='ltr'><strong><em>ἄγων</em></strong></span> <span class='ocrx_word' id='word_1_211' title='bbox 386 2982 683 3061; x_wconf 89' lang='grc' dir='ltr'><strong><em>Πελοποννησίους</em></strong></span> <span class='ocrx_word' id='word_1_212' title='bbox 691 2975 838 3060; x_wconf 82' lang='grc' dir='ltr'><strong><em>ἐσέβαλε,</em></strong></span> <span class='ocrx_word' id='word_1_213' title='bbox 847 2973 1104 3061; x_wconf 79' lang='grc' dir='ltr'><strong><em>οὕτωτέταρτον</em></strong></span> 
     </span>
     <span class='ocr_line' id='line_1_29' title="bbox 92 3070 1145 3165; baseline -0.003 -20"><span class='ocrx_word' id='word_1_214' title='bbox 92 3079 165 3145; x_wconf 87' lang='grc' dir='ltr'><strong><em>τότε</em></strong></span> <span class='ocrx_word' id='word_1_215' title='bbox 185 3077 333 3161; x_wconf 86' lang='grc' dir='ltr'><strong><em>Δωριέες</em></strong></span> <span class='ocrx_word' id='word_1_216' title='bbox 354 3077 513 3163; x_wconf 80' lang='grc' dir='ltr'><strong><em>ἐσέβαλον</em></strong></span> <span class='ocrx_word' id='word_1_217' title='bbox 538 3079 571 3155; x_wconf 86' lang='grc' dir='ltr'><strong><em>ές</em></strong></span> <span class='ocrx_word' id='word_1_218' title='bbox 593 3075 746 3165; x_wconf 77' lang='grc' dir='ltr'><strong><em>Ἀθήνας.</em></strong></span> <span class='ocrx_word' id='word_1_219' title='bbox 790 3078 1024 3155; x_wconf 86' lang='grc' dir='ltr'><strong><em>Διαλυθέντος</em></strong></span> <span class='ocrx_word' id='word_1_220' title='bbox 1047 3070 1096 3144; x_wconf 78' lang='grc' dir='ltr'><strong><em>όν</em></strong></span> <span class='ocrx_word' id='word_1_221' title='bbox 1110 3084 1145 3141; x_wconf 87' lang='grc'><strong><em>77</em></strong></span> 
     </span>
     <span class='ocr_line' id='line_1_30' title="bbox 92 3174 1097 3262; baseline -0.001 -18"><span class='ocrx_word' id='word_1_222' title='bbox 92 3182 152 3245; x_wconf 86' lang='grc' dir='ltr'><strong><em>τοῦ</em></strong></span> <span class='ocrx_word' id='word_1_223' title='bbox 170 3175 291 3243; x_wconf 91' lang='grc' dir='ltr'><strong><em>στόλου</em></strong></span> <span class='ocrx_word' id='word_1_224' title='bbox 304 3176 427 3243; x_wconf 82' lang='grc' dir='ltr'><strong><em>τούτου</em></strong></span> <span class='ocrx_word' id='word_1_225' title='bbox 445 3174 572 3254; x_wconf 77' lang='grc' dir='ltr'><strong><em>ἀκλεῶς</em></strong></span> <span class='ocrx_word' id='word_1_226' title='bbox 587 3179 736 3245; x_wconf 81' lang='grc' dir='ltr'><strong><em>ἐνθαῦτα</em></strong></span> <span class='ocrx_word' id='word_1_227' title='bbox 749 3176 921 3262; x_wconf 76' lang='grc' dir='ltr'><strong><em>Ἀθηναῖοι</em></strong></span> <span class='ocrx_word' id='word_1_228' title='bbox 938 3182 1097 3244; x_wconf 85' lang='grc' dir='ltr'><strong><em>τίνυσθαι</em></strong></span> 
     </span>
     <span class='ocr_line' id='line_1_31' title="bbox 93 3272 1094 3363; baseline 0.001 -24"><span class='ocrx_word' id='word_1_229' title='bbox 93 3272 293 3363; x_wconf 86' lang='grc' dir='ltr'><strong><em>βουλόμενοι</em></strong></span> <span class='ocrx_word' id='word_1_230' title='bbox 308 3281 423 3358; x_wconf 77' lang='grc' dir='ltr'><strong><em>πρῶτα</em></strong></span> <span class='ocrx_word' id='word_1_231' title='bbox 442 3280 623 3361; x_wconf 87' lang='grc' dir='ltr'><strong><em>στρατηίην</em></strong></span> <span class='ocrx_word' id='word_1_232' title='bbox 638 3281 813 3341; x_wconf 80' lang='grc' dir='ltr'><strong><em>ποιεῦνται</em></strong></span> <span class='ocrx_word' id='word_1_233' title='bbox 834 3276 887 3341; x_wconf 75' lang='grc' dir='ltr'><strong><em>ἐπὶ</em></strong></span> <span class='ocrx_word' id='word_1_234' title='bbox 900 3274 1094 3351; x_wconf 85' lang='grc' dir='ltr'><strong><em>Χαλκιδέας.</em></strong></span> 
     </span>
     <span class='ocr_line' id='line_1_32' title="bbox 93 3366 1094 3453; baseline -0.004 -11"><span class='ocrx_word' id='word_1_235' title='bbox 93 3372 231 3442; x_wconf 79' lang='grc' dir='ltr'><strong><em>Βοιωτοὶ</em></strong></span> <span class='ocrx_word' id='word_1_236' title='bbox 243 3372 278 3437; x_wconf 74' lang='grc' dir='ltr'><strong><em>δὲ</em></strong></span> <span class='ocrx_word' id='word_1_237' title='bbox 289 3384 371 3438; x_wconf 78' lang='grc' dir='ltr'><strong><em>τοῖσι</em></strong></span> <span class='ocrx_word' id='word_1_238' title='bbox 385 3377 587 3439; x_wconf 80' lang='grc' dir='ltr'><strong><em>Χαλκιδεῦσι</em></strong></span> <span class='ocrx_word' id='word_1_239' title='bbox 609 3373 780 3453; x_wconf 86' lang='grc' dir='ltr'><strong><em>βωθέονσι</em></strong></span> <span class='ocrx_word' id='word_1_240' title='bbox 798 3372 850 3438; x_wconf 79' lang='grc' dir='ltr'><strong><em>ἐπὶ</em></strong></span> <span class='ocrx_word' id='word_1_241' title='bbox 859 3366 920 3436; x_wconf 84' lang='grc' dir='ltr'><strong><em>τόν</em></strong></span> <span class='ocrx_word' id='word_1_242' title='bbox 934 3367 1094 3452; x_wconf 77' lang='grc' dir='ltr'><strong><em>Εὔριπον.</em></strong></span> 
     </span>
    </p>
   </div>
   <div class='ocr_carea' id='block_1_3' title="bbox 88 3468 1097 3621">
    <p class='ocr_par' dir='ltr' id='par_1_3' title="bbox 88 3468 1097 3621">
     <span class='ocr_line' id='line_1_33' title="bbox 88 3468 1097 3621; baseline 0.001 -83"><span class='ocrx_word' id='word_1_243' title='bbox 88 3469 296 3557; x_wconf 88' lang='grc' dir='ltr'><strong><em>Ἀθηναίοισι</em></strong></span> <span class='ocrx_word' id='word_1_244' title='bbox 312 3468 347 3537; x_wconf 72' lang='grc' dir='ltr'><strong><em>δὲ</em></strong></span> <span class='ocrx_word' id='word_1_245' title='bbox 359 3475 468 3538; x_wconf 74' lang='grc' dir='ltr'><strong><em>(δοῦσι</em></strong></span> <span class='ocrx_word' id='word_1_246' title='bbox 481 3469 560 3550; x_wconf 76' lang='grc' dir='ltr'><strong><em>τοὺς</em></strong></span> <span class='ocrx_word' id='word_1_247' title='bbox 571 3470 723 3559; x_wconf 77' lang='grc' dir='ltr'><strong><em>βοηθοὺς</em></strong></span> <span class='ocrx_word' id='word_1_248' title='bbox 735 3473 826 3550; x_wconf 76' lang='grc' dir='ltr'><strong><em>ἔδοξε</em></strong></span> <span class='ocrx_word' id='word_1_249' title='bbox 836 3468 1002 3621; x_wconf 58' lang='grc' dir='ltr'><strong><em>πρότὲρον</em></strong></span> <span class='ocrx_word' id='word_1_250' title='bbox 1011 3483 1097 3539; x_wconf 72' lang='grc' dir='ltr'><strong><em>τοῖσι</em></strong></span> 
     </span>
    </p>
   </div>
   <div class='ocr_carea' id='block_1_4' title="bbox 0 0 1255 3925">
    <p class='ocr_par' dir='ltr' id='par_1_4' title="bbox 0 0 1255 3925">
     <span class='ocr_line' id='line_1_34' title="bbox 0 0 1255 3925; baseline 0 0"><span class='ocrx_word' id='word_1_251' title='bbox 0 0 1255 3925; x_wconf 95' lang='lat' dir='ltr'><strong><em> </em></strong></span> 
     </span>
    </p>
   </div>
  </div>
 </body>
</html>
