2500 3925
333 269 420 325 ΗΒ.
453 269 486 324 11.
523 267 622 324 CAP.
655 271 798 334 9245.
1008 264 1069 331 101

95 426 204 514 ἔρχεται
215 433 425 513 πιμπλασδαι
440 429 637 514 διηθέοντος
655 431 718 494 τοῦ
738 423 860 507 ὕδατος
875 429 911 497 έκ
930 435 992 498 τοῦ
1005 451 1071 496 πο-

93 530 194 610 ταμοῦ·
214 526 269 593 καί
288 521 407 619 αὐτίκα
425 549 462 593 τε
481 527 565 595 πλέα
584 530 712 609 γίνεται
733 528 856 610 ταῦτα,
885 529 939 595 καί
959 551 1070 612 παρα-

91 630 180 709 χρῆμα
204 623 335 710 ἰχθύων
357 631 511 713 σμικρῶν
534 629 719 712 πίμπλαται
746 623 864 694 πάντα.
906 626 1013 696 κόθεν
1033 626 1069 696 δὲ

91 718 165 800 οίκδς
191 718 315 799 αὐτούς
344 727 517 807 γίνεσθαι,
550 719 618 809 έγώ
639 745 708 807 μοι
741 723 848 789 δοκέω
877 725 1070 792 κατανοέειν

89 825 185 884 τοῦτο·
210 824 274 885 τοῦ
292 820 459 906 προτέρου
479 824 570 898 ἔτεος
595 815 699 888 έπεάυ
724 815 869 908 ἀπολίπη
893 817 912 889 ό
937 829 1069 904 Νεῖλος,

89 918 116 980 oc
125 914 230 1000 ίχδύες
250 919 286 982 ολ
303 915 496 994 ἐντεκόντες
509 913 559 1007 βά
579 917 613 995 ἐς
625 911 689 1000 τήν
702 913 781 984 ίλύυ
796 914 865 1003 ἅμα
878 924 924 1010 τῷ
946 918 1070 1008 έσχάτφ

88 1010 170 1081 ἀδατι
183 1010 471 1082 ἀπαλλάσσονται·
494 1010 598 1082 έπεάν
612 1012 649 1080 δὲ
663 1012 902 1100 περιελθόντος
915 1021 977 1083 τοῦ
989 1015 1070 1104 χρό-

88 1137 139 1180 νου
150 1114 247 1182 πόλιν
261 1115 388 1202 ἐπέλθῃ
400 1110 438 1180 τό
450 1111 556 1202 ύδωρ,
577 1115 615 1182 έκ
624 1119 694 1181 τών
705 1109 781 1205 βώυ
791 1113 923 1182 τούτων
935 1139 1070 1202 παραυ-

86 1220 146 1280 τίκα
157 1221 306 1300 γίνονται
320 1219 354 1281 ολ
364 1212 489 1300 ἰχθύες.
533 1215 590 1283 καλ
609 1216 687 1301 περὶ
706 1212 769 1300 μὲν
787 1209 867 1292 τούς
886 1219 985 1300 ἰχθῦς
1009 1213 1070 1282 ού-

84 1315 199 1397 τείχει.

150 1405 315 1496 Ἀλείφατι
335 1411 372 1478 δὲ
391 1413 546 1498 χρέονται
567 1415 765 1496 Λίγυπτίων
785 1414 911 1500 οἱπερὶ
931 1410 970 1480 τά
994 1413 1069 1479 ἕλεα
1084 1442 1116 1499 ρ,

85 1510 229 1588 οἰκέοντες
249 1506 317 1577 ἀπό
339 1516 407 1578 τῶν
426 1517 670 1598 σιλλικυπρίων
688 1516 752 1577 τοῦ
773 1517 921 1599 καρποῦ,
950 1506 988 1578 τό
1008 1536 1069 1577 κα-

86 1616 162 1676 λεῦσι
175 1611 237 1692 μὲν
250 1609 432 1692 Αἰγύπτιοι
447 1619 526 1691 κίκι,
546 1617 681 1678 ποιεῦσι
696 1612 732 1677 δὲ
747 1604 827 1678 ώδε·
842 1605 932 1692 παρά
947 1605 987 1677 τά
1002 1614 1071 1694 χεί-

79 1716 126 1777 λεα
140 1735 203 1778 των
227 1737 265 1778 τε
291 1734 453 1798 ποταμωυ
477 1711 535 1778 καλ
559 1714 629 1779 τών
656 1710 800 1798 λιμνέων
818 1715 1003 1800 ,σπείρουσι
1028 1710 1069 1780 τά

81 1809 271 1900 σιλλικύπρια
297 1816 421 1897 ταύτα,
447 1809 489 1878 τά
516 1813 554 1879 έν
577 1809 711 1898 Ἕλλησι
738 1807 908 1898 αὐτόματα
934 1810 1068 1898 φύεται·

81 1917 166 1979 ταῦτα
184 1914 221 1981 έν
243 1919 286 2002 τῇ
305 1913 466 2006 Αίγύπτφ
489 1915 694 2001 σπειρόμενα
714 1909 845 2001 καρπὸν
864 1911 959 1998 φέρει
981 1917 1064 1979 πολ-

80 2006 128 2076 λὰν
144 2014 218 2096 μὲν,
249 2012 405 2080 δυσώδεα
425 2015 478 2081 δέ·
503 2017 625 2080 τοῦτον
646 2007 749 2079 έπεάυ
770 2012 1008 2095 συλλέξωνται,
1035 2015 1067 2079 οί

78 2112 128 2192 μὲν
140 2111 301 2192 κόψαντες
318 2109 496 2196 ἀπιποῦσι,
521 2113 555 2177 οί
567 2110 603 2177 δέ
617 2112 673 2177 καὶ
688 2110 874 2196 φρύξαντες
887 2105 1065 2194 ἀπέψουσι,

79 2208 122 2272 καλ
134 2204 166 2273 τό
179 2204 351 2295 ἀπορρέον
366 2205 425 2275 ἀπ’
442 2206 548 2275 αὐτοῦ
562 2212 826 2294 συγκομίζονται.
857 2213 925 2276 ἔστι
940 2210 976 2276 δὲ
987 2220 1065 2275 πίον

77 2304 121 2371 καί
133 2302 231 2374 οὐδὲν
248 2308 350 2373 ἕσσον
366 2312 427 2374 τοῦ
443 2309 557 2374 έλαίου
574 2313 619 2396 τῷ
635 2306 746 2397 λύχνφ
760 2308 941 2392 προσηνές,
959 2300 1066 2390 ὀδμὴν

77 2402 106 2466 δὲ
122 2407 243 2491 βαρέαν
264 2413 449 2493 παρέχεται.
492 2406 586 2493 Πράς
609 2408 645 2474 δὲ
666 2403 745 2485 τούς
765 2406 928 2487 κώνωπας
950 2404 1066 2493 ἀφθό-
1081 2437 1115 2493 φς

76 2525 145 2580 υους
157 2500 274 2581 ἐόντας
288 2503 368 2571 τάδε
384 2511 448 2590 σφί
466 2508 534 2572 έστι
549 2507 815 2591 μεμηχανημένα.
853 2500 932 2583 τούς
949 2504 1011 2588 μὲν
1024 2499 1064 2569 τά

78 2595 135 2664 ἀνω
149 2608 215 2667 τῶν
231 2603 335 2670 ἑλέων
350 2604 519 2681 οἰκέοντας
533 2607 568 2671 οί
579 2603 705 2688 πύργοι
722 2599 916 2687 ὠφελέουσι,
933 2603 972 2680 ’ές
987 2596 1070 2677 τούς.

77 2692 302 2785 ἀναβαίνοντες
326 2704 534 2786 κοιμέονται·
567 2705 600 2769 ολ
624 2696 690 2785 γάρ
723 2698 881 2778 κώνωπες
904 2693 971 2765 ὑπό
998 2701 1066 2763 τών

79 2790 193 2881 ἀνέμων
215 2796 280 2867 οὐκ
301 2794 369 2867 οἷοί
381 2788 419 2866 ιε’
433 2804 497 2867 είσι
513 2796 603 2878 ὑψοῦ
618 2800 788 2864 πέτεσθαι.
823 2810 909 2863 τοῖσι
933 2795 970 2862 δὲ
989 2796 1066 2879 περὶ

77 2888 108 2957 ιά
125 2894 196 2962 ἕλεα
215 2897 365 2963 οἰκέουσι
385 2895 465 2963 τάδε
488 2892 562 2963 ἀντί
576 2902 644 2962 τών
663 2893 805 2981 πύργων
819 2889 904 2961 ἀλλα
917 2888 1065 2976 μεμηχά-

79 3015 171 3075 νηται·
200 3001 266 3073 πᾶς
281 2992 366 3081 ἀνὴρ
381 2992 494 3063 αὐτῶν
509 2992 762 3082 ἀμφίβληστρον
776 2991 937 3077 κέκτηται,
947 2996 993 3078 τῷ
1007 2995 1066 3075 τῆς

68 3091 125 3170 μὲν
143 3086 267 3179 ἡμέρης
293 3098 391 3178 ἰχθῦς
417 3091 569 3180 ἀγρεύει,
599 3091 661 3180 τὴν
682 3092 718 3160 δέ
741 3092 845 3159 νύκτα
869 3088 949 3158 τόδε
974 3086 1064 3177 αύτῷ

77 3193 191 3270 χρᾶται·
215 3190 253 3255 ἐν
267 3196 306 3278 τῇ
322 3187 528 3261 ἀναπαύεται
544 3197 648 3280 κοίτη,
671 3192 747 3275 περὶ
762 3186 888 3273 ταύτην
902 3188 1013 3271 ἵστησι
1026 3182 1064 3252 τό

77 3276 330 3373 ἀμφίβληστρον,
360 3290 414 3355 καὶ
438 3293 566 3357 ἔπειτεν
592 3286 691 3368 ἐνδύς
711 3285 771 3355 ὑπ’
791 3283 880 3376 αὐτῷ
902 3282 1064 3353 κατεύδει.

78 3383 103 3444 ολ
113 3384 144 3448 δὲ
160 3383 336 3471 κώνωπες,
363 3381 408 3472 ἢν
428 3388 490 3474 μὲν
505 3391 542 3457 έν
556 3393 674 3479 ίματίῳ
691 3383 933 3473 ἐνειλιξάμενος
949 3375 1066 3474 δῧὸβῆ

146 3510 242 3551 mon.
258 3496 277 3550 Ι.
889 3501 915 3551 ¹¹
