2500 3925
342 228 429 283 ΗΒ.
463 230 507 284 ΙΙΙ.
544 230 642 287 cAP.
679 238 819 293 19-23.
1031 232 1094 297 223

87 384 193 449 εἰδέναι
202 382 323 469 χάριν,
340 391 376 451 οἳ
387 381 452 452 οὐκ
464 386 518 453 έπί
529 385 615 454 νόον
625 386 792 473 τράπονσι
803 393 986 463 Αἰθιόπων
996 400 1091 465 παισὶ

84 485 140 565 γῆν
154 476 258 565 ἀλλην
279 489 517 568 προσκτᾶσθαι
542 491 584 571 τῇ
606 487 752 555 ἑωυτῶν.
803 494 914 558 Ταῦτα
937 494 973 559 δὲ
995 502 1090 572 είπας
1102 508 1138 564 ²2

83 581 129 644 καί
141 575 226 657 ἀνείς
242 577 283 647 τὸ
301 580 403 661 τόξον
416 584 593 668 παρέδωκε
607 598 694 651 τοίσι
708 582 840 671 ἥκουσι.
864 586 981 676 λαβών
997 592 1034 659 δὲ
1049 588 1084 659 τό

82 673 144 764 εἷμα
162 676 198 746 τό
216 681 422 768 πορφύρεον
445 684 585 769 εἰρώτα,
608 683 628 750 ὅ
643 710 674 751 τι
692 694 743 771 είη
765 688 821 754 καί
838 686 926 769 ὅκως
946 714 1087 777 πεποιη-

80 781 176 860 μένον.
197 780 387 851 ,εἰπάντων
410 781 447 849 δέ
474 789 546 849 τών
562 781 799 871 Ἰχθυοφάγων
837 782 900 873 τὴν
924 783 1087 875 ἀλήθειαν

79 880 210 964 περὶτῆς
233 881 418 968 πορφύρης
438 885 575 967 καὶτῆς
597 889 725 969 βαφῆς,
749 884 910 968 δολεροάς
927 891 990 973 μὲν
1006 889 1087 969 τοάς

79 974 272 1060 ἀνθρώπους
288 983 353 1064 ἔφη
369 977 466 1064 εἰναι,
482 978 605 1063 δολερὰ
622 980 660 1049 δέ
675 979 789 1049 αὐτῶν
799 982 840 1052 τά
853 988 979 1072 εἵματα.
1004 987 1084 1054 δεύ-

78 1102 143 1159 τερα
156 1079 191 1144 δὲ
204 1075 269 1144 τόν
284 1079 433 1164 χρύσεον
454 1079 576 1165 εἰρώτα
590 1078 757 1162 στρεπτόν
769 1080 831 1150 τόν
847 1088 1084 1170 περιαυχένιον

76 1180 121 1243 καί
140 1176 179 1243 τά
204 1180 317 1257 ψέλια.
354 1180 585 1265 ἐξηγεομένων
610 1178 648 1246 δέ
672 1186 741 1246 τών
762 1178 996 1268 Ἰχθυοφάγων
1020 1178 1082 1250 τόν

75 1275 187 1361 κόσμον
213 1274 332 1343 αὐτῶν
357 1277 501 1361 γελάσας
526 1274 544 1343 ὁ
572 1275 733 1364 βασιλεῦς
758 1280 814 1346 καί
834 1286 974 1365 νομίσας
996 1278 1085 1348 εἶναί

74 1394 148 1458 σφεα
165 1376 272 1453 πέδας
294 1372 382 1460 εἰπε,
407 1372 452 1452 ώς
474 1370 557 1460 παρ’
575 1377 731 1441 ἕωντοίσί
746 1380 809 1443 εἰσι
824 1374 1079 1464 ῥωμαλεώτεραι

73 1474 188 1542 τούτων
202 1477 315 1542 πέδαι.
339 1478 454 1561 τρίτον
469 1474 506 1540 δέ
522 1474 644 1556 εἰρώτα
658 1469 696 1543 τό
707 1475 835 1560 μάρου·
859 1476 1026 1543 εἰπόντων
1042 1472 1078 1541 δὲ

72 1578 118 1656 τῆς
136 1572 293 1659 ποιήσιος
316 1575 393 1658 πέρι
417 1574 474 1639 καί
494 1568 662 1657 ἀλείψιος,
689 1569 751 1640 τάν
766 1569 872 1639 αὐτόν
891 1573 996 1660 λόγον
1017 1570 1078 1639 τόν

72 1672 206 1756 καὶπερὶ
227 1676 294 1739 τοῦ
316 1673 451 1755 εἵματος
465 1667 545 1737 εἰπε.
576 1667 622 1747 ὡς
637 1668 674 1737 δὲ
694 1672 727 1749 ές
747 1668 808 1737 τόν
825 1670 920 1741 οἶνον
938 1670 1075 1739 ἀπίκετο

71 1770 115 1833 καί
127 1770 274 1859 ἐπύθετο
291 1764 398 1835 αὐτοῦ
412 1765 477 1854 την
492 1774 647 1854 ποίησιν,
669 1766 875 1855 ὑπερησθεὶς
891 1775 938 1860 τῷ
952 1768 1076 1853 πόματι

72 1868 220 1953 ἐπείρετο,
237 1864 260 1933 ὅ
276 1892 308 1932 τι
325 1892 361 1933 τε
376 1869 517 1933 σιτέεται
534 1864 553 1932 ό
569 1864 729 1954 βασιλεὺς
744 1869 799 1934 καὶ
809 1866 935 1952 χρόνον
950 1863 1075 1935 ὁκόσον

70 1966 268 2052 μακρότατον
284 1962 371 2052 ἀνὴρ
386 1971 520 2051 Πέρσης
542 1965 625 2047 ζώει.
650 1969 684 2033 οἰ
700 1962 736 2032 δέ
754 1969 923 2034 σιτέεσθαι
937 1964 1001 2051 μὲν
1013 1958 1075 2030 τόν

71 2064 157 2150 ἀριον
177 2065 281 2134 εἶπαν
296 2065 539 2150 ἐξηγησάμενοι
558 2071 629 2130 τών
645 2071 766 2151 πυρῶν
783 2063 846 2152 τὴν
866 2065 990 2151 φάσιν,
1013 2059 1074 2148 ὀγ-

70 2164 206 2232 δώκοντα
221 2160 256 2230 δ’
282 2169 355 2232 ἔτεα
371 2163 447 2252 ζόης
462 2162 627 2248 πλήρωμα
645 2158 744 2249 ἀνδρὶ
758 2163 970 2250 μακρότατον
986 2185 1072 2245 προ-

70 2266 198 2332 κέεσθαι.
230 2260 319 2350 πρὸς
339 2268 445 2329 ταῦτα
466 2259 485 2328 ὁ
503 2267 635 2341 Αἰθίοψ
656 2266 720 2348 ἔφη
743 2258 845 2330 οὐδὲν
866 2262 1070 2350 θωυμάζειν,

70 2366 93 2426 εἰ
108 2362 295 2447 σιτεόμενοι
316 2362 448 2446 κόπρον
467 2365 541 2428 ἔτεα
564 2356 661 2444 ὀλίγα
683 2358 821 2438 ζώουσι·
844 2357 923 2428 οὐδὲ
942 2359 1008 2446 γάρ
1026 2357 1070 2427 ἀν

68 2466 196 2528 τοσαῦτα
212 2459 389 2528 δύνασθαι
410 2458 507 2537 ζώειν
528 2461 650 2544 σφέας,
675 2462 706 2524 εἰ
724 2454 769 2543 μὴ
783 2463 831 2549 τῷ
847 2457 970 2544 πόματι
989 2453 1069 2525 ἀνέ-

70 2583 176 2647 φερον,
199 2559 342 2646 φράζων
362 2572 448 2626 τοῖσι
469 2555 725 2644 Ἰχθυοφάγοισι
744 2555 814 2625 τόν
827 2555 938 2624 οἶνον·
968 2564 1066 2625 τοῦτο

70 2653 120 2743 γάρ
135 2656 283 2736 ἕωυτοός
303 2654 371 2724 ὑπὸ
387 2660 548 2740 Περσέων
570 2659 765 2724 ἑσσοῦσθαι.
805 2653 1065 2744 Ἀντειρομένων
1080 2667 1115 2722 2³

70 2759 97 2822 δὲ
111 2756 165 2824 τόν
185 2762 329 2846 βασιλέα
349 2764 419 2825 τών
435 2755 671 2845 Ἰχθυοφάγων
689 2764 747 2844 τῆς
770 2755 844 2844 ζόης
865 2759 920 2825 καί
941 2762 1067 2845 διαίτης

70 2857 146 2942 πέρι,
168 2864 243 2926 ἔτεα
265 2857 328 2944 μὲν
349 2860 383 2936 ἐς
405 2867 514 2926 εἰκοσί
535 2885 572 2926 τε
595 2862 652 2926 καὶ
673 2856 793 2926 ἑκατόν
817 2857 896 2938 τούς
920 2857 1063 2938 πολλοὺς

70 2951 165 3022 αὐτόν
185 2955 427 3043 ἀπικνέεσθαι,
451 2954 679 3044 ὑπερβάλλειν
700 2960 741 3025 δέ
760 2980 854 3036 τινας
875 2958 1064 3042 καὶταῦτα,

71 3057 181 3137 σίτησιν
195 3057 234 3122 δὲ
249 3053 334 3122 εἰναι
352 3054 434 3140 κρέα
457 3051 549 3139 ἑφθά
570 3056 626 3121 καὶ
645 3055 737 3140 πόμα
757 3054 853 3140 γάλα.
905 3058 1007 3141 θῶμα
1028 3049 1070 3119 δέ’

70 3155 264 3238 ποιευμένων
285 3158 355 3219 τών
371 3152 595 3220 κατασκόπων
610 3156 687 3239 περὶ
707 3161 775 3219 τών
796 3152 896 3219 ἐτέων
913 3151 966 3218 έπί
980 3149 1062 3236 κρή-

71 3276 126 3336 νην,
134 3273 191 3340 σφι
205 3252 417 3342 ἡγήσασθαι,
436 3252 495 3321 ἀπ’
513 3247 554 3341 ἧς
565 3253 746 3341 λουόμενοι
757 3251 978 3339 λιπαρώτεροι
993 3254 1061 3338 έγί-

72 3375 171 3438 νοντο,
209 3350 356 3442 κατάπερ
387 3358 418 3420 εἰ
437 3356 553 3421 έλαίου
573 3363 641 3440 εἰη·
665 3352 753 3436 ὄζειν
767 3352 803 3419 δὲ
818 3349 877 3420 ἀπ’
895 3350 996 3437 αὐτῆς
1017 3348 1061 3432 ὡς

74 3459 95 3519 εἰ
106 3458 169 3520 ἰαν.
192 3449 336 3531 ἀσθενὲς
351 3452 388 3520 δέ
401 3449 440 3521 τό
457 3452 552 3540 ὕδωρ
567 3462 625 3541 τῆς
639 3452 764 3540 κρήνης
777 3451 899 3538 ταύτης
916 3450 1005 3520 οὕτω
1019 3451 1062 3537 δη’
