2500 3925
353 235 501 293 malm
536 233 633 291 cAP.
666 236 808 293 θέλ-87.
1020 230 1086 297 259

94 398 172 476 ἔλεξε
185 404 329 479 Δαρείος
347 395 445 464 τάδε·
474 399 636 480 Οίβαρες,
655 388 737 479 ἡμῖν
754 396 907 461 δέδοκται
927 394 1003 479 περὶ
1021 401 1082 481 τῆς

96 500 253 580 βασιληίης
272 496 400 562 ποιέειν
414 489 499 562 κατὰ
518 490 617 575 τάδε,
639 488 718 559 ὅτευ
738 485 783 559 ἀν
799 487 818 559 ὁ
835 494 936 573 ἵππος
950 500 1081 578 πρῶτος

96 594 264 679 φθέγξηται
289 591 358 679 ἅμα
383 599 431 683 τῳ
451 588 535 683 ἡλίῳ
549 586 682 657 ἀνιόντι
697 586 811 657 αύτῦν
830 590 1082 678 έπαναβεβηκό-

95 714 167 774 τον,
182 697 305 759 τοῦτον
320 686 484 778 ἔχειντὴν
497 694 685 775 βασιληίην.
715 695 782 757 νῦν
797 680 847 757 άν
862 698 895 757 εί
910 716 987 757 τινα
1001 694 1083 777 έχεις

91 797 217 877 σοφίην,
244 796 403 878 μηχανέο,
427 816 471 867 ις
495 784 539 855 ἀν
558 786 654 876 ἡμεῖς
669 796 800 877 σχῶμεν
815 794 914 857 τοῦτο
928 786 966 856 τό
983 790 1083 877 χέρας

90 893 137 957 καί
154 888 197 977 μὴ
223 888 325 970 ἀλλος
340 918 399 970 τις.
425 888 609 977 Ἀμείβεται
625 891 774 977 Οίβάρης
788 894 914 959 τοισίδε
955 896 998 959 El
1019 890 1083 979 μέν

90 984 141 1073 δὴ,
157 980 183 1055 ό
196 991 359 1074 δέσποτα,
377 990 415 1056 έν
429 988 539 1077 τούτῳ
552 996 608 1056 τοί
615 991 684 1057 έστι
697 986 721 1076 ἢ
734 990 873 1077 βασιλέα
888 987 974 1058 εἶναι
988 984 1011 1077 ἢ
1025 984 1082 1077 μὴ,

87 1089 203 1179 θάρσεε
217 1090 344 1158 τούτου
360 1092 490 1158 εἵνεκεν
504 1092 560 1158 καί
569 1086 687 1176 θυμόν
702 1095 754 1177 έχε
768 1087 913 1177 ἀγαθόν,
926 1088 970 1169 ὡς
983 1097 1081 1178 βασι-

87 1184 155 1267 λεῦς
174 1185 287 1266 οὐδεὶς
307 1186 407 1266 ἀλλος
427 1185 493 1275 πρό
518 1195 579 1255 σεῦ
600 1194 706 1257 έσται·
742 1198 879 1259 τοιαῦτα
904 1194 967 1277 έχω
992 1188 1083 1277 φάρ-

87 1312 174 1373 μακα.
207 1290 311 1375 Λέγει
324 1297 486 1374 Δαρεῖος·
518 1294 562 1357 Ec
575 1294 695 1357 τοίνυν
716 1314 747 1357 τι
768 1296 899 1357 τοιοῦτο
921 1296 1003 1377 ίχεις
1023 1289 1083 1358 σό-

87 1405 201 1472 φισμα,
220 1385 293 1474 έόρη
307 1395 522 1474 μηχανᾶσθαι
537 1392 593 1456 καί
614 1386 659 1476 μή
682 1386 952 1477 ἀναβάλλεσθαι,
967 1388 1012 1471 όις
1025 1399 1083 1477 τῆς

86 1488 235 1576 ἐπιούσης
260 1485 386 1576 ἡμέρης
410 1486 430 1556 ὁ
454 1486 549 1576 ἀγύν
568 1486 652 1577 ἡμίν
667 1490 743 1557 έστί.
771 1486 932 1569 Ἀκούσας
945 1488 1082 1559 ταῦταὸ

86 1586 226 1675 Οἰβάρης
240 1588 348 1656 ποιέει
360 1585 511 1656 τοιόνδε·
535 1585 580 1667 ὡς
596 1590 723 1674 έχίνετο
738 1585 759 1676 ἡ
773 1588 851 1676 νύξ,
865 1596 935 1657 τῶν
947 1594 1083 1677 θηλέων

84 1690 187 1753 ἵππων
218 1692 319 1773 μίαν,
343 1683 408 1773 τὴν
432 1685 619 1771 ὁΔαρείου
644 1689 745 1765 ἵππος
771 1693 903 1776 ἔστεργε
929 1689 1082 1776 μάλιστα,

84 1785 200 1873 ταύτην
214 1781 357 1872 ἀγαγάιν
370 1786 404 1862 ές
417 1781 456 1851 τό
470 1782 674 1869 προάστειον
689 1788 848 1872 κατέδησε
868 1784 924 1853 καλ
939 1787 1083 1873 ἐπήγαγε

84 1882 137 1950 τόν
150 1888 306 1970 Δαρείου
319 1884 441 1969 ἵππον,
470 1884 525 1950 καί
546 1882 588 1951 τὰ
609 1886 673 1972 μὲν
693 1883 801 1953 πολλὰ
821 1891 960 1972 περιῆγε
980 1882 1083 1972 ἀγχοῦ

84 1992 118 2071 τῇ
130 1985 240 2074 ἵππῳ,
259 1985 468 2069 ἐγχρίμπτων
483 1988 525 2071 τῇ
535 1984 661 2071 θηλέῃ,
677 1985 769 2062 τέλος
784 1983 821 2052 δὲ
835 1987 936 2070 έπῆκε
950 1979 1085 2070 ὀχεῦσαι

84 2080 138 2149 τόν
158 2085 277 2149 ἵππον.
306 2078 378 2167 ”Δμ’
403 2079 512 2170 ἡμέρη
540 2080 577 2149 δέ
601 2081 842 2171 διαφωσκούσῃ
867 2087 903 2150 οἵ
924 2087 975 2168 ἐξ,
1001 2078 1126 2152 κατάθδ

85 2178 325 2265 συνεθήκαντο,
342 2187 500 2266 παρῆσαν
511 2176 565 2248 ἐπὶ
575 2187 644 2247 τῶν
654 2183 784 2248 ἵππων·
800 2181 1084 2262 διεξελαυνόντων

85 2275 202 2345 δὲκατά
213 2275 253 2344 τὸ
262 2280 474 2364 προάστειον,
488 2275 533 2355 ὡς
543 2275 627 2344 κατά
638 2285 738 2347 τοῦτο
745 2277 782 2346 τό
789 2285 913 2366 χωρίον
921 2275 1084 2365 ἐγίνοντο,

83 2378 133 2441 ἵνα
145 2384 204 2462 τῆς
218 2377 465 2463 παροιχομένης
478 2372 603 2454 νυκτός
616 2379 809 2445 κατεδέδετο
820 2373 840 2463 ἡ
852 2375 961 2463 θήλεα
971 2379 1083 2458 ἵππος,

83 2469 226 2541 ἐνθαῦτα
241 2471 261 2542 ὁ
274 2480 425 2561 Δαρείου
438 2477 541 2552 ἵππος
554 2471 782 2561 προσδραμδν
796 2471 998 2561 ἐχρεμέτισε·
1014 2468 1083 2556 ἅμα

83 2573 114 2641 δὲ
136 2583 182 2666 τῷ
209 2578 303 2666 ἵππῳ
330 2581 430 2641 τοῦτο
452 2573 630 2662 ποιήσαντι
648 2571 799 2662 ἀστραπὴ
817 2571 850 2654 ἐξ
870 2578 1005 2661 αίθρίης
1027 2572 1083 2638 καί

82 2675 198 2765 βροντὴ
222 2673 373 2762 ἐγένετο,
389 2673 612 2762 ἐπιγενόμενα
633 2675 670 2744 δὲ
684 2681 848 2765 ταῦτατῷ
862 2677 998 2762 Δαρείῳ
1012 2666 1084 2739 ἐτε-

83 2778 179 2843 λέωσέ
202 2801 279 2861 μιν,
305 2771 418 2859 ὥσπερ
446 2771 483 2842 ἐκ
506 2778 678 2842 συνθέτου
703 2799 763 2842 τευ
782 2772 963 2860 γενόμενα·
993 2773 1028 2837 οί
1046 2767 1083 2834 δὲ

84 2875 323 2963 καταθορόντες
333 2869 400 2941 ἀπό
412 2880 482 2940 τῶν
491 2876 606 2940 ἵππων
616 2872 847 2960 προσεκύνεον
857 2869 917 2939 τὸν
923 2879 1080 2953 Δαρείου.

161 2978 208 3042 OC
219 2975 282 3060 μὲν
298 2973 341 3061 δή
356 2993 440 3059 φασι
456 2969 519 3040 τὸν
534 2971 683 3062 Οἰβάρεα
697 2979 801 3039 ταῦτα
815 2969 1081 3059 μηχανήσασθαι.
1095 2989 1131 3043 ⁸7

84 3073 112 3137 οί
123 3072 157 3138 δέ
169 3071 285 3140 τοιάδε
309 3072 381 3161 (καὶ
396 3070 463 3159 γάρ
483 3068 538 3140 ἐπ’
565 3069 741 3158 ἀμφότερα
755 3073 885 3157 λέγεται
910 3065 977 3135 ὑπὸ
992 3073 1082 3147 Περ-

84 3175 192 3257 σέων),
220 3169 265 3250 ὡς
288 3178 348 3259 τῆς
366 3174 473 3240 ἵππου
497 3171 621 3257 ταύτης
642 3178 710 3239 τῶν
731 3169 874 3255 ἀρθρων
895 3163 1081 3244 ἐπιψαύσας

83 3272 211 3356 τῇχειρλ
225 3275 293 3357 ἔχοι
304 3268 413 3358 αῦιῆν
423 3269 556 3354 κρύψας
567 3266 605 3337 ἐν
615 3275 690 3358 τῇσι
700 3265 893 3351 ἀναξυρίσι·
906 3287 951 3340 ις
966 3261 1002 3330 δέ
1013 3258 1082 3346 ἅμα

83 3376 122 3457 τῷ
146 3367 229 3461 ἡλίῳ
254 3367 388 3440 ἀνιόντι
412 3367 574 3438 ἀπίεσθαι
598 3373 732 3456 μέλλειν
753 3361 833 3442 τούς
849 3364 991 3448 ἵππους,
1020 3369 1081 3430 τόν

86 3466 225 3554 Οἰβάρεα
238 3472 362 3535 τοῦτον
379 3464 549 3554 ἐξείραντα
561 3463 626 3553 τὴν
640 3477 733 3550 χεῖρα
752 3457 837 3546 πρὸς
855 3464 1080 3609 τρβᾼαρείου
