2500 3925
182 232 246 294 ³60
561 234 813 294 HERODOTI

180 394 284 485 λόγον
298 401 387 466 σιτία
408 400 442 464 οί
463 396 621 463 ἐνιαυτοῦ
642 400 898 484 καταλείπουσι,
924 394 1021 467 αῦτοί
1043 399 1079 467 δέ
1099 394 1167 465 ἀνα-

181 492 319 581 χθέντες
334 496 372 563 ἐκ
385 501 444 581 τῆς
457 492 567 581 νήσου
580 495 637 560 καί
649 491 844 580 γλιχόμενοι
849 495 1028 581 Αίγόπτου
1042 503 1166 574 ἔπλωον,

180 588 431 680 ἀποφερόμενοι
453 588 628 679 ἀπηλιώτη
650 586 775 679 ἀνέμῳ.
808 596 865 660 καί
890 591 932 661 οῦ
953 594 1020 683 γὰρ
1034 592 1116 663 ἀνίει
1138 592 1167 660 τό

178 700 328 779 πνεῦμα,
346 688 529 778 Ἡρακλέας
546 689 669 777 στήλας
684 692 961 776 διεκπερήσαντες
975 691 1130 763 ἀπίκοντο
1142 697 1166 770 ές

182 786 394 879 Ταρτησσὸν,
426 794 507 878 θείη
530 795 647 876 πομπῇ
675 788 860 875 χρεόμενοι.
894 789 932 860 τό
959 791 997 861 δέ
1024 790 1167 879 ἐμπόριον

177 897 276 957 τοῦτο
290 880 336 975 ήν
349 884 522 974 ἀκήρατον
531 891 655 953 τοῦτον
667 882 728 953 τόν
741 884 884 973 χρόνον,
900 885 986 956 ὥστε
995 885 1167 973 ἀπονοστή-

177 1007 295 1066 σαντες
319 977 415 1053 οῦτοι
437 980 543 1053 ὀπίσω
560 983 699 1071 μέγιστα
721 981 941 1071 δήἙλλήνεεν
963 986 1167 1055 ιιάντωντώυ
1211 1067 1212 1075 ¹

175 1084 271 1176 ήμεῖς
288 1082 460 1174 ἀτρέκειαν
478 1087 575 1170 ίδμεν
590 1084 628 1150 ἐκ
649 1089 799 1169 φορτίων
818 1086 1019 1173 ἐκέρδησαν,
1043 1086 1122 1172 μετά
1137 1110 1167 1206 γε
1210 1083 1212 1226 ή

175 1184 382 1306 Σώστρατον
404 1181 466 1252 τόν
486 1182 728 1271 Λαοδάμαντος
748 1186 949 1273 Αίγινήτήν·
982 1188 1092 1281 τοῦτφ
1115 1186 1212 1274 γὰρ

175 1280 239 1353 οῦκ
254 1276 310 1351 οίά
323 1284 360 1350 τέ
372 1285 441 1352 ἐστι
458 1286 565 1368 ἐρίσαι
587 1282 700 1353 ἀλλον.
724 1289 759 1354 οί
771 1286 808 1355 δέ
818 1286 946 1376 Σάμιοι
959 1288 1022 1377 τήν
1039 1291 1168 1375 δεκάτην

172 1394 241 1454 τῶν
264 1387 462 1472 ἐπικερδίων
483 1384 651 1465 ἐξελόντες
670 1390 704 1467 ἐξ
718 1387 865 1456 τάλαντα
882 1389 1084 1479 ἐποιήσαντο
1102 1400 1212 1478 χαλ

173 1486 270 1572 κήιου
295 1490 459 1572 κρητήρος
483 1481 681 1572 Ἀργολικοῦ
707 1484 852 1573 τρόπον,
886 1490 981 1575 πέριξ
1008 1492 1047 1558 δέ
1077 1487 1169 1559 αῦτοῦ
1211 1539 1212 1544 .

172 1593 314 1675 γρυπῶν
328 1587 472 1673 κεφαλαί
485 1586 696 1674 πρόκροσσοί
706 1592 787 1673 είσι,
816 1589 872 1656 καί
887 1585 1066 1677 ἀνέθηκαν
1089 1592 1122 1668 ἐς
1138 1583 1168 1654 τὸ

164 1683 328 1770 Ἥραιον,
350 1680 600 1772 ὑποστήσαντες
614 1680 706 1774 αὐτῷ
719 1697 809 1769 τρεῖς
821 1686 982 1771 χαλκέους
996 1682 1169 1761 κολοσσοὺς

173 1782 394 1871 ἑπταπήχεας,
412 1796 498 1851 τοῖσι
508 1780 653 1868 γούνασι
669 1784 934 1870 ἐρηρεισμένους.
957 1790 1170 1870 Κυρηναίοισι
1210 1819 1212 1858 η

172 1886 210 1953 δὲ
235 1886 290 1951 καί
307 1889 484 1974 Θηραίοισι
510 1883 543 1960 ἐς
557 1887 712 1968 Σαμίους
736 1879 803 1950 ἀπὸ
832 1881 958 1951 τοῦτον
987 1889 1051 1949 τοῦ
1080 1887 1170 1971 ἔργον
1211 1923 1212 1926 =

107 1991 156 2046 153
170 1993 285 2072 πρῶτα
314 1993 423 2073 φιλίαι
437 1984 580 2071 μεγάλαι
601 1984 873 2072 συνεκρήθησαν.
919 1989 964 2054 Oi
980 1985 1018 2052 δέ
1024 1992 1170 2108 Θηραῖοι
1210 2018 1211 2057 ι

171 2088 279 2153 ἐπείτε
311 2081 372 2152 τόν
386 2083 566 2171 Κορώβιον
579 2081 764 2161 λιπόυτες’
746 2108 784 2150 ευ
804 2089 845 2172 τῇ
861 2081 955 2173 νήσφ
970 2077 1131 2149 ἀπίκοντο
1144 2080 1211 2154 ές

170 2178 232 2268 τήν
249 2178 383 2268 Θήρην,
415 2176 676 2266 ἀπήγγελον,”
647 2205 692 2258 ως
712 2200 775 2266 σφι
798 2189 849 2266 είη
869 2186 972 2266 νῆσος
992 2181 1048 2247 ἐπί
1066 2177 1170 2266 Λιβύη

170 2284 354 2370 ἐκτισμένη.
382 2287 558 2369 Θηραίοισι
572 2283 608 2348 δὲ
624 2282 702 2349 ἕαδε
715 2278 884 2367 αδελφεον
893 2306 930 2348 τε
940 2277 987 2348 ἀπ
985 2275 1211 2366 ’ἀδελφεοῦ

170 2384 314 2467 πέμπειν
329 2378 424 2470 πώλῳ
445 2380 606 2466 λαχόντα,
632 2377 722 2449 καῖ’
702 2377 769 2447 απὸ
791 2386 861 2447 τών
880 2379 1001 2466 χώραν
1017 2377 1209 2448 ἀπόντων

171 2476 251 2548 ἑπτά
268 2479 395 2549 ἐόντων
415 2478 559 2568 ἀνδρας,
581 2479 668 2548 εἶναι
688 2482 728 2548 δέ
747 2499 862 2566 σφεων
883 2485 938 2548 καὶ
954 2477 1107 2568 ἡγεμόνα
1121 2480 1170 2546 καί
1208 2428 1210 2541 ἐ

168 2581 307 2666 βασιλέα
326 2580 465 2649 Βάττου.
497 2579 586 2647 οῦτοι
608 2576 650 2666 δή
675 2580 849 2648 στέλλουσι
869 2578 933 2646 δόο
954 2577 1208 2663 πεντηκοντέ-

169 2703 250 2764 ρους
265 2683 297 2758 ἐς
314 2677 376 2766 τήν
389 2681 553 2748 Πλατέαν.
1207 2632 1209 2739 ἐ

103 2795 152 2852 154
256 2784 368 2846 Ταῦτα
390 2779 428 2846 δέ
452 2788 593 2866 Θηραῖοι
623 2784 777 2869 λέγουσι,
805 2780 847 2849 τά
877 2779 909 2849 δ’
934 2784 1090 2851 ἐπίλοιπα
1114 2789 1170 2850 τοῦ
1206 2806 1207 2873 η

167 2874 274 2963 λόγου
291 2878 522 2965 συμφέρονται
542 2877 606 2966 ήδη
624 2889 765 2967 Θηραῖοι
785 2888 1019 2969 Κυρηναίοισι.
1060 2889 1170 2966 Κυρή-
1206 2878 1208 2937 ί

167 2989 257 3043 ναῖοι
283 2973 350 3062 γάρ
375 2973 417 3043 τά
438 2981 514 3063 περὶ
530 2978 662 3045 Βάττον
689 2978 844 3066 οὐδαμῶς
869 2978 1091 3067 ὁμολογέουσι
1104 2988 1170 3064 Θή·
1205 3018 1206 3053 2

167 3080 299 3157 ραίοισι.
321 3077 457 3161 λέγουσι
471 3075 536 3162 γάρ
552 3074 658 3143 οῦτοι
671 3079 949 3166 έστιτήςΚρήτης
960 3077 1055 3160 Ἀξός
1068 3079 1167 3161 πόλις,
1205 3074 1207 3135 ἕ

166 3172 204 3237 ἐν
224 3197 265 3258 τη
250 3170 432 3256 ἐγένετο’
431 3178 593 3260 Ετέαρχος
603 3174 778 3263 βασιλεῦς,
805 3174 842 3255 ῦς
852 3180 906 3246 ἐπί
922 3176 1104 3267 θυγατρδ’
1086 3176 1169 3264 ιμή-

166 3289 255 3352 τορι,
281 3274 321 3354 τῇ
338 3268 469 3356 οῦυομιι
489 3265 533 3357 ήν
545 3279 717 3361 Φρονίμη,
743 3279 796 3344 ἐπί
817 3277 924 3367 ταότη
945 3285 1049 3366 ἔγημε
1068 3278 1168 3362 ἀλλην

164 3375 318 3448 γυναῖκα.
343 3392 365 3450 η
353 3362 417 3434 δέ
432 3371 661 3438 ἐπεσελθοῦσα
675 3375 828 3443 ἐδικαίου
845 3375 930 3444 είυαι
952 3382 1009 3445 καί
1025 3403 1072 3468 τῳ
1058 3381 1168 3464 ’έργφ

163 3458 308 3599 μητρυιὴ
324 3487 364 3550 τη
380 3472 549 3554 Φρονίμη,
575 3472 769 3556 παρέχουσά
788 3500 824 3542 τε
846 3474 933 3544 κακά
951 3481 1009 3546 καί
1029 3485 1097 3546 πῦν
1112 3469 1165 3544 ἐπ’
