2500 3925
208 243 274 308 308
589 248 843 307 HERODOTI

213 413 348 498 δέτεροι.
371 407 392 496 ἡ
407 411 520 496 μέντοι
534 410 635 486 ἵππος
648 403 670 495 ἡ
682 412 886 496 Μαρδονίον
898 412 965 477 αίεὶ
976 412 1193 496 προσεκέετό
1203 439 1220 478 ο

212 513 266 580 καὶ
284 511 402 586 ἐλύπεε
415 505 679 594 τούςἝλληυας·
702 511 736 575 οί
746 504 812 594 γάρ
822 513 977 594 Θηβαῖοι,
991 506 1057 576 ότε
1074 515 1220 596 μηδιζον

212 635 265 689 τες
281 607 448 695 μεγάλως,
477 606 665 730 προθύμως
684 611 810 728 ἔφερον
829 601 892 673 τόν
910 604 1069 694 πόλεμον
1094 612 1159 678 καλ
1179 616 1220 677 αλλ

212 711 412 797 κατηγέοντο
426 712 521 796 μέχρι
535 706 659 794 μάχης,
673 731 712 774 το
700 701 797 774 δέ’
777 702 843 774 από
854 705 980 774 τούτου
990 709 1220 795 παραδεκόμε

213 837 266 880 νοι
283 809 409 897 Πέρσαι
430 833 466 876 τε
489 809 544 876 καὶ
560 811 676 895 Μῆδοι
696 806 785 893 μάλα
804 811 906 875 ἐσκον
926 813 962 875 οἳ
981 805 1219 877 ἀπεδείκνυντο

212 908 340 998 ἀρετάς.

167 1024 193 1076 λλ
295 1006 463 1092 Μέχρι’
420 1033 482 1092 μεν
496 1032 561 1074 νυν
581 1013 650 1074 τῶν
664 1006 745 1074 δέκα
761 1000 914 1094 ἡμερέων
928 935 1036 1073 ούδέν
1053 1007 1119 1074 ἐπὶ
1133 1011 1219 1074 πλεύι

210 1111 338 1193 ἐγίνετο
358 1107 506 1192 τούτων,
529 1103 573 1184 ὡς
594 1107 632 1172 δὲ
647 1104 807 1191 ἑνδεκάτη
828 1104 983 1190 ἐγεγόνεε
997 1102 1123 1194 ἡμέρη
1146 1104 1218 1173 ύντι-

210 1206 423 1292 κατημένοισι
436 1207 473 1272 ἐν
479 1209 676 1292 Πλαταιῇσι,
689 1204 766 1270 οἵτε
776 1199 819 1289 δη
825 1199 983 1288 Ἕλληνες
993 1213 1124 1296 πολλῷ
1135 1211 1218 1284 πλεῖν

212 1333 266 1388 νες
277 1305 487 1392 ἐγεγόνεσαν,
498 1306 553 1371 καλ
566 1300 763 1384 Μαρδόνιος
777 1304 992 1390 περιημέκτεε
1004 1310 1050 1390 τῇ
1061 1305 1164 1394 ἕδρη.
1181 1307 1216 1371 ἐν

209 1414 321 1478 θαύτα
342 1408 375 1485 ἐς
395 1403 517 1490 λόγους
530 1396 642 1491 ἦλθον
666 1401 861 1486 Μαρδόνιός
881 1427 917 1469 τε
937 1398 955 1468 ό
973 1405 1161 1490 Γωβρύεω
1182 1408 1215 1470 τό

207 1505 402 1594 Ἀρτάβαζος
414 1501 431 1571 ὁ
445 1501 651 1589 Φαρνάκεος,
663 1497 701 1580 ὃς
711 1503 749 1567 ἐν
759 1498 900 1587 ὀλίγοισι
906 1505 1076 1588 Περσέων
1087 1496 1140 1591 ἦν
1150 1501 1214 1588 ἀνὴρ

211 1605 347 1691 δόκιμος
358 1599 449 1688 παρὰ
455 1605 568 1690 Ξέρξη.
582 1601 842 1688 βουλευομένων
853 1600 891 1669 δέ
900 1603 974 1670 αἵδε
984 1595 1086 1689 η’σαν
1097 1609 1141 1672 αί
1148 1610 1215 1690 γνό

209 1731 284 1792 μαι,
301 1698 400 1792 ἡμὲν
411 1698 629 1788 Ἀρταβάζου,
648 1696 693 1778 ὡς
706 1695 816 1787 χρεόν
831 1709 881 1787 εἴη
896 1697 1161 1784 ἀναζεύξαντας
1173 1705 1214 1790 τηε·

209 1807 363 1890 ταχίστην
384 1799 493 1868 πάντα
511 1797 571 1868 τόν
589 1796 735 1885 στρατόν
754 1802 841 1868 ίέναι
859 1803 892 1878 ἐς
909 1799 946 1869 τό
968 1816 1084 1889 τεῖχος
1109 1803 1150 1872 τό
1165 1815 1211 1888 Θη

209 1906 331 1989 βαίων,
347 1904 434 1969 ἐνθα
449 1897 542 1969 σῖτόν
557 1901 596 1967 τέ
609 1917 670 1985 σφι
685 1901 914 1986 ἐσενηνεῖχθαι
929 1898 1064 1970 πολλόν
1080 1906 1144 1972 καλ
1153 1903 1212 1989 χόρ

208 2026 268 2069 τον
288 2014 372 2067 τοῖσι
392 1997 615 2087 ὑποζυγίοισι,
637 1995 711 2066 κατ’
736 1996 878 2085 ἡσυχίην
894 2025 929 2066 τε
949 2003 1140 2086 ίζομένους
1159 2009 1212 2071 διτ-

208 2098 418 2187 πρήσσεσδαι
440 2105 619 2177 ποιεῦντας
633 2096 741 2181 τάδε,
754 2104 842 2183 ἐχειν
855 2094 920 2185 γάρ
941 2099 1077 2184 χρυσόν
1102 2102 1211 2169 πολλὸι

207 2199 270 2286 μὲν
284 2199 457 2283 ἐπίσημον,
472 2194 600 2264 πολλόν
611 2196 647 2265 δέ
659 2198 714 2263 καλ
728 2194 871 2281 ἄσημον,
885 2192 1014 2263 πολλόν
1030 2198 1071 2265 δέ
1092 2203 1153 2268 καλ
1170 2200 1207 2283 άρ

206 2295 315 2382 γυρόν
336 2318 371 2361 τε
392 2296 447 2361 καλ
464 2293 657 2380 ἐκπόματα·
682 2292 813 2362 τούτων
828 2296 1055 2381 φειδομένους
1078 2300 1210 2385 μηδενός

207 2396 406 2481 διαπέμπειν
427 2394 460 2472 ἐς
480 2390 559 2471 τούς
574 2388 753 2479 Ἕλληνας,
773 2388 943 2479 Ἑλλήνων
962 2390 1000 2459 δέ
1021 2394 1212 2479 μάλισταές

205 2492 285 2574 τούς
300 2500 526 2583 προεστεῶτας
540 2494 577 2559 ἐν
593 2498 669 2580 τῇσι
682 2491 807 2577 πόλισι,
823 2494 878 2558 καλ
893 2494 1014 2578 ταχέως
1033 2499 1150 2581 σφέας
1163 2522 1208 2563 ιιι·

207 2592 373 2678 ραδιόσειν
392 2587 455 2677 τὴν
477 2593 693 2677 ἐλευθερίην,
721 2591 805 2675 μηδὲ
825 2586 1121 2663 ἀνακινδυνεύειν
1141 2617 1208 2681 συμ·

206 2690 401 2778 βάλλοντας.
424 2688 547 2756 τούτου
558 2690 620 2775 μέν
634 2684 735 2773 νυνὴ
750 2684 833 2774 αύτη
850 2690 977 2775 ἐγίνετο
988 2692 1047 2760 καλ
1060 2702 1208 2783 Θηβαία

205 2788 333 2876 γνύμη,
351 2783 395 2865 ὡς
411 2787 604 2869 προειδότος
619 2793 727 2857 πλεῦν
740 2814 772 2854 τι
789 2788 844 2854 καλ
858 2786 993 2872 τούτου,
1009 2796 1207 2878 Μαρδονίον

205 2890 241 2957 δέ
255 2886 450 2973 ἰσχυροτέρη
465 2908 500 2951 τε
520 2887 575 2953 καλ
592 2883 869 2975 ἀγνωμονεστέρη
885 2887 939 2953 καὶ
954 2884 1123 2975 οὐδαμῶς
1139 2915 1206 2978 συγ

203 2984 445 3073 γινωσκομένη.
468 2986 598 3053 δοκέειν
611 3011 647 3053 τε
662 2982 727 3071 γάρ
741 2991 854 3075 πολλῷ
870 2989 1039 3070 κρέσσονα
1055 2987 1205 3078 εἶναιτὴν

205 3083 371 3167 σφετέρην
391 3078 550 3168 στρατιὴν
569 3090 628 3171 τῆς
642 3082 851 3170 Ἑλληνικῆς,
873 3083 1089 3169 συμβάλλειν
1113 3119 1151 3161 τε
1162 3091 1205 3177 την

203 3184 358 3265 ταχίστην
372 3178 455 3266 μηδὲ
465 3188 629 3269 περιορᾶν
643 3183 909 3269 συλλεγομένους
923 3188 971 3251 ἔτι
986 3193 1192 3271 πλεῦνας
1155 3219 1204 3259 τοι

203 3278 487 3364 συλλελεγμένων,
502 3306 543 3346 τα
554 3306 588 3347 τε
600 3280 729 3401 σφάγια
739 3279 779 3348 τά
792 3279 1063 3367 Ηγησιστράτου
1075 3291 1141 3357 ἐᾶν
1150 3300 1203 3377 χαλ-

203 3399 276 3458 ρειι
291 3374 374 3459 μηδὲ
391 3376 582 3464 βιάζεσθαι,
611 3376 696 3445 ἀλλὰ
716 3378 864 3471 νόμφ
834 3406 879 3447 τω
865 3386 1061 3464 Περσέων
1080 3355 1214 3477 χρεομέλ

156 3487 190 3539 42
205 3494 286 3549 νους
300 3470 516 3560 συμβάλλειν.
541 3475 673 3544 Τούτου
685 3476 779 3543 δέ“
736 3502 826 3545 ουτω
837 3481 1084 3560 δικαιεῦντος
1062 3491 1201 3555 αντελ
1166 3513 1201 3573 εγ
