2500 3925
262 246 266 250 ’
367 276 454 332 τιε.
484 278 514 336 ιι.
548 277 646 334 σοι.
681 285 820 341 ιι-ιι.
1055 273 1115 342 123

110 439 185 501 τίνα
199 440 356 519 γλώσσαυ
369 434 506 524 πρώτην
521 432 697 524 ἀπήσουσι.
730 435 804 508 ἀλλ’
821 439 899 511 οὔτε
910 445 1116 530 Αἰγυπτίους

112 533 217 600 δοκέω
235 530 304 619 ἅμα
325 541 371 625 τῷ
386 542 497 603 Δέλτα
513 541 559 626 τῷ
579 532 641 602 ὑπ’
661 534 785 605 Ἰώνων
807 542 998 632 καλεομένῳ
1019 541 1115 626 γενέ-

110 646 208 722 σθαι,
232 641 300 704 αἰεί
326 659 363 703 τε
391 633 530 716 εἰναιέξ
558 627 602 703 ού
625 633 822 724 ἀνθρώπων
846 643 944 726 γένος
970 643 1113 726 ἐγένετο,

109 732 294 821 προιούσης
316 732 352 801 δὲ
369 739 428 820 τῆς
447 733 557 823 χώρης
577 733 724 816 πολλούς
745 739 807 825 μὲν
830 737 910 818 τούς
930 735 1114 807 ὑπολειπο-

110 833 232 917 μένους
246 828 360 900 αὐτῶν
373 835 551 920 γενέσθαι,
578 830 725 913 πολλούς
740 837 776 904 δέ
791 836 870 917 τούς
887 835 1114 924 ὑποκαταβαίν

109 957 238 1009 νοντας.
273 929 312 998 τδ
334 930 367 999 δ’
393 925 443 1000 ών
462 933 566 1001 πύλαι
586 937 622 1001 αἰ
637 940 745 1022 Θῆβαι
761 943 932 1023 Αἰγυπτος
950 937 1112 1020 ἐκαλέετο,

107 1038 166 1118 τῆς
189 1027 226 1097 τδ
250 1035 451 1117 περίμετρον
471 1030 605 1099 στύδιοί
622 1035 697 1100 εἰσι
712 1042 817 1103 εἰκοσι
836 1037 893 1102 καί
917 1031 1037 1103 ἑκατὸν
1058 1036 1113 1102 καί

107 1131 327 1214 ἑξακισχίλιοι.
372 1135 416 1196 Εἰ
436 1121 486 1197 ών
506 1125 603 1216 ἡμεῖς
624 1125 738 1216 ὀρθῶς
765 1134 840 1218 περὶ
869 1129 982 1201 αὐτῶν
1008 1131 1114 1220 γινώ-
1129 1145 1161 1200 16

106 1251 249 1314 σκομεν,
262 1224 379 1306 Ἴωνες
395 1225 459 1296 ούκ
474 1220 514 1295 εὖ
531 1231 715 1315 φρονέουσι
732 1233 809 1316 περί
822 1228 1013 1316 Αἰγύπτου·
1032 1236 1062 1299 εἰ
1077 1230 1114 1298 δὲ

106 1327 196 1416 ὀρθή
210 1330 278 1396 ἐστι
296 1323 317 1414 ἡ
331 1334 400 1395 τών
412 1325 537 1398 Ἰώνων
549 1330 678 1415 γνώμη,
692 1327 856 1417 Ἕλληνάς
870 1356 906 1398 τε
919 1334 975 1399 καί
989 1327 1113 1410 αύτούς

98 1433 216 1510 Ἴωνας
245 1426 467 1518 ἀποδείκνυμι
492 1428 555 1499 ούκ
581 1433 822 1518 ἐπισταμένους
847 1437 1053 1519 λογίζεσθαι,
1080 1433 1115 1498 οἵ

105 1552 188 1619 φασι
211 1534 288 1615 τρία
312 1528 414 1617 μόρια
441 1527 526 1597 εἶναι
553 1537 619 1616 γῆν
644 1537 772 1616 πᾶσαν,
801 1525 973 1618 Εὐρώπην
996 1554 1032 1597 τε
1058 1531 1113 1596 καί

100 1630 215 1717 Ἀσίην
232 1630 288 1695 καὶ
303 1627 460 1715 Λιβύην.ι
485 1631 644 1714 τέταρτον
663 1627 729 1714 γοίρ
745 1645 850 1714 σφεας
866 1632 919 1696 δεῖ
929 1630 1111 1712 προσλογί-

105 1736 220 1811 ζεσθαι
238 1726 415 1813 Αἰγύπτου
428 1723 467 1795 τδ
481 1728 608 1813 Δέλτα,
633 1733 663 1795 εἰ
684 1727 766 1814 μήτε
787 1727 828 1813 γέ
846 1729 914 1794 ἐστι
930 1733 988 1812 τῆς
1004 1723 1114 1811 Ἀσίης

103 1827 185 1916 μήτε
205 1832 266 1914 τῆς
286 1823 433 1914 Λιβύης·
467 1823 508 1893 ού
527 1822 593 1911 γάρ
618 1822 659 1913 δὴ
682 1822 699 1893 6
724 1823 848 1902 Νεῖλός
874 1831 913 1909 γέ
937 1826 1006 1891 έστι
1029 1819 1112 1890 κατὰ

104 1933 226 1994 τούτου
252 1920 314 1993 τὸν
338 1922 441 2011 λόγον
467 1920 485 1991 6
510 1920 574 2010 τὴν
593 1919 708 2011 Ἀσίην
730 1919 874 2010 οὐρίζων
893 1929 951 2009 τῆς
972 1918 1110 2008 Λιβύης.

103 2033 163 2093 τοῦ
187 2026 301 2095 Δέλτα
331 2026 367 2092 δὲ
391 2023 514 2091 τούτου
538 2020 622 2090 κατά
649 2020 686 2090 τό
713 2018 773 2102 ὀξύ
801 2017 1066 2107 περιρρήγνυται
1092 2015 1110 2087 6

101 2136 242 2213 Νεῖλος,
274 2126 358 2194 ώστε
380 2128 484 2215 ἐντῷ
505 2122 628 2210 μεταξύ
647 2122 756 2210 Ἀσίης
776 2147 811 2191 τε
832 2124 887 2189 καὶ
907 2119 1036 2209 Λιβύης
1057 2126 1111 2206 γί-

101 2254 176 2295 υοιτ
211 2254 265 2294 αν.

184 2327 252 2394 Καὶ
266 2320 328 2411 τὴν
343 2324 404 2409 μὲν
415 2319 538 2394 Ἰώνωυ
553 2323 693 2411 γνώμην
708 2319 864 2409 ἀπίεμεν,
885 2317 979 2410 ἡμείς
995 2318 1030 2388 δὲ
1046 2310 1113 2387 ώδέ
1126 2327 1157 2385 17

83 2454 144 2516 ,κη
161 2427 240 2511 περὶ
257 2422 387 2491 τούτων
414 2427 571 2511 λέγομεν,
599 2432 774 2510 Αἰγύπτου
800 2422 862 2508 μὲν
889 2427 1000 2487 πᾶσαν
1026 2417 1111 2487 εἰναι

99 2521 231 2609 ταύτην
244 2518 308 2607 τὴν
322 2518 383 2589 ὑπ’
406 2528 603 2608 Αἰγυπτίων
619 2523 815 2607 οἰκεομένην
849 2518 996 2605 κατάπερ
1014 2524 1111 2585 Κιλι-

99 2630 179 2709 κίην
198 2617 263 2707 τὴν
283 2616 351 2687 ύπό
373 2626 523 2689 Κιλίκων
542 2622 598 2689 καί
617 2618 799 2706 Ἀσσυρίην
818 2616 882 2707 τὴν
901 2614 968 2686 ὑπὸ
991 2615 1110 2685 Ἀσσυ-

100 2729 203 2808 ρίων,
229 2717 373 2807 οὔρισμα
396 2719 432 2787 δὲ
454 2717 546 2809 Ἀσίη
566 2724 621 2788 καί
638 2718 750 2809 Λιβύη
769 2724 909 2806 οἰδαμεν
931 2714 1032 2786 οὐδέν
1053 2714 1110 2785 έὸν

101 2818 197 2910 ὀρθῷ
211 2815 302 2909 λόγῳ
318 2822 348 2885 εἰ
360 2815 405 2905 μὴ
420 2817 501 2897 τούς
515 2825 710 2907 Αἰγυπτίων
722 2817 862 2904 οὔρους·
891 2824 921 2887 εἰ
935 2820 970 2887 δὲ
987 2824 1033 2909 τῷ
1047 2812 1106 2885 ὑπ’

97 2914 267 3005 Ἑλλήνων
294 2922 524 3010 νενομισμένῳ
551 2917 762 3006 χρησόμεθα,
795 2920 973 3004 νομιοῦμεν
1000 2926 1109 3002 Αἰγυ-

101 3042 185 3085 πτον
206 3023 320 3084 πᾶσαν
336 3014 525 3105 ἀρξαμένην
546 3014 612 3085 ἀπὸ
635 3017 869 3085 Καταδούπων
889 3042 924 3084 τε
945 3016 1000 3083 καί
1020 3011 1108 3081 ’EI-e-
1120 3080 1133 3099 „

101 3124 265 3203 φαντίνης
286 3117 403 3197 πόλιος
420 3122 497 3205 δίχα
518 3119 726 3207 διαιρέεσθαι
748 3120 803 3187 καὶ
824 3116 1024 3204 ἀμφοτέρων
1040 3122 1109 3183 τῶν

101 3218 322 3304 ἐπωνυμιέων
342 3223 494 3304 ἔχεσθαι·
526 3214 567 3285 τά
587 3220 650 3305 μὲν
671 3215 735 3306 γάρ
751 3214 853 3303 αὐτῆς
875 3212 959 3283 εἶναι
973 3220 1030 3301 τῆς
1045 3221 1109 3283 Αι-

100 3316 202 3406 βύης,
225 3313 267 3384 τὰ
284 3316 320 3385 δὲ
334 3322 391 3402 τῆς
402 3314 519 3404 Ἀσίης
558 3313 576 3385 6
593 3314 659 3404 γάρ
675 3314 715 3403 δὴ
733 3322 854 3394 Νείλος
872 3312 1056 3403 ἀρξάμενος
1071 3316 1107 3382 ἐκ

99 3424 168 3485 τῶν
182 3416 417 3485 Καταδούπων
438 3418 506 3506 ῥέει
526 3419 632 3505 μέσην
649 3426 824 3504 Αἰγυπτον
845 3421 964 3503 σχίζων
986 3419 1018 3496 ές
1038 3416 1108 3485 θά·

101 3526 239 3587 λασσσν.
284 3519 378 3605 μέχρι
401 3520 463 3621 μέν
487 3544 554 3586 νυν
575 3516 803 3605 Κερκασώρου
828 3515 944 3593 πόλιος
967 3515 1036 3601 δέει
1061 3508 1108 3592 εἰς
