2500 3925
353 239 442 295 ΗΒ.
473 239 518 296 vl.
555 236 656 294 GAP.
690 241 832 294 19-24.
1056 231 1102 301 69

91 423 172 490 σαν,
187 399 254 472 σὺν
270 402 309 469 δέ
318 419 379 488 σφι
394 403 574 483 Μιλησίων
590 398 624 463 οί
638 393 888 480 ἐκπεφευγότες.
918 394 972 466 Ἐν
987 388 1015 488 ᾦ
1028 423 1099 464 τοι-
1113 412 1148 466 2³
1228 393 1231 401 ’

90 502 171 570 όνδε
182 499 224 588 δή
238 526 271 567 τι
285 498 465 585 συνήνεικε
475 495 653 582 γενέσθαι·
674 492 800 579 Σάμιοι
811 490 877 581 γάρ
888 495 1101 581 κομιζόμενοι
1236 503 1241 507 ’

91 604 124 680 ές
143 604 304 684 Σικελίην
325 599 476 683 ἐγίνοντο
495 595 532 661 έν
545 601 707 679 Λοκροῖσι
728 605 814 659 τοῖσι
830 589 1100 679 Ἐπιζεφυρίοισι,

90 704 145 768 καί
156 705 337 785 Ζαγκλαῖοι
351 693 450 764 αὐτοί
456 719 493 762 τε
503 693 559 760 καί
571 688 590 759 ὁ
601 686 760 778 βασιλεύς
771 687 894 774 αὐτῶν,
909 695 956 780 τςό
970 687 1100 776 οὔνομα

91 791 134 885 ἦν
142 795 294 878 Σκύθης,
302 792 517 881 περικατέατο
531 789 633 858 πόλιν
643 793 872 856 τύνΣικελῶν
883 789 1006 867 ἐξελεῖν
1016 795 1101 876 βον-

91 895 236 977 λόμενοι,
255 888 378 978 μαθων
389 891 426 959 δέ
436 895 540 958 ταῦτα
552 884 710 973 ὁῬηγίον
719 884 886 971 τύραννος
896 883 1099 972 Ἀναξίλεως,

90 991 175 1060 ἀστε
186 991 251 1061 έοάν
259 990 334 1060 τότε
343 989 503 1079 διάφορος
512 1003 598 1059 τοῖσι
605 993 835 1074 Ζαγκλαίοισι,
845 991 1008 1076 συμμίξας
1014 1004 1103 1058 τοῖσι

89 1099 248 1180 Σαμίοισι
256 1090 445 1179 ἀναπείθει,
455 1085 617 1179 ύςχρεύν
625 1098 676 1176 είη
684 1086 801 1177 Καλὴν
810 1087 995 1177 μένάκτήν,
1004 1088 1051 1158 ἐπ’
1059 1087 1103 1176 ἣν

92 1193 240 1276 ἔπλωον,
256 1191 316 1259 έάν
329 1197 467 1280 χαίρειν,
480 1187 545 1277 την
559 1192 595 1258 δὲ
605 1189 763 1277 Ζάγκλην
776 1205 868 1277 σχελν
884 1193 1008 1260 έοῦσαν
1022 1193 1101 1279 έρῆ-

91 1313 157 1374 μον
173 1286 318 1378 ἀνδρῶν.
346 1293 561 1377 πειθομένων
582 1287 618 1355 δὲ
636 1294 704 1354 τῶν
720 1296 861 1375 Σαμίων
880 1293 936 1357 καὶ
950 1291 1100 1378 σχόντων

91 1382 153 1472 τὴν
164 1386 321 1476 Ζάγκλην
336 1392 484 1458 ἐνθαῦτα
500 1393 534 1456 οί
542 1395 723 1473 Ζαγκλαῖοι
739 1384 784 1467 ὦς
798 1387 968 1457 ἐπύθοντο
985 1392 1100 1476 έχομέ

91 1510 156 1570 νην
171 1511 234 1570 την
248 1496 349 1556 πολιν
363 1513 515 1573 εωυτων,
541 1483 693 1572 έβύθεον
712 1485 797 1577 αὕτη
811 1493 867 1556 καί
881 1491 1099 1558 ἐπεκαλέοντο

86 1578 305 1666 Ἱπποκράτεα
320 1585 381 1652 τὸν
394 1589 500 1672 Γέλης
515 1585 703 1672 τύραννον·
724 1576 770 1670 ἦν
783 1586 848 1668 γὰρ
866 1581 909 1674 δή
925 1604 987 1671 σφι
1001 1577 1101 1664 ούτος

92 1679 272 1766 σύμμαχος.
307 1677 422 1750 ’έπείτε
443 1684 480 1752 δέ
496 1679 626 1752 αὐτοῖσι
642 1686 697 1752 καὶ
717 1679 966 1770 όἹπποκράτης
981 1679 1046 1751 σύν
1060 1688 1101 1770 τῇ

92 1785 228 1868 στρατιῇ
241 1770 302 1867 ἧκε
327 1777 490 1868 βυθίων,
504 1781 652 1868 Σκύθην
669 1780 735 1867 μέν.
747 1779 808 1849 τόν
823 1781 1019 1869 μούναρχον
1031 1787 1101 1849 τῶν

90 1883 288 1962 Ζαγκλαίων
299 1876 343 1959 ὡς
355 1878 569 1970 ἀποβαλόντα
583 1877 646 1969 τὴν
660 1881 761 1950 πόλιν
777 1878 1025 1971 όἹπποκράτης
1040 1905 1101 1948 πε-

91 1975 209 2063 δήσας,
226 1975 357 2047 καὶτὸν
377 1977 545 2066 ἀδελφεόν
559 1977 666 2048 αὐτοῦ
679 1984 898 2068 Πυθογένεα,
921 1983 955 2060 ές
962 1979 1101 2049 Ἴνυκον

90 2078 192 2145 πόλιν
207 2074 396 2167 ἀπέπεμψε,
416 2078 496 2161 τούς
509 2082 547 2149 δέ
565 2080 706 2161 λοιπούς
721 2088 929 2168 Ζαγκλαίους
945 2088 1101 2149 κοινολο-

89 2178 278 2267 γησάμενος
290 2194 375 2251 τοῖσι
387 2187 547 2268 Σαμίοισι
557 2183 612 2250 καί
625 2180 749 2268 ὅρκους
763 2179 845 2259 δούς
854 2182 910 2249 καὶ
922 2179 1101 2266 δεξόμενος

90 2280 268 2364 προέδωκε.
296 2278 420 2366 μισθός
435 2282 475 2351 δέ
486 2284 521 2351 ol
535 2273 580 2367 ἦν
600 2284 774 2367 εἰρημένος
787 2277 845 2349 ὅδε
860 2275 927 2347 ύπό
944 2284 1012 2347 τῶν
1027 2284 1101 2345 Σα-

90 2384 193 2464 μίων,
214 2377 352 2449 πόντων
365 2388 434 2449 τῶν
449 2384 599 2449 ἐπίπλων
614 2382 669 2447 καί
684 2376 909 2467 ἀνδραπόδων
924 2375 964 2446 τά
980 2373 1101 2465 ἡμίσεα

90 2483 206 2562 λαβείν
219 2484 287 2545 τῶν
302 2482 339 2547 έν
355 2488 395 2569 τῇ
408 2480 504 2566 πόλι,
524 2476 565 2547 τά
582 2475 613 2546 δ’
631 2480 685 2545 ε’πί
698 2483 767 2545 τῶν
782 2475 898 2563 ἀγρῶν
911 2475 1020 2544 πάντα
1030 2471 1102 2540 Ἱπ-

91 2576 260 2664 ποκράτεα
269 2581 458 2667 λαγχάνειν.
471 2578 551 2659 τούς
557 2579 619 2667 μέν
628 2578 668 2665 δὴ
676 2584 823 2657 πλεῦνας
829 2584 898 2645 τῶν
904 2581 1102 2663 Ζαγκλαίων

91 2673 192 2755 αὐτὸς
213 2678 252 2745 έν
265 2676 491 2767 ἀνδραπόδων
511 2682 600 2772 λόγῳ
619 2677 683 2764 εἶχε
702 2678 821 2766 δήσας,
842 2674 922 2757 τούς
939 2679 976 2745 δὲ
996 2702 1101 2764 κορυ-

91 2779 213 2861 φαίους
233 2774 347 2845 αὐτόν
367 2787 580 2866 τριηκοσίους
594 2782 698 2847 έδωκε
718 2792 804 2847 τοῖσι
818 2784 977 2864 Σαμίοισι
997 2802 1101 2845 κατα-

91 2872 224 2958 σφάξαι.
248 2872 290 2942 ού
309 2876 424 2962 μέντοι·
438 2881 522 2965 οἵγε
538 2878 665 2964 Σάμιοι
679 2879 967 2964 έποίησανταῦτα.
1004 2874 1101 2944 Σκύ-
1115 2882 1149 2937 24

89 2983 157 3058 θης
173 2972 209 3040 δέ
230 2969 247 3041 ό
263 2980 332 3041 τῶν
347 2984 545 3063 Ζαγκλαίων
561 2976 753 3064 μούναρχος
767 2978 804 3043 έκ
819 2982 877 3062 τῆς
894 2971 1029 3044 Ἰνύκου
1045 2974 1102 3039 έκ-

91 3071 260 3159 διδρησκει
275 3075 307 3151 ές
323 3070 472 3163 Ἱμέρην,
493 3078 529 3143 ἐκ
547 3078 583 3143 δὲ
597 3075 720 3163 ταύτης
734 3081 846 3163 παρῆν
861 3076 894 3151 ές
909 3069 972 3157 τὴν
987 3068 1101 3154 Ἀσίην

90 3171 146 3238 καί
154 3166 256 3257 ἀνέβη
267 3169 357 3259 παραὶ
366 3177 504 3262 βασιλέα
510 3184 668 3263 Δαρεῖον.
680 3179 740 3242 καί
747 3200 806 3260 μιν
817 3171 951 3258 ἐνόμισε
957 3180 1102 3253 Δαρεῖος

90 3269 228 3337 πάντων
245 3266 382 3358 ἀνδρῶν
394 3272 607 3342 δικαιότατον
621 3272 718 3360 εἶναι,
735 3271 810 3343 ὅσοι
825 3274 861 3339 έκ
876 3277 935 3356 τῆς
943 3266 1101 3345 Ἑλλάδος

90 3366 172 3458 παρ’
184 3366 312 3439 έωντόν
323 3368 501 3461 ἀνέβησαν.
519 3376 575 3443 καὶ
584 3371 651 3461 γάρ
662 3370 952 3462 παραιτησόμενος
963 3368 1103 3456 βασιλέα

90 3471 124 3548 ές
132 3473 291 3557 Σικελίην
302 3466 437 3541 ἀπίκετο
449 3474 504 3541 καὶ
511 3466 607 3552 αὖτις
613 3475 651 3540 έκ
662 3474 720 3559 τῆς
726 3474 883 3556 Σικελίης
893 3464 999 3537 ὀπίσω
1011 3462 1101 3555 παρὰ
