2500 3925
166 225 208 292 ⁸48
544 225 800 286 HERODOTI

165 391 309 477 αίρέετο,
330 381 494 475 ἀνεχώρεε
514 387 551 456 δὲ
567 380 674 453 ο’πίσω
690 387 723 464 ές
736 378 897 472 Σίγειον,
913 381 952 452 τὸ
975 381 1042 478 εἷλε
1055 387 1175 453 Πεισί-

166 507 305 574 στρατος
319 491 418 575 αἰχμή
438 478 529 570 παρά
546 489 808 570 Μυτιληναίων,
832 482 999 572 κρατήσας
1017 485 1054 553 δέ
1068 482 1179 553 αύτοῦ

166 587 344 673 κατέστησε
354 585 525 673 τύραννον
537 581 622 651 εἶναι
633 587 736 651 παῖδα
746 581 808 651 τδν
815 587 942 652 ἑωυτοῦ
952 585 1063 655 νόθον
1071 583 1166 674 Ἠγη

166 690 360 773 σίστρατου,
375 683 538 771 γεγονότα
555 684 589 762 ἐξ
600 680 748 768 Ἀργείης
763 681 943 771 γυναικὸς,
957 681 995 763 ὃς
1009 682 1072 752 ούκ
1087 682 1177 770 ἀμα-

165 783 239 871 χητὶ
262 781 326 869 εἶχε
344 779 385 850 τά
404 783 572 869 παρέλαβε
592 777 684 868 παρά
704 781 958 869 Πεισιστράτου.
994 785 1179 870 έτολέμεον

165 880 232 969 γάρ
243 886 280 949 έκ
290 905 326 948 τε
337 877 523 966 Ἀχιλληίου
534 877 651 957 πόλιος
663 875 864 964 ὁρμεύμενοι
881 882 937 948 καὶ
942 889 1082 967 Σιγείου
1092 881 1177 971 χρό-

165 1007 229 1049 νον
251 981 304 1049 έπλ
325 976 452 1066 συχνὸν
467 986 698 1066 Μυτιληναῖοί
714 1005 751 1047 τε
772 982 829 1049 καλ
846 978 1035 1068 Ἀθηναῖοι,
1061 987 1096 1051 οί
1112 983 1178 1069 μὲν

167 1081 379 1160 ἀπαιτέοντες
393 1077 455 1168 τήν
468 1081 598 1167 χύρην,
613 1078 787 1167 Ἀθηναῖοι
802 1084 839 1150 δὲ
853 1080 930 1150 ούτε
942 1083 1177 1169 συγγινωσκό-

167 1205 280 1267 μενοι,
304 1175 566 1258 ἀποδεικνύντες
582 1205 618 1246 τε
639 1178 729 1271 λόγῳ
750 1176 852 1248 οὐδὲν
871 1187 1000 1266 μᾶλλον
1014 1185 1177 1249 Αἰολεῦσι

166 1275 286 1365 μετεὸν
299 1283 357 1366 τῆς
368 1273 507 1356 Ἰλιάδος
526 1273 674 1366 χάρηςή
692 1276 735 1346 ού
753 1280 809 1346 καὶ
828 1282 995 1365 σφίσικαὶ
1011 1292 1096 1346 τοῖσι
1113 1276 1178 1346 ἀλ-

166 1385 265 1462 λοισι,
279 1373 354 1445 ὅσοι
363 1374 533 1464 Ἑλλήνων
544 1377 795 1464 συνεπρήξαντο
803 1380 963 1469 Μενέλεω
974 1375 1033 1456 τάς
1041 1375 1178 1464 Ἑλένης

118 1493 153 1550 95
168 1472 330 1562 ἁρπαγάς.
352 1473 596 1562 Πολεμεύντων
611 1479 652 1544 δέ
661 1495 777 1563 σφεων
787 1490 930 1546 παντοία
940 1480 996 1545 καὶ
1006 1475 1091 1546 ἀλλα
1100 1479 1178 1563 έγέ-

165 1599 242 1642 νετο
253 1575 291 1640 έν
300 1579 376 1662 τήσι
387 1573 618 1662 μάχησι,ένδέ
629 1569 670 1658 δή
682 1576 738 1642 καὶ
748 1570 1076 1663 Ἀλκαλοςὸποιητής
1088 1594 1178 1661 συμ-

166 1680 268 1763 βολῆς
291 1673 474 1759 γενομένης
497 1675 553 1740 καὶ
575 1668 756 1739 νικεόντων
773 1669 964 1760 Ἀθηναίων
988 1671 1089 1752 αὐτὸς
1113 1675 1176 1759 μέν

167 1772 307 1859 φεύγων
320 1771 494 1858 ἐκφεύγει,
510 1768 552 1840 τά
569 1775 608 1841 δέ
620 1775 655 1840 οί
667 1767 755 1840 ὅπλα
769 1781 900 1859 ἴσχουσι
910 1770 1101 1859 Ἀθηναῖοι,
1119 1778 1179 1840 καί

166 1894 253 1960 σφεα
265 1870 497 1959 ἀνεκρέμασαν
508 1869 594 1959 πρὸς
604 1869 642 1940 τό
654 1869 838 1959 Ἀθήναιον
847 1869 885 1940 τδ
896 1875 1075 1964 ένΣιγείφ.
1092 1877 1178 1939 ταύ-

166 2000 206 2042 τα
224 1972 261 2041 δὲ
278 1966 431 2052 Ἀλκαίος
442 1976 479 2041 έν
492 1977 587 2058 μέλει
599 1973 741 2060 ποιήσας
756 1976 902 2042 ἐπιτιθεῖ
912 1977 945 2053 ές
960 1973 1177 2061 Μυτιλήνην,

166 2070 445 2159 ἐξαγγελλόμενος
455 2068 492 2141 τὸ
500 2072 967 2163 έωωτοῦπάθοςΜελανίππφ
979 2070 1077 2158 ἀνδρὶ
1088 2074 1179 2139 έταί-

167 2197 224 2260 ρφ.
263 2175 517 2256 Μυτιληναίους
535 2171 571 2238 δὲ
586 2172 642 2239 καὶ
659 2167 861 2257 Ἀθηναίους
877 2170 1059 2259 κατήλλαξε
1071 2176 1177 2259 Περί-

167 2276 290 2359 ανδρος
307 2269 325 2340 ὁ
343 2274 520 2353 Κυψέλου·
547 2274 657 2364 τούτῳ
676 2272 742 2362 γάρ
760 2279 910 2364 διαιτητῇ
930 2276 1178 2364 έπετράποντο’

166 2370 348 2458 κατήλλαξε
362 2374 399 2439 δέ
415 2364 497 2457 τάδε,
514 2376 677 2459 νέμεσθαι
691 2374 868 2461 ἑκατέρους
881 2371 944 2460 τήν
957 2379 1078 2461 έχουσι.
1111 2378 1180 2442 Σύ·

118 2492 153 2549 96
167 2497 261 2559 γειον
276 2472 338 2558 μέν
353 2498 419 2539 νυν
435 2470 524 2540 οὕτω
540 2472 670 2558 ἐγένετο
684 2468 744 2541 ὑπ’
758 2469 976 2559 Ἀθηναίοισι.
998 2470 1125 2558 Ἱππίης
1141 2474 1179 2539 δέ

166 2578 275 2643 ἐπείτε
302 2571 438 2643 ἀπίκετο
453 2576 545 2643 έκ
504 2600 563 2662 της
573 2578 825 2660 Λακεδαίμονος
837 2569 918 2651 ές
883 2599 946 2659 την
960 2570 1089 2658 Ἀσίην,
1107 2578 1179 2639 πᾶν

165 2676 274 2759 χρῆμα
290 2673 343 2740 έκί
328 2678 412 2758 ίνεε,
435 2671 628 2761 διαβάλλων
647 2698 684 2740 τε
704 2668 784 2751 τούς
795 2668 997 2757 Ἀθηναίους
1017 2668 1102 2758 πρὸς
1116 2664 1180 2737 τὸν

162 2770 387 2894 Ἀρταφέρνεα
402 2774 458 2839 καλ
479 2769 647 2839 ποιέων”
624 2794 773 2857 απαντα,
797 2795 884 2848 οκως
905 2774 943 2838 αί
957 2767 1099 2856 Ἀθήναι
1118 2792 1180 2853 γε-

165 2867 317 2940 νοίατο*
299 2894 348 2938 υπ
353 2867 499 2959 ’ἑωυτφ
516 2894 551 2936 τε
571 2872 627 2939 καὶ
643 2876 787 2961 Δαρείφ.
815 2866 944 2956 Ιππίης
963 2894 999 2936 τε
1015 2866 1056 2955 δή
1071 2870 1179 2934 ταῦτα

167 2979 327 3061 ἔπρησσε,
341 2971 444 3039 καὶ
410 2996 427 3038 ο
429 2965 624 3056 λἈθηναίοι
635 2970 828 3057 πυθόμενοι
842 2976 947 3037 ταῦτα
962 2970 1132 3054 πέμπουσι
1145 2967 1180 3044 ές

165 3070 294 3158 Σάρδις
315 3066 493 3155 ἀγγέλους,
519 3064 582 3136 ούκ
603 3070 723 3148 έῶντες
744 3066 823 3147 τούς
843 3070 975 3154 Πέρσας
994 3070 1180 3133 πεύσεσθαι

146 3190 149 3195 ·
163 3166 354 3255 Ἀθηναίων
365 3179 450 3235 τοῖσι
458 3167 603 3253 φυγάσι·
615 3166 680 3237 ὁδε
690 3167 915 3257 Ἀρταφέρνης
922 3166 1057 3233 ἐκέλευέ
1060 3183 1179 3249 σφεας,

168 3272 199 3334 εί
212 3271 389 3354 βουλοίατο
419 3260 490 3331 σόοι
516 3263 618 3353 εἶναι,
648 3267 892 3335 καταδέκεσθαι
914 3259 1019 3330 ὀπίσω
1033 3258 1178 3347 Ἱππίην.

168 3359 231 3429 οὐκ
247 3354 296 3430 ύν
307 3359 347 3447 δή
361 3363 551 3431 ἐνεδέκοντο
563 3362 643 3443 τούς
653 3363 777 3452 λόγους
787 3360 1064 3450 ἀποφερομένους
1073 3356 1182 3446 Ἀθη·
