2500 3925
168 221 209 284 36
544 219 795 278 HERODOTI

168 391 344 451 Βοιωτοῖσι
357 377 378 468 ή
395 395 480 448 τοῖσι
496 382 700 448 Χαλκιδεῦσι
715 378 918 464 ἐπιχειρέειν.
942 379 1179 467 συμβάλλουσί

167 507 203 548 τε
219 478 259 567 δή
271 493 356 548 τοῖσι
366 487 542 547 Βοιωτοῖσι
557 481 591 544 οί
599 473 773 561 Ἀθηναῖοι
783 477 839 544 καί
849 484 962 569 πολλῷ
974 480 1175 565 ἐκράτησαν,

168 581 274 665 κάρτα
289 582 326 648 δὲ
339 577 486 666 πολλούς
500 576 728 664 φονεύσαντες
738 581 956 657 ἑπτακοσίους
966 575 1080 646 αὐτῶν
1094 577 1177 659 ἐξά-

167 699 306 768 γρησαυ.
348 687 406 766 τῆς
437 676 473 744 δέ
500 673 602 761 αὐτῆς
632 675 754 761 ταύτης
782 673 908 762 ἡμέρης
941 682 976 744 οί
1001 674 1177 763 Ἀθηναῖοι

168 778 344 866 διαβάντες
364 780 397 855 ἐς
417 773 480 862 τήν
493 770 645 859 Εύβοιαν
662 771 894 860 συμβάλλουσι
916 776 972 842 καὶ
984 787 1071 842 τοῖσι
1082 783 1177 844 Χαλ-

168 880 314 958 κιδεῦσι,
330 871 526 960 νικήσαντες
538 873 575 940 δέ
585 874 641 938 καὶ
651 870 792 949 τούτους
801 879 1082 957 τετρακισχιλίους
1092 881 1175 959 κλη-

168 973 313 1058 ρούχους
327 975 380 1040 ἐπὶ
396 977 464 1038 τῶν
485 971 696 1056 ἱπποβοτέων
716 975 756 1056 τῇ
772 967 864 1057 χάρη
885 975 1055 1038 λείπουσι·
1083 973 1117 1038 οί
1139 966 1174 1036 δ’

167 1069 348 1157 ἱπποβόται
369 1071 543 1136 ἐκαλέοντο
564 1070 598 1135 οί
615 1069 733 1153 παχέες
753 1074 821 1134 τῶν
839 1068 1045 1136 Χαλκιδέων.
1072 1063 1178 1146 ὅσους

170 1174 207 1240 δὲ
224 1171 424 1238 καὶτούτων
438 1168 645 1255 ἐζύγρησαν,
667 1166 737 1254 ἅμα
756 1182 843 1236 τοῖσι
855 1174 1015 1236 Βοιωτῶν
1029 1169 1177 1252 ἐζωγρη-

169 1270 299 1355 μένοισι
318 1265 407 1353 εἶχον
426 1269 464 1336 ἐν
487 1273 639 1356 φυλακῇ,
660 1267 699 1333 ἐν
719 1267 835 1343 πέδαις
859 1264 1036 1351 δήσαντες·
1063 1266 1177 1357 χρόνῳ

170 1368 206 1433 δέ
221 1366 346 1434 ἔλυσάν
359 1385 464 1451 σφεας
477 1369 619 1450 δίμνεως
632 1359 926 1448 ἀποτιμησάμενοι.
948 1361 1008 1444 τὰς
1022 1364 1058 1430 δὲ
1072 1364 1177 1442 πέδας

169 1461 298 1544 αὐτῶν,
321 1464 360 1530 ἐν
372 1469 446 1550 τῇσι
461 1464 630 1546 ἐδεδέατο,
651 1457 883 1545 ἀνεκρέμασαν
897 1461 930 1538 ἐς
943 1456 1006 1546 τήν
1024 1457 1177 1547 άκρόπο-

169 1572 240 1646 λιν,
256 1562 294 1628 αἵ
309 1584 372 1646 περ
389 1567 436 1628 ἔτι
450 1562 506 1628 καλ
519 1562 552 1638 ἐς
567 1559 623 1644 ἐμὲ
636 1551 724 1645 ἦσαν
740 1564 950 1644 περιεοῦσαι,
967 1560 1177 1645 κρεμάμεναι

169 1665 206 1730 ἐκ
229 1655 365 1746 τειχέων
383 1660 724 1748 περιπεφλευσμένων
747 1662 829 1743 πυρί
857 1655 924 1727 ύπό
952 1666 1014 1727 τοῦ
1037 1659 1175 1748 Μήδου,

168 1757 284 1826 άντίον
299 1759 336 1826 δέ
353 1765 415 1826 τοῦ
429 1759 579 1843 μεγάρου
599 1763 660 1825 τοῦ
677 1754 762 1841 πρός
777 1758 920 1843 ἑσπέρην
934 1758 1175 1844 τετραμμένου.

168 1866 224 1931 καὶ
243 1867 311 1929 τάν
331 1860 465 1948 λύτρων
487 1856 550 1946 τήν
571 1858 715 1944 δεκάτην
735 1853 926 1943 ἀνέθηκαν,
953 1858 1176 1945 ποιησάμενοι

167 1964 356 2048 τέθριππον
366 1960 525 2046 χάλκεον·
547 1954 584 2025 τό
598 1955 636 2025 δέ
649 1954 824 2042 άριστερής
834 1953 943 2041 χειρός
954 1958 1069 2042 ἕστηκε
1080 1961 1174 2043 πρῶ-

168 2085 229 2128 τον
246 2058 370 2128 ἐσιόντι
383 2061 416 2137 ἐς
430 2056 471 2126 τά
486 2056 680 2141 προπύλαια
694 2053 736 2123 τά
751 2056 789 2122 ἐν
803 2061 843 2143 τῇ
861 2052 1040 2142 ἀκροπόλι·
1062 2056 1176 2141 ἐπιγέ-

167 2183 311 2245 γραπται
329 2160 368 2226 δέ
383 2163 416 2226 οί
427 2156 522 2224 τάδε·

243 2255 370 2325 Ἴθθνεα
384 2262 543 2325 Βοιωτῶν
557 2257 613 2323 καὶ
626 2256 821 2323 Χαλκιδέων
836 2255 1043 2339 δαμάσαντες

295 2359 418 2434 Παῖδες
428 2353 617 2441 Ἀθηναίων
631 2359 793 2441 ἔργμασιν
807 2357 845 2423 ἐν
859 2358 1007 2440 πολέμου

255 2460 377 2541 Δεσμῷ
393 2456 430 2521 ἐν
447 2452 621 2539 άχλυόεντι
636 2455 778 2543 σιδηρέῳ
793 2458 935 2540 ἔσβεσαν
950 2452 1068 2541 ὕβριν·

297 2557 373 2617 Τῶν
385 2554 509 2631 ἵππους
521 2549 664 2638 δεκάτην
674 2551 828 2619 Παλλάδι
838 2550 933 2618 τάσδ’
947 2556 1080 2619 ἔθεσαν.

122 2655 157 2713 78
166 2646 340 2735 Ἀθηναῖοι
356 2649 420 2734 μέν
440 2676 507 2717 νυν
529 2648 691 2736 αύξηντο,
712 2653 811 2734 δηλοῖ
828 2648 866 2717 δέ
885 2646 927 2716 ού
943 2648 1017 2719 κατ’
1036 2654 1074 2718 ἓν
1086 2658 1176 2736 μού-

168 2770 248 2832 νον,
262 2742 346 2814 άλλά
358 2754 507 2836 πανταχῇ
517 2744 539 2834 ἡ
551 2754 703 2834 ἰσηγορίη
716 2745 761 2826 ὡς
774 2748 842 2815 ἐστί
851 2755 960 2834 χρῆμα
976 2756 1174 2837 σπουδαίων,

169 2851 199 2913 εί
209 2847 264 2913 καὶ
273 2842 446 2933 Ἀθηναῖοι
456 2842 984 2933 τυραννευόμενοιμὲνούδαμῶν
994 2850 1175 2935 τῶνσφέας

167 2942 427 3031 περιοικεόντων
442 2938 529 3032 ἦσαν
542 2943 583 3013 τά
594 2948 736 3031 πολέμια
749 2941 924 3033 ἀμείνους,
935 2943 1174 3035 ἀπαλλαχθέν-

167 3068 221 3121 τες
242 3043 278 3109 δὲ
303 3042 482 3129 τυράννων
503 3050 622 3135 μακρῷ
647 3051 771 3132 πρῶτοι
798 3046 970 3131 ἐγένοντο·
1003 3053 1102 3135 δηλοῖ
1124 3040 1174 3117 τόν

168 3144 288 3225 ταῦτα,
318 3138 369 3209 ότι
392 3144 607 3230 κατεχόμενοι
628 3143 691 3229 μὲν
713 3142 939 3211 ἐθελοκάκεον
963 3142 1008 3224 ὡς
1029 3143 1176 3234 δεσπότη

169 3236 397 3327 ἐργαζόμενοι,
424 3245 727 3326 ἐλευθερωθέντων
751 3240 788 3309 δέ
810 3240 911 3322 αύτδς
930 3245 1067 3324 ἕκαστος
1088 3248 1177 3313 ἑωυ-

120 3343 154 3398 79
169 3342 214 3424 τῷ
234 3343 463 3424 προεθυμέετο
485 3341 756 3428 κατεργάζεσθαι.
786 3332 879 3409 οὗτοι
900 3342 962 3428 μέν
984 3369 1050 3409 νυν
1068 3350 1177 3411 ταῦτα

168 3438 354 3519 ἔπρησσον,
378 3444 519 3524 Θηβαῖοι
543 3440 579 3507 δέ
604 3438 687 3525 μετὰ
711 3445 816 3507 ταῦτα
842 3442 877 3519 ἐς
897 3436 984 3509 θεὸν
1011 3446 1177 3526 ἔπεμπον,
