2500 3925
193 406 310 493 έθέλη·
341 401 447 473 αὐτὸν
471 407 512 473 δέ
529 423 567 472 σε
586 407 644 472 καὶ
665 400 744 483 τούς
769 401 850 484 σούς
874 407 1068 492 συμπλόους
1094 430 1183 494 τρικν

191 500 344 591 ἡμερέων
355 502 577 590 προαγορεύω
588 504 625 570 έκ
636 509 693 590 τῆς
708 504 787 589 έμῆς
797 509 858 589 γῆς
868 506 901 582 ές
913 503 1019 592 ἀλλην
1028 502 1105 574 τινὰ
1119 529 1185 589 μετ·

192 599 404 691 ορμίζεσθαι,
425 608 457 671 εί
472 602 508 670 δὲ
522 607 569 690 μη
575 653 585 692 ,
607 600 665 670 άτε
678 609 858 690 πολεμίους
873 606 1103 691 περιέψεσθαι.

26 724 27 757 f
124 726 176 782 116
269 698 403 788 Ἑλένης
417 702 480 787 μέν
499 701 627 786 ταύτην
641 699 756 780 ἄπιξιν
770 697 861 788 παρὰ
876 704 1019 791 Πρωτέα
1034 709 1147 787 ἔλεγον
1160 702 1184 766 οί

26 800 27 805 ’
191 805 277 890 ίρέες
292 803 469 888 γενέσθαι·
500 801 609 868 δοκέει
635 802 674 868 δέ
696 823 754 885 μοι
779 800 835 866 καὶ
850 796 995 887 Ὅμηρος
1014 795 1076 868 τὸν
1092 798 1187 883 λόγον

26 10 29 81 ί

196 239 257 304 172
567 247 819 308 ιιιικοοοιι

26 342 28 407 λ

26 524 27 565 λ

26 632 27 717 λ

192 992 361 1083 εὐπρεπὴς
379 987 425 1080 ἦν
438 1001 485 1085 τῷ
499 996 617 1086 έτέρμ,
644 999 757 1085 τῷπερ
778 995 957 1082 ἐχρήσατο,
974 997 1019 1080 [ές
1034 991 1065 1081 ὃ]
1079 1001 1187 1081 μετῆκε

191 1089 314 1178 αὐτὸν,
331 1090 482 1179 δηλάσας
494 1089 539 1170 ὡς
548 1093 605 1160 καὶ
613 1098 736 1161 τοῦτον
747 1094 914 1160 ἐπίσταιτο
927 1089 989 1160 τὸν
1000 1091 1114 1177 λόγον.
1138 1093 1186 1174 δη-

191 1197 253 1257 λον
272 1191 325 1256 δέ·
360 1187 507 1277 κατάπερ
537 1192 671 1276 έποίησε
694 1193 731 1260 έν
742 1188 856 1258 Ἰλιάδι
878 1193 949 1281 (καί
969 1187 1101 1279 οὐδαμῇ
1116 1186 1188 1272 άλλη

191 1286 370 1356 ἀνεπόδισε
390 1287 532 1374 ἑωυτόν)
552 1290 687 1376 πλάνην
709 1288 772 1376 τὴν
789 1286 1028 1377 Ἀλεξάνδρου,
1051 1285 1097 1366 ὡς
1111 1284 1185 1370 ἀπη-

190 1395 310 1474 νείχθη
324 1384 417 1472 ἀγαν
427 1384 563 1472 Ἑλένην
577 1394 617 1475 τῇ
632 1412 668 1454 τε
683 1385 723 1474 δὴ
738 1385 823 1476 άλλη
837 1387 1060 1473 πλαζόμενος,
1081 1386 1137 1453 καὶ
1153 1379 1189 1458 ὡς

190 1489 224 1565 ές
238 1489 376 1554 Σιδῶνα
391 1492 450 1572 τῆς
463 1493 624 1573 Φοινίκης
641 1484 786 1554 ἀπίκετο.
798 1487 1026 1573 ’ἐπιμέμνηται
1040 1484 1077 1554 δὲ
1093 1479 1189 1552 αὑτοῦ

191 1591 228 1656 έν
241 1587 431 1674 Διομήδεος
446 1584 607 1676 ἀριστείη’
635 1590 723 1672 λέγει
737 1587 774 1656 δὲ
787 1587 827 1655 τά
842 1593 921 1656 ἔπεα
936 1584 1042 1654 οὕτω·

221 1679 318 1753 Ἔνθ’
336 1689 417 1752 ἔσαν
430 1687 466 1752 οί
476 1687 597 1753 πέπλοι
611 1691 846 1771 παμποίκιλοι,
868 1688 949 1772 ἔργα
963 1689 1136 1769 γυναικοῖν

231 1789 418 1872 Σιδονίων,
440 1783 500 1864 τάς
516 1783 618 1864 αάτδς
631 1784 845 1872 Ἀλέξανδρος
858 1783 1014 1872 θεοειδὴς

221 1880 349 1970 ’Ἠγαγε
365 1887 588 1971 Σιδονίηθεν,
608 1879 755 1962 έπιπλιός
770 1880 870 1971 εὐρέα
885 1883 1030 1971 πόντον,

233 1981 304 2068 ’θὴν
318 1979 417 2069 ὁδὸν,
439 1979 483 2070 ἣν
491 1982 630 2069 Ἑλένην
644 2005 707 2068 περ
722 1979 892 2069 ἀνήγαγεν
906 1978 1135 2069 εὐπατέρειαν.

185 2078 414 2167 [ἐπιμέμνηται
423 2079 461 2150 δέ
471 2086 527 2150 καί
540 2085 578 2150 έν
589 2080 764 2171 Ὀδυσσείῃ
776 2085 813 2150 έν
826 2086 950 2151 τοισίδε
963 2097 1051 2151 τοῖσι
1066 2088 1175 2152 ἔπεσι·
1226 2158 1227 2165 ¹

233 2184 314 2260 Τοία
327 2175 412 2255 Διὸς
428 2180 583 2269 θυγάτηρ
600 2186 652 2267 έχε
668 2180 828 2267 φάρμακα
843 2180 1033 2267 μητιόεντα,

225 2270 365 2360 Ἑσθλά,
381 2275 422 2342 τά
438 2281 472 2343 οί
483 2279 693 2364 Πολυδάμνα
707 2278 813 2365 πόρεν
824 2284 942 2357 Θῶνος
955 2278 1155 2365 παράκοιτις

228 2374 413 2458 Αίγυπτίη,
427 2378 469 2461 τῇ
478 2383 615 2461 πλεῖστα
631 2380 727 2463 φέρει
742 2380 896 2463 ζείδωρος
910 2374 1042 2464 ἀρουρα

228 2471 1192 2561 Φάρμακα,πολλάμὲνέσθλάμεμιγμένα,πολλαδὲλνγρά.

183 2570 238 2635 καί
252 2567 333 2635 τάδε
348 2572 444 2658 ἕτερα
459 2571 543 2659 πρὸς
561 2574 754 2659 Τηλέμαχον
770 2574 947 2651 Μενέλεως
961 2574 1068 2658 λέγει·

226 2669 437 2762 Αίγνπτο
401 2697 425 2758 μ
455 2679 503 2741 ἔτι
519 2678 620 2761 δεῦρο
636 2674 713 2741 θεοί
727 2679 884 2759 μεμαῶτα
898 2676 1039 2741 νέεσθαι

214 2765 353 2854 Ἕσχον,
371 2770 498 2838 έπεί”
455 2796 497 2838 ου
511 2790 594 2856 σφιν
609 2774 704 2857 ἔρεξα
717 2772 893 2855 τεληέσσας
909 2770 1126 2890 ἕκατόμβας],

182 2866 220 2933 έν
233 2863 382 2935 τούτοισι
398 2882 484 2936 τοῖσι
504 2873 596 2936 ἔπεσι
618 2864 773 2953 δηλοί,“
752 2892 805 2934 οτι
821 2864 981 2953 ἠπίστατο
998 2896 1062 2957 την
1084 2874 1196 2950 {9145-

181 2986 311 3048 γυπτον
328 2960 550 3054 Ἀλεξάνδρου
578 2965 726 3051 πλάνην·
760 2964 915 3051 ὁμουρέει
941 2965 1007 3055 γάρ
1032 2996 1068 3068 η
1082 2978 1196 3055 Συρίη

180 3059 407 3152 Λίγόπτω,ο
388 3066 423 3130 οί
443 3063 481 3129 δὲ
503 3069 675 3149 Φοίνικες,
698 3069 766 3129 τῶν
787 3061 898 3130 έστί“
881 3090 902 3151 η
924 3054 1075 3153 Σιδιόν,
1093 3071 1130 3135 έν
1158 3093 1198 3154 τη

114 3163 163 3218 117
179 3164 291 3248 Σνρίη
311 3160 466 3228 οίκέουσι.
511 3158 606 3228 Κατά
629 3167 734 3229 ταῦτα
754 3165 791 3229 δε
811 3159 851 3228 τά
868 3168 949 3231 ἔπεα
970 3168 1039 3245 [και
1060 3160 1196 3235 τόδετὸ

170 3260 303 3342 χωρίον
318 3253 381 3324 οὐκ
394 3254 530 3344 ἥκιστα,
546 3255 630 3326 ἀλλά
645 3258 799 3344 μάλιστα]
814 3260 970 3346 δηλοῐ,”
948 3286 1002 3330 οτι
1016 3261 1083 3333 οὐκ
1093 3264 1198 3384 Ὁμη-

180 3376 245 3437 ρου
258 3380 298 3421 τα
287 3351 451 3444 Κύπρια
466 3355 547 3423 έπεά
563 3358 643 3442 ἐστι,
658 3352 732 3425 ἀλλ’
750 3352 855 3425 ἀλλον
868 3357 978 3436 τινός·
1002 3362 1041 3427 έν
1052 3360 1176 3448 μὲν
1131 3390 1201 3449 γαμ

179 3463 265 3517 τοῖσι
283 3458 462 3540 Κυπρίοισι
478 3464 624 3539 είρηται,
648 3453 692 3531 ὡς
706 3469 850 3543 τριταῖος
871 3459 907 3525 έτι
924 3458 1113 3548 Σπάρτης’
1109 3463 1186 3528 Αλέ
