2500 3925
251 201 255 205 ’
363 187 449 271 ιιι.
481 213 540 270 vn.
573 213 672 272 ολο.
705 221 848 278 οι-νι.
1050 216 1110 280 155

101 370 182 454 όξδς
192 376 425 461 πεποιημένος,
437 378 482 462 τῷ
493 374 548 439 καὶ
559 368 617 451 τάς
628 378 814 461 σφρηγῖδας
823 375 1009 465 γλύφουσι·
1026 377 1111 469 πρὸς

101 471 141 541 δὲ
155 471 271 560 αἰχμὰς
287 471 385 560 εἰχον,
400 473 453 540 ἐπὶ
467 471 504 539 δέ
514 473 613 558 κέρας
626 471 791 560 δορκάδος
801 475 886 562 ἐπῆν
897 471 958 558 όξδ
969 501 1109 566 πεποιη-

101 575 206 659 μένον
220 571 347 661 τρόπον
362 571 498 659 λόγχης·
514 565 603 657 εἰχον
620 571 657 638 δὲ
671 573 726 640 καί
743 571 874 660 βόπαλα
884 575 1029 643 τυλωτά.
1047 583 1109 644 τοῦ

101 673 139 741 δέ
163 673 313 760 στόματος
329 669 366 741 τό
389 675 452 759 μέν
471 669 575 757 ἥμισυ
596 673 808 759 ἐξηλείφοντο
830 673 928 764 γύύφ
948 674 1056 754 ἰόντες
1076 679 1109 756 ἐς

99 772 228 859 μάχην,
249 767 286 839 τὰ
303 767 334 837 δ’
356 771 472 856 ἕτερον
486 765 589 854 ἥμισυ
601 775 714 860 μίλτμ.
742 767 906 858 Ἀραβίων
920 774 956 840 δὲ
977 775 1030 842 καί
1045 779 1109 844 Αἰ-

102 869 238 939 θιόπων
251 875 319 937 τῶν
332 866 419 954 ὑπὲρ
431 864 608 955 Αἰγύπτου
622 872 809 955 οἰκημένων
823 862 904 958 ἦρχε
915 867 1107 960 ’Λρσάμηςὸ

101 975 252 1057 Δαρείου
266 970 322 1037 καί
333 965 559 1057 Ἀρτυστώνης
569 972 627 1054 τῆς
638 966 756 1056 Κύρου
770 968 951 1058 δυγατρδς,
967 970 1029 1059 την
1042 972 1108 1059 μά-

100 1075 196 1136 λιστα
210 1068 345 1154 στέρξας
354 1074 423 1134 τῶν
432 1072 606 1154 γυναικῶν
615 1076 760 1152 Δαρείος
771 1066 849 1138 εἰκοδ
857 1072 1003 1158 χρυσέην
1018 1093 1108 1157 σφυ-

101 1164 247 1254 ρήλατον
262 1166 448 1254 ἐποιήσατο.
470 1174 539 1234 τῶν
556 1168 618 1254 μὲν
635 1164 675 1254 δη
691 1164 777 1254 ὑπὲρ
790 1168 968 1255 ΙΑἰγύπτου
984 1171 1108 1240 Αἰθιό-

101 1291 175 1333 πων
188 1267 244 1333 ιιαί
254 1262 418 1353 Ἀραβίων
432 1257 513 1352 ἦρχε
525 1261 706 1352 Ἀρσάμης,
728 1269 763 1334 οί
777 1265 813 1334 δέ
827 1263 887 1335 ἄττ’
908 1265 1006 1356 ἡλίου
1022 1265 1106 1336 άνα-
1120 1290 1156 1346 70

100 1374 225 1437 τολέων
237 1371 401 1444 Αἰθίοπες
418 1369 517 1454 (διξοί
530 1363 595 1452 γάρ
610 1363 652 1453 δὴ
673 1367 925 1456 ἐστρατεύοντο)
946 1391 1107 1458 προσετε-

100 1467 219 1552 τάχατο
230 1477 316 1532 τοῖσι
324 1458 466 1551 Ἰνδοῖσι,
478 1465 733 1546 διαλλάσσοντες
743 1464 829 1546 εἶδος
836 1471 898 1554 μὲν
908 1465 1010 1538 οὐδέν
1020 1481 1105 1538 τοῖσι

105 1565 258 1650 ἑτέροισι,
273 1557 393 1649 φωνην
404 1563 439 1630 δέ
452 1564 506 1630 καί
520 1568 666 1651 τρίχωμα
676 1571 822 1651 μοῦνον·
844 1569 878 1634 οί
888 1565 951 1653 μέν
964 1563 1029 1654 γὰρ
1044 1563 1103 1634 ἀπ’

101 1660 197 1748 ἡλίου
212 1664 374 1740 Λάδίοπες
388 1661 557 1749 ἰθύτριχές
572 1667 652 1749 εἰσι,
675 1667 709 1732 οἰ
721 1664 759 1732 δὲ
774 1665 810 1732 ἐκ
829 1669 887 1752 τῆς
900 1663 1028 1752 Λιβύης
1045 1661 1105 1732 ού-

100 1758 241 1827 λότατον
253 1766 399 1847 τρίχωμα
414 1766 526 1847 ἔχουσι
536 1761 675 1830 πάντων
691 1759 893 1850 άνδροέπων.
916 1755 1010 1830 οὗτοι
1025 1762 1061 1831 δὲ
1073 1765 1107 1830 οί

100 1863 136 1929 ἐκ
152 1865 210 1947 τῆς
223 1857 332 1947 ’Λσίης
345 1865 509 1938 Αἰθίοπες
521 1856 563 1928 τά
577 1858 640 1946 μέν
653 1863 742 1930 πλέω
758 1857 905 1946 κατάπερ
921 1856 1017 1930 Ἰνδοὶ
1032 1863 1104 1928 ἐσε-

99 1957 232 2046 σάχατο,
250 1961 499 2045 προμετωπίδια
513 1961 549 2027 δὲ
563 1960 677 2028 ἵππων
686 1957 775 2047 εἰχον
789 1962 842 2030 ἐπί
855 1968 929 2050 τῇσι
940 1968 1104 2049 κεφαλῇσι

100 2057 165 2126 σύν
180 2083 216 2125 τε
229 2069 315 2126 τοῖσι
326 2053 385 2125 άσί
399 2059 623 2145 ἐκδεδαρμένα
634 2061 689 2129 καί
699 2065 739 2149 τῇ
752 2066 861 2150 λοφιῇ.
885 2061 939 2127 καί
954 2056 1028 2127 άντί
1042 2060 1103 2145 μέν

97 2156 208 2242 λόφον
222 2152 243 2243 ἡ
259 2151 361 2241 λοφιὴ
376 2158 533 2243 κατέχρα,
548 2151 588 2223 τά
600 2156 637 2225 δέ
649 2150 716 2225 εἶτα
731 2164 799 2225 τῶν
813 2160 926 2226 ἵππων
941 2154 1029 2243 όρθά
1042 2180 1103 2225 πε-

1 2332 4 2335 ,
98 2254 225 2341 πηγότα
240 2251 345 2341 εἰχον·
370 2254 587 2343 προβλήματα
604 2257 641 2325 δὲ
662 2254 736 2325 ἄνι’
753 2254 909 2331 ’ἀσπίδων
929 2258 1102 2325 ἐποιεῦντο

1 2390 5 2396 ·
101 2352 251 2444 γεράνων
268 2353 379 2440 δοράς.
408 2362 532 2444 Λίβυες
552 2356 589 2424 δέ
602 2354 729 2443 σκευὴν
742 2358 804 2443 μέν
825 2362 986 2444 σκυτίνην
1003 2354 1102 2445 ἤισαν
1117 2375 1146 2430 71

99 2458 243 2538 ἐχοντες,
266 2448 449 2521 ἀκοντίοισι
467 2454 503 2521 δέ
522 2455 729 2522 ἐπικαύτοισι
745 2455 928 2543 χρεόμενοι.
958 2452 1102 2541 άρχοντα

98 2554 134 2619 δέ
147 2556 344 2639 παρείχοντο
361 2554 555 2641 Μασσάγην
567 2552 628 2623 τὸν
640 2552 798 2641 Ὀαρίζου.
828 2553 1050 2641 Παφλαγόνες
1065 2552 1102 2621 δέ
1116 2566 1151 2655 3²

98 2652 334 2738 ἐστρατεύοντο
349 2654 402 2722 ἐπὶ
413 2655 476 2740 μὲν
488 2661 563 2744 τῇσι
578 2662 742 2744 κεφαλῇσι
756 2660 885 2741 ἔχοντες
899 2652 1026 2740 κράνεα
1039 2679 1101 2721 πε-

97 2754 281 2838 πλεγμένα,
299 2748 440 2831 άσπίδας
461 2756 497 2821 δέ
513 2750 672 2841 σμικράς,
696 2750 813 2841 αἰχμάς
834 2753 870 2822 δέ
886 2749 928 2822 ού
942 2752 1099 2841 μεγάλας,

97 2846 180 2936 πρὸς
197 2850 233 2917 δὲ
248 2846 388 2920 ἀκόντια
401 2854 456 2921 καί
473 2855 666 2940 ἐγχειρίδια,
681 2854 756 2937 περὶ
772 2854 808 2921 δέ
824 2850 903 2933 τούς
918 2854 1023 2933 πόδας
1039 2855 1100 2921 πέ-

97 2950 172 3014 διλα
189 2947 347 3035 ἐπιχώρια
361 2952 395 3029 ἐς
411 2954 515 3039 μέσην
530 2951 663 3039 κνήμην
677 2949 902 3022 ἀνατείνοντα.
928 2960 1052 3040 Λίγυες
1064 2952 1100 3019 δὲ

96 3044 150 3112 καλ
163 3050 333 3132 Ματιηνολ
348 3051 403 3117 καί
415 3054 657 3136 Μαριανδυνοί
668 3078 702 3119 τε
714 3055 769 3123 καί
779 3055 902 3141 Σύριοι
918 3051 980 3139 την
994 3046 1099 3137 αύτίην

96 3146 225 3227 ἐλθνῖδέ
231 3148 432 3235 Παφλαγόσι
443 3151 689 3237 ἐστρατεύοντο.
707 3157 741 3221 οἰ
751 3154 786 3220 δέ
792 3150 916 3239 Σύριοι
928 3143 1021 3219 οὗτοι
1033 3146 1099 3217 ὑπὸ
1179 3158 1181 3163 ’

95 3243 254 3328 Περσέων
266 3248 490 3318 Καππαδόκαι
505 3252 689 3320 καλέονται.
710 3250 948 3338 Παφλαγόνων
959 3251 1020 3335 μέν
1033 3274 1099 3316 νυν

96 3344 149 3409 καί
169 3348 357 3430 Ματιηνῶν
370 3353 488 3439 Δῶτος
504 3346 522 3416 ὁ
539 3352 760 3436 Μεγασίδρου
776 3340 873 3435 ἦρχε,
894 3352 1099 3435 Μαριανδυ-

98 3439 1099 3539 νῶνδὲκαίΛιγύωνκαίΣυρίωνΓωβρύηςὁΔαρείοντεκαλ
