2500 3925
173 276 237 339 206
547 280 802 338 HERODOTI

176 440 262 525 νομά
277 443 313 506 οἵ
329 442 398 507 ἐστι
412 438 535 525 Σιούφ.
565 436 685 524 τὰμὲν
709 433 750 523 δὴ
767 442 884 521 πρῶτα
904 436 1105 505 κατώνοντο
1131 436 1194 505 τόν

166 535 307 621 Ἄμασιν
320 536 500 622 Αἰγύπτιοι
523 535 578 601 καὶ
601 536 639 602 ἐν
662 530 803 621 οὐδεμιῇ
822 539 925 621 μοίρη
943 534 1080 622 μεγάλῃ
1101 527 1196 621 ἦγον

173 630 231 699 ὅτε
244 631 285 719 δη
301 630 450 718 δημότην
463 628 501 698 τό
516 632 596 717 πρὶν
610 629 709 697 ἐόντα
719 633 775 697 καὶ
786 635 892 716 οἰκίης
906 628 972 698 οὐκ
988 634 1194 717 ἐπιφανέος,

171 728 253 815 μετά
264 732 300 798 δὲ
312 735 414 817 σοφίη
427 725 551 805 αύτούς
564 723 741 813 δ’Ἀμασις,
757 723 819 793 οὐκ
831 723 1065 815 ἀγνωμοσύνη
1079 750 1194 813 προσ-

58 879 60 886 .
173 827 322 913 ηγάγετο.
351 818 395 912 ἦν
409 831 443 892 οἱ
460 822 543 892 ἄλλα
563 850 599 895 τε
613 820 727 909 άγαθά
745 830 866 910 μυρία,
890 825 929 891 έν
946 823 984 892 δέ
999 828 1059 893 καὶ
1078 830 1195 892 ποδα-

172 921 292 1010 νιπτὴρ
306 921 463 1009 χρύσεος,
485 924 523 988 ἐν
536 928 582 1012 τῷ
596 918 698 999 αύτός
711 947 747 987 τε
761 918 929 1008 όἍμασις
943 926 1000 990 καὶ
1015 928 1053 990 ολ
1067 927 1195 992 δαιτυ-

77 1100 85 1115 ,
171 1024 273 1111 μόνες
283 1026 317 1089 ολ
324 1022 445 1099 πάντες
456 1017 534 1098 ’τούς
544 1019 650 1099 πόδας
661 1021 816 1088 ἑκάστοτε
826 1018 1042 1102 ἀπενίζοντο·
1061 1030 1196 1091 τοῦτον

171 1120 244 1190 κατ’
268 1112 317 1188 άν
342 1119 448 1199 κόψας
471 1117 603 1204 ἄγαλμα
623 1122 781 1204 δαίμονος
802 1120 835 1199 ἐξ
857 1118 966 1187 αύτοῦ
986 1120 1196 1209 ἐποιήσατο,

171 1221 226 1285 καὶ
246 1220 363 1302 ἵδρυσε
384 1222 441 1303 τῆς
460 1215 576 1294 πόλιος
598 1213 683 1282 ὅκου
702 1208 747 1302 ἦν
769 1215 1053 1304 ἐπιτηδεότατον·
1091 1223 1131 1287 ολ
1158 1222 1195 1285 δὲ

170 1313 349 1399 Αἰγύπτιοι
364 1317 552 1399 φοιτέοντες
565 1311 650 1395 πρός
662 1312 818 1400 τῶγαλμα
834 1316 992 1402 ἐσέβοντο
1008 1315 1197 1401 μεγάλως·

170 1421 294 1498 μαθων
308 1410 344 1477 δὲ
359 1406 521 1496 ὁἍμασις
534 1408 571 1477 τό
587 1414 624 1477 ἐκ
641 1416 708 1476 τῶν
723 1408 836 1477 άστῶν
850 1412 1081 1499 ποιεύμενον,
1101 1432 1196 1499 συγ-

170 1512 310 1589 καλέσας
324 1515 529 1595 Αἰγνπτίους
549 1510 688 1594 ἐξέφηνε
703 1506 770 1595 φάς
792 1512 829 1577 ἐκ
846 1517 908 1577 τού
928 1515 1197 1598 ποδανιπτῆρος

170 1607 326 1695 τῶγαλμα
346 1610 536 1693 γεγονέναι,
558 1608 591 1684 ές
609 1604 670 1673 τόν
691 1607 858 1694 πρότερον
880 1608 943 1693 μὲν
968 1605 1051 1685 τούς
1073 1613 1196 1693 Αἰγυ-

170 1713 286 1784 πτίους
300 1705 447 1790 ἐνεμέειν
463 1730 498 1770 τε
518 1705 573 1770 καὶ
593 1705 765 1789 ἐνουρέειν
784 1705 840 1771 καλ
859 1702 967 1781 πόδας
984 1705 1196 1785 ἐναπονίζε-
1234 1782 1235 1789 ρ

171 1814 269 1889 σθαι,
298 1803 372 1872 τότε
393 1805 430 1869 δέ
450 1801 601 1887 μεγάλως
621 1801 789 1887 σέβεσθαι.
821 1800 887 1887 ἤδη
909 1793 960 1867 ὦν
981 1806 1049 1886 ἔφη
1072 1805 1198 1887 λέγων
1234 1796 1235 1801 ’

170 1901 292 1992 ὁμοίως
306 1899 407 1981 αὐτὸς
420 1908 466 1992 τῷ
480 1904 701 1987 ποδανιπτῆρι
716 1903 938 1989 πεπρηγέναι·
963 1904 994 1968 ελ
1006 1896 1078 1988 γάρ
1097 1900 1197 1988 πρό-

169 2027 268 2086 τερον
282 1998 367 2068 εἶναι
381 1997 541 2086 δημότης,
563 1995 638 2066 ἀλλ’
657 2001 693 2064 ἐν
713 2005 759 2089 τῷ
776 1997 938 2082 παρεόντι
959 1997 1049 2065 εἶναι
1066 1995 1197 2066 αὐτῶν

170 2093 334 2186 βασιλεύς.
359 2099 413 2164 καλ
432 2103 532 2182 τιμᾶν
553 2120 586 2162 τε
606 2097 661 2162 καὶ
681 2098 939 2181 προμηθέεσθαι
955 2097 1092 2162 ἑωυτοῦ
1114 2097 1197 2164 ε’κέ-

117 2263 128 2280 ,
168 2203 254 2261 λευε.
277 2191 416 2282 τοιούτῳ
431 2195 493 2278 μὲν
507 2190 619 2282 τρόπῳ
633 2192 864 2278 προσηγάγετο
875 2189 956 2272 τούς
967 2198 1198 2278 Αἰγυπτίους

110 2309 157 2364 173
169 2289 252 2357 άστε
273 2292 427 2356 δικαιοῦν
446 2288 631 2357 δουλεύειν.
671 2287 805 2374 Ἐχρᾶτο
830 2293 867 2357 δὲ
889 2289 1078 2358 καταστάσι
1094 2317 1198 2380 πρη-
1232 2323 1233 2344 ³

165 2385 302 2474 γμάτιον
315 2390 442 2475 τοιῇδε·
472 2385 509 2454 τό
527 2389 589 2474 μὲν
610 2386 754 2474 ὄρθριον
775 2392 870 2477 μέχρι
886 2386 968 2457 ὅτευ
989 2392 1199 2481 πληθώρης

166 2484 290 2572 ἀγορῆς
301 2485 486 2573 προθύμως
496 2492 640 2574 ἔπρησσε
655 2485 694 2554 τά
706 2489 968 2576 προσφερόμενα
983 2491 1198 2582 πρήγματα,

168 2580 204 2650 τό
221 2585 257 2650 δὲ
271 2581 337 2652 άπό
353 2584 475 2653 τούτου
490 2587 585 2653 ἐπινέ
596 2611 632 2652 τε
647 2591 701 2653 καλ
718 2590 929 2655 κατέσκωπτε
944 2587 1026 2666 τούς
1042 2595 1199 2678 συμπό-

166 2708 224 2758 τας
237 2684 292 2749 καὶ
308 2673 351 2769 ἦν
366 2680 505 2768 μάταιός
521 2707 556 2748 τε
571 2685 625 2749 καὶ
640 2683 861 2770 παιγνιήμων.
891 2682 1139 2770 ἀχθεσθέντες
1159 2693 1199 2759 δὲ

166 2777 312 2845 τούτοισι
323 2783 358 2847 οἱ
369 2785 460 2864 φίλοι
473 2775 577 2844 αὐτοῦ
592 2780 792 2847 ἐνουθέτεον
806 2777 912 2848 αὐτόν
926 2783 1045 2852 τοιάδε
1056 2787 1199 2872 λέγον-

166 2899 235 2953 τες·
263 2868 301 2942 Ὦ
322 2882 477 2962 βασιλεῦ,
501 2872 563 2942 οὐκ
584 2873 698 2962 ὀρθῶς
722 2885 872 2945 σεωυτοῦ
891 2882 1136 2974 προέστηκας,
1163 2892 1200 2966 ἐς
1230 2897 1231 2978 η

166 2972 203 3042 τό
221 2971 307 3058 άγαν
332 2978 465 3056 φαῦλον
489 2972 649 3059 προάγων
676 2973 842 3042 σεωυτόν·
874 2979 912 3043 σὲ
937 2974 1005 3065 γάρ
1026 2987 1129 3069 χρῆν
1157 2989 1200 3053 ἐν

165 3068 283 3158 θρόνῳ
297 3072 408 3157 σεμνῷ
422 3066 547 3152 σεμνόν
559 3071 734 3140 θωκέοντα
748 3069 793 3138 δι’
810 3069 936 3160 ἡμέρης
950 3075 1136 3163 πρήσσειν
1153 3083 1197 3151 τὰ

165 3164 349 3251 πρήγματα.
366 3168 421 3231 καλ
435 3161 523 3230 οὕτω
533 3169 716 3252 Αἰγύπτιοί
726 3166 756 3236 τ’
773 3165 817 3236 άν
833 3165 1033 3259 ἠπιστέατο,
1054 3172 1107 3255 ὡς
1125 3177 1197 3248 ὑπ’

164 3258 288 3346 ἀνδρὸς
304 3259 453 3345 μεγάλου
473 3257 647 3350 ἄρχονται,
670 3269 724 3333 καλ
743 3264 885 3351 άμεινον
906 3266 951 3336 σύ
972 3267 1020 3338 άν
1034 3272 1197 3360 ἤκουες·

166 3361 230 3423 νῦν
253 3354 289 3420 ὄλ
309 3357 430 3431 πθιὲδίς
447 3351 600 3442 Οὐδαμῶς
612 3363 777 3449 βασιλικά.
816 3362 854 3432 Ὁ
875 3364 909 3432 δ’
926 3363 1092 3455 ἀμείβετο
1114 3404 1200 3446 τοι.

164 3456 234 3519 σι’δε
251 3447 389 3514 αὐτούς·
424 3447 471 3515 Τά
487 3452 564 3531 τόξα
579 3462 613 3524 ολ
627 3462 838 3547 κεκτημένοι,
862 3461 968 3532 ἐπεάν
982 3468 1051 3552 μὲν
1070 3474 1197 3544 δέων.
