2500 3925
160 208 221 274 188
551 208 790 299 κεκοοοιι

164 382 232 455 ύπδ
251 382 433 472 Σαβύλλου
459 380 584 473 ἀνδρὸς
601 379 758 475 Γελῴου,
783 382 933 451 ἐνθαῦτα
952 379 1200 475 ἀναλαμβάνει

163 486 225 575 τὴν
241 492 452 577 μουναρχίην
464 482 683 575 Ἱπποκράτης
700 482 900 574 Κλεάνδρου
920 484 985 554 ἐάν
1003 483 1198 573 ἀδελφεός.

163 595 298 678 ἐχοντος
321 586 364 658 δδ·
378 583 612 677 1Ἱπποκράτεος
638 585 701 674 τήν
724 583 947 675 τυραννίδαὸ
972 587 1095 659 Γέλων
1128 586 1201 657 ἐάν

169 698 319 781 Τηλίνεω
336 694 399 760 τοῦ
417 686 606 780 ἱροφάντεω
624 685 792 775 ἀπόγονος
817 690 953 757 πολλῶν
974 684 1049 779 μετ’
1069 687 1199 759 ἀλλων

163 794 221 863 καὶ
230 790 463 883 Αἰνησιδήμου
476 796 539 860 τού
548 796 735 877 Παταίκου,
748 781 793 879 ἦν
802 786 1198 883 δορυφόροςἹπποκρά-

164 920 246 977 τεος.
281 892 363 985 μετά
382 892 420 963 δίε
439 891 480 963 ού
506 890 635 962 πολλδν
651 890 777 982 χρόνον
796 889 842 961 δι’
868 886 991 983 ἀρετὴν
1008 890 1199 985 ἀπεδέχθη

164 997 272 1086 πάσης
294 1001 354 1084 τῆς
378 1000 485 1065 ἵππου
511 993 598 1065 εἶναι
620 997 803 1084 ἵππαρχος·
835 994 1095 1084 πολιορκέοντος
1128 994 1199 1089 μάρ

160 1097 395 1189 Ἱπποκράτεος
412 1094 677 1184 Καλλιπολεήτας
699 1122 736 1165 τε
757 1094 815 1165 καλ
832 1096 983 1179 Ναξίους
1006 1098 1066 1167 καὶ
1095 1108 1197 1185 Ζαμ-

166 1207 304 1281 κλαίους
315 1226 353 1270 τε
364 1199 421 1268 καὶ
435 1204 638 1291 Λεοντίνους
654 1196 807 1289 καὶπρὸς
821 1204 1058 1289 Συρηκοσίους
1076 1227 1121 1270 τε
1140 1208 1204 1271 καί

165 1306 235 1372 τάν
251 1300 433 1393 βαρβάρων
451 1298 600 1389 συχνούς
617 1297 704 1391 ἀνὴρ
720 1301 875 1389 ἐφαίνετο
890 1304 927 1370 ἐν
939 1300 1089 1371 τούτοισι
1105 1318 1201 1372 τοῖσι

167 1404 339 1494 πολέμοισι
353 1401 418 1472 ἐάν
432 1396 450 1473 δ
463 1405 582 1477 Γέλων
593 1400 833 1493 λαμπρότατος.
869 1407 938 1471 τοῖν
952 1402 991 1473 δέ
1008 1400 1114 1473 εἷπον
1129 1431 1199 1474 πο-

167 1514 255 1577 λίων·
263 1506 393 1577 τούτων
406 1503 495 1594 πλὴν
509 1503 762 1594 Συρηκουσέων
776 1502 918 1594 οὐδεμία
932 1504 1085 1593 πέφευγε
1107 1512 1196 1577 δραι

168 1607 318 1701 λοσύνην
331 1606 416 1699 πρδς
425 1601 670 1698 Ἱπποκράτεος.
699 1613 934 1697 Συρηκοσίους
952 1606 989 1675 δέ
1002 1610 1197 1697 Κορίνθιοδ

166 1737 203 1780 τε
219 1710 276 1779 καὶ
290 1719 495 1800 Κερκυραῖοι
513 1707 700 1799 ἐρρύσαντο
717 1707 807 1799 μάχη
827 1709 1036 1789 ἐσσωθέντας
1052 1712 1114 1781 ἐπὶ
1128 1738 1195 1781 πο-

167 1818 261 1905 ταμῷ
276 1810 418 1904 Ἐλάρφ.
446 1808 632 1900 ἐρρύσαντο
650 1810 688 1880 δὲ
701 1801 793 1880 οὗτοι
811 1811 866 1879 ἐπὶ
878 1816 1002 1901 τοιοίδε
1014 1813 1194 1884 καταλλά-

166 1918 291 2003 ξαντες,
305 1914 359 1986 ἐπ’
371 1909 1109 2008 ᾧτεἹπποκράτεῑΚαμάρινανΣυρηκοσίους
1119 1942 1187 1988 πα-

101 2035 150 2092 155
166 2018 346 2101 ραδοῦναι·
366 2021 590 2103 Συρηκοσίων
605 2014 642 2084 δέ
652 2007 698 2102 ἦν
707 2015 888 2103 Καμάρινα
901 2013 938 2084 τδ
954 2015 1106 2104 ἀρχαῖον.
1127 2017 1189 2096 Ὡς
1241 2079 1242 2086 ,

165 2109 202 2180 δέ
217 2115 271 2181 καί
283 2111 501 2202 Ἱπποκράτεα
514 2112 788 2201 τυραννεύσαντα
803 2123 859 2182 ι’σα
876 2120 949 2183 ἐτεα
963 2122 1009 2205 τῷ
1025 2113 1188 2207 ἀδελφεῷ
1241 2111 1242 2138 ³

166 2209 350 2302 Κλεάνδρῳ
364 2216 524 2300 κατέλαβε
540 2209 730 2282 ἀποθανεῖν
745 2209 829 2300 πρὸς
843 2210 922 2282 πόλι
933 2209 1053 2302 Ὕβλῃ,
1076 2232 1188 2300 στρα-

165 2309 374 2396 τευσάμενον
384 2312 438 2380 ἐπὶ
448 2307 528 2388 τούς
534 2311 710 2398 Σικελούς,
723 2308 811 2378 οὕτω
823 2307 863 2396 δὴ
877 2307 895 2378 ὁ
906 2311 1023 2380 Γέλων
1031 2317 1078 2404 τῷ
1090 2311 1187 2403 λόγῳ

165 2415 338 2500 τιμωρέων
353 2425 439 2481 τοῖσι
446 2411 682 2500 Ἱπποκράτεος
694 2415 789 2480 παισὶ
799 2409 967 2500 Εὐκλείδῃ
978 2436 1014 2478 τε
1024 2412 1079 2480 καλ
1092 2419 1187 2480 Kle-
1240 2451 1241 2464 ι

165 2511 280 2605 άνδρφ
297 2510 339 2582 ού
356 2517 574 2602 βουλομένων
590 2521 659 2582 τῶν
675 2516 860 2602 πολιητέων
876 2510 1052 2599 κατηκόων
1070 2519 1122 2582 ἔτι
1136 2512 1187 2582 εί-

164 2639 238 2698 ναι,
261 2619 307 2703 τῷ
322 2617 426 2704 ἐργφ,
448 2607 494 2691 άς
508 2612 711 2699 ἐπεκράτησε
728 2612 817 2700 μάχη
834 2617 902 2680 τῶν
915 2611 1077 2703 Γελῴων,
1100 2605 1186 2701 ἦρχε

78 2733 81 2736 ’
165 2706 266 2788 αύτδς
287 2707 518 2798 ἀποστερήσας
531 2708 612 2790 τοδς
625 2708 860 2797 Ἱπποκράτεος
880 2714 1009 2789 παῖδας.
1037 2709 1124 2796 μετά
1145 2712 1184 2780 δέ
1239 2783 1240 2794 ,

165 2813 265 2877 τοῦτο
279 2803 317 2875 τὰ
334 2806 464 2896 εὕρημα
474 2806 554 2888 τοδς
563 2809 736 2896 γαμόρους
747 2809 971 2895 καλεομένους
981 2816 1050 2878 τάν
1060 2817 1183 2896 Συρη-
1239 2799 1240 2886 ί

166 2911 290 2975 κοσίων
304 2906 506 2988 ἐκπεσόντας
519 2905 588 2976 ἀπό
602 2933 639 2976 τε
653 2913 713 2976 τοῦ
730 2908 839 2994 δήμου
852 2910 989 2976 καὶτῶν
1006 2911 1183 2995 σφετέρων
1239 2899 1240 2945 ¹

166 3011 311 3096 δούλων,
325 3013 539 3096 καλεομένων
549 3013 587 3078 δέ
597 3015 811 3097 Κυλλυρίων,
825 3007 843 3078 δ
854 3013 969 3078 Γέλων
979 3006 1182 3098 καταγαγοδν

165 3106 305 3187 τούτους
320 3109 356 3176 ἐκ
367 3111 544 3195 Κασμένης
558 3109 675 3188 πόλιος
687 3111 719 3188 ἐς
729 3105 789 3186 τὰς
800 3105 1025 3195 Συρηκούσας
1038 3113 1115 3194 ἐσχε
1126 3110 1181 3176 καί

165 3206 296 3286 ταύτας.
318 3202 337 3274 ὁ
352 3203 418 3292 γάρ
435 3210 538 3294 δῆμος
552 3204 570 3276 ὁ
585 3215 654 3276 τῶν
668 3213 892 3295 Συρηκοσίων
907 3207 1035 3286 ἐπιόντι
1049 3211 1178 3280 Γέλωνι
1238 3273 1239 3279 ,

101 3329 149 3384 ως
164 3308 344 3389 παραδιδοῖ
357 3301 420 3391 τὴν
434 3303 536 3373 πόλιν
550 3309 606 3374 καλ
620 3306 757 3374 ἑωυτόν.
774 3303 811 3373 ‘0
826 3306 863 3374 δὲ
885 3306 993 3374 ἐπείτε
1010 3310 1181 3392 παρέλαβε

164 3399 222 3479 τάς
237 3402 478 3490 Συρηκούσας,
500 3407 605 3493 Γέλης
626 3408 689 3493 μὲν
704 3408 908 3494 ἐπικρατέων
928 3405 1033 3493 λόγον
1047 3405 1180 3476 ἐλάσσω

163 3498 326 3585 ἐποιέετο,
342 3502 518 3587 ἐπιτρέψας
529 3500 636 3591 αὐτην
645 3501 773 3592 Ἱέρωνι
784 3501 938 3596 ἀδελφεῷ
951 3505 1091 3592 ἐωυτού,
1107 3499 1127 3572 ὁ
1141 3505 1179 3572 δέ
1237 3505 1238 3518 ’
