2500 3925
381 206 466 266 mn
497 202 545 261 v1
579 204 680 262 σου.
711 210 796 266 εε-
810 207 853 263 ει.
900 179 905 192 “
1059 197 1099 263 ελ

90 371 189 440 όυδε·
209 367 446 458 ἁρμοσαμένου
463 366 671 449 Λευτυχίδεω
681 361 910 481 Πέρκαλον
874 390 937 451 την
951 368 1102 442 Χίλωνος

86 494 153 538 του
138 470 398 558 ’Δημαρμένου
412 456 614 551 θυγατέρα’
600 485 618 528 ο
636 458 840 547 Δημάρητος
861 458 1102 547 ἐπιβουλεύσας

87 565 285 655 ἀποστερέει
304 566 514 650 Λευτυχίδην
529 564 591 628 τοῦ
609 557 740 647 γάμου,
766 559 903 681 φθάσας
923 555 1023 639 αύτός
1039 583 1103 647 την

86 661 301 753 Πέρκαλον’
285 663 439 749 αρπάσας
458 662 513 729 καὶ
529 655 618 744 σχων
634 672 794 742 γυναῖκα·
821 656 905 728 κατά
926 661 1181 746 τοῦτομὲν·

87 789 138 853 τρι
123 758 360 852 Λευτυχίδῃ
343 789 364 850 η
377 755 508 848 ἐχθρη“
492 785 513 846 η
525 753 603 836 ἐς
568 755 842 844 τουΔημάρητον
852 755 1065 845 ἐγεγόνεε,’
1027 781 1101 825 τοτε

90 861 130 928 δὲ
145 861 236 928 ἐκ
196 887 254 948 της
266 860 471 946 Κλεομένεος
480 860 672 978 προθυμίης
683 851 702 922 ό
713 859 918 942 Δευτυχίδης
932 855 1102 944 κατόμνυ-

89 985 147 1026 ται
161 957 386 1047 Δημαρητου,
406 955 473 1044 φάς
488 949 593 1022 αύτὸυ
608 950 672 1021 ούκ
692 957 896 1041 ίκυεομίνως
909 952 1101 1043 βασιλεύειν

90 1062 350 1146 Σπαρτιητέων,
366 1053 429 1126 ούιι
444 1054 543 1125 έόυτα
553 1058 656 1122 παῖδα
667 1051 872 1141 Ἀρίστωνος.
896 1079 978 1141 μετα
965 1051 1076 1123 δέ
1039 1080 1102 1142 την

88 1161 304 1242 κατωμοσίην
324 1157 440 1224 ἐδίωκε
461 1151 643 1235 ἀνασώζων
664 1154 772 1222 ἐκείνω
792 1149 829 1222 τό
854 1159 947 1243 ἔπος,
974 1151 1012 1222 τό
1031 1152 1102 1222 εἶπε

85 1259 247 1342 Ἀρίστων
261 1256 352 1343 τότε,
367 1253 423 1324 ὅτε
438 1259 472 1324 οί
486 1254 654 1342 ἐξήγγειλε
669 1250 687 1321 ό
704 1255 832 1339 οἰκέτης
847 1258 950 1324 παῖδα
963 1254 1102 1340 γεγονέ·

88 1379 167 1442 ναι,
184 1351 203 1422 ὁ
222 1356 258 1424 δὲ
274 1354 548 1443 συμβαλλόμενος
559 1349 639 1431 τούς
652 1358 759 1440 μῆνας
772 1349 946 1439 ἀπάμοσε,
960 1350 1027 1438 φάς
1038 1347 1101 1420 οὐκ

90 1455 221 1522 ἑωυτοῦ
240 1476 299 1538 μιν
321 1451 417 1522 εἶναι.
427 1450 551 1520 τούτου
568 1446 609 1536 δὴ
625 1446 833 1537 ἐπιβατεύων
847 1456 908 1518 τοῦ
922 1447 1100 1538 βηματοςό

90 1555 297 1638 Λευτυχίδης
308 1547 473 1638 ἀπέφαινε
483 1546 544 1617 τόν
555 1549 762 1637 Δημάρητον
772 1546 850 1615 οὔτε
861 1548 894 1628 ἐξ
905 1544 1101 1635 Ἀρίστωνος

91 1649 256 1736 γεγονότα
271 1647 349 1717 οὔτε
364 1651 567 1736 ἱκνευμένως
587 1646 808 1736 βασιλεύοντα
825 1643 1001 1734 Σπάρτης,
1021 1641 1101 1723 τούς

92 1748 238 1835 ἐφόρους
248 1745 420 1837 μάρτυρας
433 1745 660 1835 παρεχόμενος
671 1747 838 1833 ἐκείνους,
853 1751 889 1814 οἳ
895 1744 970 1814 τότε
982 1751 1101 1830 έτυχον

91 1850 255 1936 πάρεδροί
272 1873 309 1915 τε
329 1845 440 1927 έόντες
464 1849 520 1914 καὶ
540 1841 744 1925 ἀκούσαντες
766 1850 870 1912 ταῦτα
893 1841 1098 1932 Ἀρίστωνος.

94 1951 196 2027 Τέλος
210 1948 247 2016 δέ
263 1947 389 2017 ἐόντιιν
399 1948 475 2036 περὶ
488 1942 601 2014 αύτολυ
615 1947 756 2020 νεικέων
769 1947 861 2025 ἔδοξε
872 1941 1099 2031 Σπαρτιήτῃσι
1114 1943 1149 2002 66

93 2050 284 2135 ἐπείρεσθαι
298 2044 335 2114 τὸ
349 2045 550 2134 χρηστήριον
562 2041 601 2113 τό
614 2047 652 2113 έν
663 2053 846 2131 Δελφοῖσι,
861 2048 892 2111 εί
904 2040 1100 2130 Ἀρίστωνος

92 2154 143 2231 είη
163 2156 240 2223 παῖς
255 2140 273 2210 ὁ
287 2143 496 2232 Δημάρητος.
529 2141 689 2212 ἀνοίστου
702 2142 739 2212 δέ
757 2144 944 2230 γενομένου
958 2143 995 2210 ἐκ
1015 2166 1101 2229 προ-

93 2249 186 2329 νοίης
200 2248 257 2329 τῆς
273 2246 480 2331 Κλεομένεος
494 2245 529 2323 ές
542 2241 604 2331 την
617 2250 756 2329 Πυθίην
770 2244 920 2311 ἐνθαῦτα
935 2260 1101 2328 προσποι-

94 2344 179 2411 έεται
195 2343 385 2428 Κλεομένης
401 2341 549 2430 Κόβωνα
561 2340 622 2411 τόν
635 2339 914 2431 Ἀριστοφάντου,
936 2338 1044 2429 ἀνδρα
1063 2341 1101 2407 ἐν

98 2448 259 2527 Δελφοῖσι
275 2441 523 2509 δυναστεύοντα
540 2444 714 2527 μέγιστον,
729 2437 748 2507 ὁ
763 2438 800 2507 δέ
813 2438 939 2528 Κόβων
953 2443 1101 2525 Περίαλ-

96 2544 157 2606 λαυ
167 2533 229 2621 τὴν
242 2535 429 2621 πρόμαντιν
441 2533 618 2605 ἀναπείθει
629 2534 672 2604 τά
678 2538 869 2622 Κλεομένης
879 2534 1035 2623 έβούλετο
1046 2543 1098 2603 λε

95 2643 215 2723 γεσθαι
225 2634 345 2719 λέγειν.
364 2632 452 2705 οὕτω
464 2633 504 2723 δὴ
516 2633 660 2723 η’Πυθίη
673 2633 930 2723 ἐπειρωτώντων
940 2641 1009 2702 των
1018 2644 1101 2703 θεο-

95 2734 235 2821 πρόπων
256 2738 366 2821 ἔκρινε
387 2731 432 2822 μη
449 2731 647 2821 Ἀρίστωνος
668 2731 753 2802 είυαι
767 2732 974 2822 Δημάρητον
987 2736 1099 2801 παῖδα

95 2831 221 2924 ὑστέρῳ
235 2834 348 2919 μέντοι
363 2834 474 2926 χρόνῳ
486 2829 662 2902 ἀνάπυστα
677 2835 808 2919 ἐγένετο
824 2840 946 2919 ταῦτα,
964 2832 1020 2901 καὶ
1030 2829 1102 2899 Κό·

95 2938 165 3019 βων
187 2955 223 2999 τε
248 2934 352 3018 ἔφυγε
379 2933 415 3001 έκ
435 2938 584 3019 Δελφόν
607 2934 663 3001 καὶ
682 2939 851 3020 Περίαλλα
874 2930 895 3020 ἡ
917 2933 1101 3020 πρόμαντις

95 3028 227 3116 έπαύθη
240 3036 297 3117 τῆς
310 3038 415 3119 τιμῆς.
450 3031 545 3101 Κατά
562 3032 624 3119 μὲν
645 3030 686 3119 δὴ
700 3029 762 3120 τὴν
776 3030 983 3120 Δημαρήτου
998 3028 1103 3097 κατά·
1116 3034 1148 3091 θλ

96 3147 220 3197 παυσιν
232 3137 289 3215 τῆς
304 3136 478 3219 βασιληίης
488 3130 577 3199 οὕτω
590 3134 737 3219 ἐγένετο,
752 3136 875 3218 ἔφευγε
887 3132 925 3198 δέ
935 3127 1102 3215 Δημάρη-

96 3255 148 3309 τος
160 3231 196 3297 έκ
207 3229 366 3317 Σπάρτης
378 3233 411 3311 ές
422 3233 565 3319 Μήδους
576 3234 612 3300 ἐκ
623 3235 757 3300 τοιοῦδε
768 3227 930 3308 ὀνείδεος·
951 3224 1101 3315 μετάτῆς

96 3334 266 3419 βασιληίης
286 3327 348 3419 τὴν
367 3331 578 3401 κατάπαυσιν
599 3330 836 3420 ὁΔημάρητος
857 3324 938 3419 ἦρχε
954 3330 1101 3418 αἱρεθεὶς

97 3430 207 3520 ἀρχήν.
225 3423 314 3519 ἦσαν
325 3432 389 3519 μέν
399 3430 440 3521 δη
453 3431 948 3522 γυμνοπαιδίαι,θηευμένουδδ
958 3439 1099 3520 τοῦΔη-
