2500 3925
338 298 424 357 ΗΒ.
457 298 502 355 111.
535 296 637 357 cm.
672 301 813 359 73-77.
1015 290 1078 359 25³

92 460 123 525 δὲ
139 455 189 525 ἀπ’
209 454 417 545 Ἀχαιμένεος
434 453 675 544 ἐγενεηλόγησε
688 451 752 541 τὴν
771 452 915 543 πατριὴν
929 454 991 544 τὴν
1006 456 1079 527 Κύ-

91 582 157 642 ροο,
175 554 254 643 μετὰ
269 557 306 625 δέ
322 554 367 636 ὡς
380 558 414 635 ἐς
430 561 553 624 τοῦτον
565 556 706 641 κατέβη,
717 554 1000 643 τελευτέωνέλεγε
1014 552 1077 623 ὅσα

89 654 183 739 ἀγαθά
202 662 317 743 Κῦρος
332 659 464 737 Πέρσας
483 652 680 739 πεποιήκοι,
709 649 894 732 διεξελθάν
918 650 954 719 δδ
974 659 1078 723 ταῦτα

86 754 219 839 ελέφαινε
244 751 308 840 τὴν
332 749 515 839 ἀλήθειαν,
541 749 693 837 φάμενος
716 750 883 837 πρότερον
906 751 970 838 μδν
993 748 1078 835 κρύ-

86 872 178 918 πτειν·
202 848 245 920 ού
261 851 329 939 γάρ
343 856 378 919 οί
390 847 475 918 εἶναι
492 846 640 935 ἀσφαλὲς
655 848 767 933 λέγειν
779 845 820 916 τά
836 847 1020 937 γενόμενος
1041 851 1078 917 ἐν

85 952 115 1019 δέ
126 958 166 1043 τῷ
178 952 339 1037 παρεόντι
358 949 548 1037 ἀναγκαίην
561 974 621 1036 μιν
640 950 910 1037 καταλαμβάνειν
924 956 1076 1037 φαίνειν·

84 1054 129 1119 ml
146 1048 183 1138 δὴ
204 1057 314 1137 ἔλεγε,
336 1048 396 1119 τὸν
415 1049 479 1136 μὲν
501 1048 622 1133 Κύρου
639 1048 788 1134 Σμέρδιν
813 1044 858 1127 ὡς
882 1044 984 1129 αύτός
1007 1046 1074 1119 ύπδ

82 1148 258 1237 Καμβύσεω
275 1146 542 1237 ἀναμαξόμενος
558 1144 766 1215 ἀποκτείνειε
771 1196 782 1233 ,
804 1145 883 1228 τούς
894 1149 1024 1236 μάγους
1038 1148 1075 1219 δέ

81 1250 268 1332 βασιλεύειν.
313 1252 462 1338 Πέρσησι
485 1248 523 1315 δὲ
546 1244 654 1316 πολλὰ
680 1245 946 1336 ἐπαρησάμενος,
975 1245 1074 1335 εἰμὴ

80 1347 310 1435 λιακτησαίατο
322 1347 428 1419 ὀπίσω
437 1345 500 1435 την
510 1344 680 1433 άρχηνκαὶ
690 1344 770 1426 τούς
780 1348 1074 1435 μάγοοςτισαίατο,

80 1447 172 1535 ἐπῆκε
191 1447 322 1518 ἑωυτόν
341 1452 394 1517 ἐπὶ
415 1444 567 1534 κεφαλὴν
587 1448 753 1534 φέρεσθαι
772 1444 837 1517 ιἰπδ
858 1454 920 1517 τοῦ
940 1446 1074 1535 πύργον

79 1547 163 1616 κάτω.
195 1549 402 1635 Πρηξάσπης
414 1549 478 1634 μέν
491 1571 557 1613 νυν
571 1542 638 1613 ἐάν
651 1543 711 1613 τόν
725 1546 835 1615 πάντα
847 1544 973 1633 χρόνον
987 1543 1073 1633 άνὴρ

78 1646 200 1734 δόκιμος
214 1646 308 1716 οὕτω
324 1646 524 1732 ἐτελεύτησε.

150 1746 194 1813 θλ
205 1744 245 1812 δὲ
261 1742 302 1832 δὴ
324 1743 404 1812 ἑπτά
426 1751 493 1811 τῶν
505 1744 667 1825 Περσέων
685 1740 730 1821 ὡς
750 1744 995 1829 ἐβουλεύσαντο
1010 1742 1071 1813 αύ-
1088 1754 1123 1813 76

78 1853 139 1913 τίκα
159 1849 360 1932 ἐπιχειρέειν
382 1860 468 1914 τοῖσι
488 1844 624 1930 μάγοισι
649 1844 704 1911 καλ
724 1840 769 1929 μη
791 1839 1073 1934 ύπεββάλλεσθαι,

77 1942 163 2030 ἤισαν
177 1940 358 2032 εὐξάμενοι
368 1959 454 2013 τοῖσι
465 1954 593 2029 θεοῖσι,
609 1948 678 2011 τῶν
687 1944 764 2031 περὶ
773 1943 975 2030 Πρηξάσπεα
987 1968 1075 2031 πρη-

77 2046 217 2126 χθέντων
233 2043 358 2124 εἰδότες
373 2041 483 2112 οὐδέν.
507 2039 645 2130 έντεδὴ
661 2050 702 2132 τῇ
712 2039 781 2133 ὁδῷ
792 2043 877 2133 μέση
891 2051 1074 2132 στείχοντες

76 2143 214 2226 ἐγίνοντο
226 2145 284 2210 καλ
294 2139 335 2210 τά
346 2145 423 2226 περὶ
432 2143 636 2229 Πρηξάσπεα
650 2139 813 2228 γεγονότα
825 2143 1070 2212 ἐπυνθάνοντο.

77 2240 214 2308 ἐνθαῦτα
236 2240 412 2320 ἐκστάντες
431 2248 490 2328 τῆς
509 2237 594 2308 ὁδοῦ
610 2242 767 2308 ἐδίδοσαν
786 2232 882 2320 αύτις
896 2249 990 2329 σφίσι
1013 2241 1072 2312 λό-

75 2365 160 2425 γους,
176 2343 212 2408 οί
224 2340 288 2425 μέν
301 2336 388 2427 άμφλ
402 2338 463 2409 τδν
475 2338 616 2427 Ὀτάνην
631 2339 743 2426 πάγην
758 2341 952 2424 κελεύοντες
965 2341 1071 2428 ὑπερ-

75 2436 252 2520 βάλλεσθαι
262 2439 345 2525 μηδὲ
359 2439 540 2508 οἰδεόντων
550 2445 619 2506 τάν
632 2437 837 2524 πρηγμάτων
848 2441 1071 2521 ἐπιτίθεσθαι,

74 2543 102 2605 οί
109 2540 143 2607 δέ
156 2535 245 2626 άμφὶ
259 2537 320 2608 τόν
328 2550 478 2626 Δαρεῖον
488 2537 607 2608 αύτίκα
620 2565 657 2607 τε
671 2543 756 2608 ἰέναι
770 2542 825 2608 καλ
835 2536 876 2606 τά
889 2541 1071 2626 δεδογμένα

75 2641 190 2706 ποιέειν
221 2638 306 2724 μηδέ
332 2635 615 2727 ὑπερβάλλεσθαι.
649 2634 865 2724 ὠθιζομένων
894 2635 926 2707 δ’
960 2635 1073 2708 αὐτῶν

75 2735 172 2822 ἐφάνη
196 2735 327 2824 ίρήκων
347 2734 428 2804 ἑπτά
446 2736 563 2821 ζεύγεα
580 2735 643 2804 δύο
665 2741 832 2822 αίγυπιων
855 2735 970 2823 ζεύγεα
993 2734 1074 2805 διά-

75 2857 167 2901 κοντα
181 2837 240 2902 καὶ
252 2835 408 2903 τίλλοντά
423 2861 459 2903 τε
472 2836 528 2903 καλ
542 2831 753 2921 ἀμύσσοντα·
774 2834 903 2916 ἰδόντες
918 2835 954 2903 δὲ
969 2841 1074 2902 ταῦτα

75 2939 103 3002 οί
113 2932 192 3003 ἑπτά
206 2935 270 3023 τήν
283 2961 320 3003 τε
329 2942 480 3021 Δαρείου
494 2936 617 3015 πάντες
631 2946 747 3006 αίνεον
760 2937 900 3026 γνιύμην
915 2938 969 3006 καὶ
984 2943 1075 3006 ἐπει-

74 3059 123 3099 τεν
144 3033 244 3122 ἤισαν
261 3035 315 3103 ἐπὶ
335 3032 374 3102 τά
398 3034 554 3123 βασιλήια
577 3036 823 3124 τεθαρσηκότες
841 3051 926 3105 τοῖσι
952 3034 1071 3120 ὄρνισι.

71 3129 230 3202 ’δπιστᾶσι
249 3132 286 3201 δέ
307 3136 361 3203 ἐπὶ
385 3133 444 3214 τάς
468 3135 576 3213 πύλας
599 3137 727 3222 ἐγίνετο
753 3131 827 3204 οἷόν
847 3160 879 3203 τι
895 3137 1029 3223 Δαρείφ
1051 3129 1119 3218 ηπ

74 3231 183 3318 γνύμη
206 3238 322 3320 ἔφερε·
353 3231 607 3318 καταιδεόμενοι
631 3230 696 3321 γάρ
718 3237 752 3301 οί
776 3233 923 3320 φύλακοι
949 3230 1074 3322 ἄνδρας

75 3329 145 3412 τούς
157 3336 318 3420 Περσέων
335 3331 506 3421 πρότονς,
522 3334 574 3402 καὶ
590 3329 693 3401 οὐδέν
712 3338 846 3400 τοιοῦτο
861 3327 1074 3400 ὑποπτεύον-

76 3454 120 3508 τες
138 3431 173 3512 ἐξ
198 3428 310 3499 αὐτῶν
337 3437 492 3519 ἔσεσθαι,
513 3428 679 3521 παρίεσαν
698 3437 777 3520 θείη
799 3438 915 3518 πομπῇ
937 3434 1073 3518 χρεομέ-

76 3557 165 3620 νους,
189 3528 262 3601 οὐδ’
280 3533 443 3616 έπειρύτα
466 3531 586 3612 οὐδείς.
632 3532 740 3598 ἐπείτε
765 3531 802 3597 δὲ
821 3532 877 3596 καὶ
896 3536 1074 3613 παρῆλθον
