2500 3925
318 231 403 286 LlB.
438 231 484 287 Vl.
520 229 619 290 cAP.
653 236 796 292 40-44.
1019 231 1062 298 Π

45 389 163 458 λέουσι
177 391 211 456 οί
219 389 347 477 Πέρσαι
363 387 403 458 τά
418 387 598 478 τριήκοντα
609 389 745 478 στάδια,
763 385 848 463 κατά
862 392 903 482 δή
919 394 1061 480 τούτους

44 485 213 575 μετρήσας
230 487 359 575 φόρους
374 493 466 570 ἔταξε
477 489 664 575 ἑκάστοισι,
679 495 715 557 οδ
727 489 811 559 κατά
821 493 935 581 χύρην
949 499 1061 565 διατε-

45 591 163 657 λέουσι
178 593 307 676 ἔχοντες
322 591 359 657 έκ
375 589 499 657 τούτου
516 595 578 656 τοῦ
598 590 726 675 χρόνον
742 593 807 660 αίεί
821 597 869 660 ἔτι
883 597 939 663 καὶ
953 597 988 674 ές
1003 597 1060 681 έμέ

46 685 94 766 ὡς
115 687 305 774 ἐτάχθησαν
325 691 359 769 ἐξ
381 685 639 776 Ἀρταφέρνεος,
664 688 855 776 ἐτάχθησαν
879 695 917 760 δὲ
939 693 1060 781 σχεδόν

45 781 184 853 κατὰτὰ
196 783 333 854 αότδτά
345 790 401 855 καὶ
414 785 582 873 πρότερον
597 783 696 872 εἶχον.
729 796 800 857 Καί
807 810 869 877 σφι
879 799 984 862 ταῦτα
996 794 1060 880 μέν
1073 803 1108 862 43

45 893 201 973 εἰρηναῖα
213 881 275 974 ήν,
294 886 363 974 ἅμα
380 888 416 956 δέ
429 894 474 978 τῷ
484 892 558 972 ἐαρι
573 893 643 954 τῶν
656 885 769 956 άλλων
782 897 1062 979 καταλελυμένων

44 989 244 1072 στρατηγῶν
255 985 291 1052 έκ
301 987 455 1073 βασιλέος
462 984 662 1069 Μαρδόνιος
673 981 692 1052 ὁ
703 988 874 1073 Γοβρύεω
884 991 1062 1076 κατέβαινε

43 1085 100 1152 ἐπὶ
110 1082 300 1171 θάλασσαν,
308 1081 452 1168 στρατὸν
462 1080 591 1152 πολλόν
601 1084 665 1170 μέν
673 1083 780 1170 κάρτα
789 1085 891 1168 πεζόν
898 1084 968 1172 ἅμα
977 1085 1061 1185 ἀγό-

44 1211 158 1270 μενος,
165 1180 292 1252 πολλόν
302 1185 339 1251 δέ
346 1180 521 1270 ναυτικὸν,
527 1180 664 1269 ἡλικίην
671 1208 708 1250 τε
718 1186 794 1262 νέος
802 1183 868 1252 ἐόν
878 1188 1060 1254 καίνεωστὶ

43 1279 242 1370 γεγαμηκδες
263 1286 416 1370 βασιλέος
437 1289 589 1369 Δαρείου
608 1285 782 1369 θυγατέρα
800 1281 1057 1373 Ἀρτοζύστρην.

44 1382 140 1468 άγων
151 1382 187 1449 δέ
196 1379 258 1450 τόν
272 1379 415 1468 στρατόν
424 1388 547 1450 τοῦτον
559 1379 577 1450 ὁ
589 1381 790 1469 Μαρδόνιος
805 1383 913 1452 έπείτε
927 1385 1058 1469 ἐγένετο

45 1483 85 1548 έν
99 1487 141 1570 τῇ
156 1487 309 1569 Κιλικίῃ,
324 1476 426 1558 αὐτὸς
442 1480 505 1565 μὲν
519 1476 638 1568 ἐπιβάς
652 1481 706 1548 έκδ
720 1475 798 1558 νεός
810 1481 976 1566 ἐκομίζετο
990 1479 1059 1568 ἅμα

43 1587 120 1668 τῇσι
132 1578 251 1669 άλλησι
260 1583 372 1665 νηυσί,
384 1569 543 1665 στρατιήν
553 1578 590 1646 δέ
600 1577 664 1664 τήν
673 1575 776 1664 πεζήν
789 1576 885 1646 ἄλλοι
897 1577 1059 1668 ἡγεμόνες

43 1671 132 1764 ήγον
143 1679 196 1744 ἐπὶ
205 1675 266 1745 τόν
274 1675 528 1763 Ἑλλήσποντον.
545 1675 589 1756 ὡς
599 1677 637 1744 δέ
648 1676 935 1765 παραπλάωντήν
945 1676 1058 1765 Ἀσίην

45 1776 183 1846 ἀπίκετο
200 1773 218 1846 ό
235 1778 433 1860 Μαρδόνιος
447 1779 481 1856 ἐς
493 1774 556 1863 τήν
568 1773 714 1864 Ἰωνίην,
737 1778 887 1845 ένθαῦτα
900 1780 1058 1865 μέγιστον

44 1882 147 1962 θαῖμα
172 1877 252 1965 ε’ρέω
274 1873 417 1962 τοίσιμή
430 1873 887 1962 ἄποδεκομένοισιἙλλήνων
896 1878 1058 1962 Περσέων
1114 1876 1121 1886 ’

44 1990 131 2044 τοῖσι
147 1972 228 2044 ἑπτά
242 1974 384 2063 ’Ὀτάνην
391 1975 532 2063 γνώμην
552 1975 798 2063 ἀποδέξασθαι,
819 1973 864 2056 ὥς
876 1974 986 2064 χρεόν
1007 1986 1058 2063 είη

45 2076 336 2162 δημοκρατέεσθαι
348 2080 497 2165 Πέρσας·
521 2074 601 2155 τούς
617 2074 684 2162 γάρ
700 2075 892 2164 τυράννους
907 2083 976 2144 τῶν
987 2076 1058 2145 Ἰά-

46 2200 117 2241 νων
127 2172 344 2253 καταπαύσας
357 2174 487 2254 πάντας
499 2171 725 2262 ὁΜαρδόνιος
738 2180 960 2263 δημοκρατίας
973 2204 1055 2245 κατ-

44 2283 119 2345 ίστα
136 2279 169 2355 ἐς
191 2274 251 2355 τὰς
275 2273 383 2356 πόλις.
431 2282 537 2351 ταῦτα
558 2279 595 2345 δὲ
615 2277 758 2363 ποιήσας
771 2273 925 2363 ήπείγετο
944 2279 979 2355 ἐς
994 2274 1055 2345 τδν

41 2368 295 2461 Ἑλλήσποντον.
319 2375 364 2454 ὡς
378 2378 415 2444 δὲ
427 2375 611 2461 συνελέχθη
622 2374 686 2462 μέν
696 2381 806 2463 χρῆμα
816 2373 944 2445 πολλόν
953 2383 1054 2466 νεῶν,

45 2476 232 2559 συνελέχθη
249 2474 285 2541 δέ
299 2476 354 2540 καὶ
368 2471 465 2553 πεζός
479 2471 618 2561 στρατός
632 2482 773 2559 πολλός,
789 2474 965 2562 διαβάντες
979 2482 1056 2563 τῇσι

44 2571 146 2657 νηυσὶ
160 2567 223 2637 τόν
236 2566 483 2657 Ἑλλήσποντον
504 2571 709 2658 ἐπορεύοντο
730 2569 785 2638 διά
802 2578 860 2659 τῆς
873 2570 1053 2663 Εὐρύτης,

44 2666 249 2755 ἐπορεύοντο
265 2669 301 2735 δέ
316 2671 374 2736 ἐπί
383 2694 420 2737 τε
430 2666 599 2755 Ἐρέτριαν
613 2673 670 2738 καὶ
681 2667 836 2757 Ἀθήνας.
870 2663 980 2741 Αόται
991 2675 1054 2761 μέν
1068 2689 1102 2743 44

46 2760 95 2835 ὧν
110 2788 171 2854 σφι
186 2765 362 2855 πρόσχημα
377 2762 466 2855 ήσαν
479 2775 542 2837 τοῦ
556 2769 696 2855 στόλου,
719 2767 803 2856 άτδρ
821 2772 859 2838 ἐν
874 2770 944 2863 νόφ
958 2778 1055 2860 ἔχον

44 2892 98 2943 τες
112 2864 192 2945 ὅσας
202 2861 247 2933 άν
257 2872 413 2945 πλείστας
427 2867 589 2935 δύναιντο
599 2873 889 2957 καταστρέφεσθαι
903 2880 972 2939 τῶν
980 2869 1055 2940 Ἑλ-

4 3036 5 3041 ,
44 2967 191 3049 ληνίδων
204 2972 351 3052 πολίων,
368 2973 468 3034 τοῦτο
482 2970 545 3052 μὲν
561 2964 687 3055 δήτήσι
702 2972 801 3055 νηυσί
813 2978 959 3049 Θασίους
974 2968 1054 3037 οὐδὲ

45 3078 154 3151 χεῖρας
167 3062 449 3152 ἀνταειραμένους
463 3068 738 3153 κατεστρέψαντο,
752 3076 852 3138 τοῦτο
863 3070 900 3137 δέ
910 3076 958 3158 τῷ
967 3073 1053 3158 πεζῷ

46 3162 248 3241 Μακεδόνας
258 3163 341 3250 πρὸς
351 3178 437 3233 τοῖσι
448 3162 636 3252 ὑπάρχουσι
649 3165 793 3245 δούλους
803 3167 1055 3253 προσεκτήσαν-

45 3288 98 3331 το·
127 3262 168 3330 τά
184 3260 250 3349 γάρ
266 3261 359 3342 ἐντὸς
374 3264 590 3333 Μακεδόνων
609 3270 714 3333 ἔθνεα
727 3265 838 3334 πάντα
852 3284 914 3353 σφι
929 3265 993 3353 ήδη
1007 3258 1054 3353 ήν

46 3358 218 3447 ὑποχείρια
228 3361 400 3447 γεγονότα.
416 3368 453 3431 έκ
465 3361 579 3450 μὲνδὴ
591 3363 708 3433 Θάσον
719 3364 936 3453 διαβαλόντες
945 3368 1053 3452 πέρην

48 3455 111 3528 ὑπὸ
120 3455 182 3546 τήν
191 3456 529 3549 ήπειρονέκομίζοντο
541 3466 637 3547 μέχρι
647 3459 828 3551 Ἀκάνθου,
840 3467 877 3533 έκ
888 3462 1055 3535 δὲἈκάν-
