2500 3925
155 185 199 250 94
531 188 787 247 HERODOTI

156 345 315 436 στρατιήν
337 343 445 434 ἀπῆκε
461 343 597 416 ἀπιέναι
617 349 651 426 ές
664 345 844 434 Σπάρτην,
868 353 995 433 χιλίους
1016 347 1052 416 δὲ
1066 346 1182 429 αὐτὸς

156 446 271 537 λαβόιν
282 444 362 527 τοάς
373 444 525 534 ἀριστέας
538 447 590 535 ήιε
605 452 639 528 ἐς
651 445 687 517 τό
698 445 836 533 Ἡραῖον
846 446 977 518 θόσων.
1001 449 1180 538 βουλόμε-

156 575 220 619 νον
235 548 272 617 δδ
287 543 392 617 αὐτόν
405 548 508 616 θόειν
530 549 583 616 ἐπὶ
599 554 662 615 τοῦ
678 551 796 633 βωμοῦ
816 542 835 614 ὁ
856 543 949 632 ίρεδς
966 543 1178 638 ἀπηγόρευε,

158 645 225 735 φάς
236 644 300 716 οάκ
314 645 410 715 ὅσιον
421 645 506 715 εἶναι
518 648 615 737 ξείνῳ
626 643 751 715 αὐτόθι
761 643 873 714 θόειν.
896 644 915 714 ό
930 645 966 714 δὲ
977 649 1179 734 Κλεομένης

156 745 217 817 τόν
228 749 301 834 έρέα
312 748 443 816 έκέλενε
453 742 532 825 τούς
543 748 680 824 εἵλωτας
691 740 756 812 ἀπό
769 750 830 812 τοῦ
841 749 959 832 βωμοῦ
970 741 1177 832 ἀπαγαγόνν

75 844 83 859 ’
157 869 215 923 τας
228 851 451 931 μαστιγῶσαι,
466 846 522 914 καί
533 840 634 923 αὐτὸς
646 848 766 912 ἔθυσε·
788 842 930 929 ποιήσας
941 843 1092 910 δὲταῦτα
1103 840 1177 910 ἀπ-

112 941 210 1029 θλήιε
220 944 253 1021 ές
263 939 505 1030 τήνὶλπάρτην.
517 942 740 1030 Νοστήσαντα
750 943 791 1009 δέ
798 967 857 1028 μιν
866 937 998 1026 ὑπῆγον
1009 946 1044 1010 οί
1053 943 1176 1028 ἐχθροὶ

156 1036 224 1110 ὑπὸ
236 1036 315 1118 τοάς
326 1039 640 1128 έφόρονς,φάμενοι’
646 1065 705 1127 μιν
715 1037 994 1126 δωροδοκήσαντα
1006 1035 1069 1107 οὐκ
1080 1041 1175 1108 έλεῑν

153 1141 193 1212 ’τό
206 1141 343 1229 Ἄρηος,
364 1137 492 1224 παρεόν
513 1138 675 1220 εὐπετέως
691 1165 750 1228 μιν
766 1145 862 1209 ἑλεῖν.
891 1138 909 1211 ὁ
932 1143 972 1209 δέ
983 1159 1045 1227 σφι
1066 1143 1171 1228 ἔλεξε,

157 1239 235 1309 οὔτε
251 1244 281 1307 εί
290 1238 497 1327 ψευδόμενος
507 1238 586 1309 οὕτε
598 1246 630 1310 εί
638 1237 766 1327 ἀληθέα
777 1242 901 1327 λέγων,
917 1245 980 1326 έηω
991 1242 1174 1332 σαφηνέως

158 1339 264 1425 εἶπαι,
282 1342 370 1420 ἔλεξε
391 1337 424 1407 δ’
446 1333 496 1408 όν
517 1339 684 1426 φόμενος,
718 1341 825 1410 έπείτε
849 1337 947 1427 δήτὸ
968 1346 1028 1407 τοῦ
1044 1337 1171 1427 Ἄργον

156 1434 233 1523 λρδν
245 1431 322 1524 εἷλε,
330 1439 460 1506 δοκέειν
470 1444 505 1507 οί
512 1441 749 1526 ἐξεληλυθέναι
758 1435 819 1506 τόν
828 1435 979 1527 χρησμόν
990 1445 1051 1507 τοῦ
1061 1444 1153 1508 θεοῦ

157 1533 242 1623 πρός
257 1529 306 1604 όν
321 1544 427 1608 ταῦτα
443 1536 485 1607 οά
500 1544 657 1608 δικαιοῦν
671 1545 792 1626 πειρᾶν
806 1545 863 1626 τῆς
877 1538 1009 1626 πόλιος,
1032 1544 1115 1622 πρίν
1128 1563 1170 1624 με

158 1634 198 1723 δὴ
222 1640 324 1724 ίροίσι
339 1634 498 1725 χρήσηται
514 1638 570 1706 καὶ
590 1635 703 1726 μέθη,
726 1645 790 1706 εδιε
805 1641 839 1705 οί
856 1633 874 1705 ὁ
892 1635 974 1716 θεὸς
987 1640 1171 1721 παραδιδοι

159 1743 224 1802 ελτε
238 1736 274 1802 οί
286 1730 443 1820 έμποδοδν
461 1737 594 1822 ἕστηκε·
616 1735 864 1826 καλλιρενμένφ
881 1735 919 1803 δὲ
933 1737 971 1804 έν
984 1732 1169 1826 τῷἩραίςο

157 1834 194 1900 έκ
207 1838 269 1900 τοῦ
282 1828 554 1919 ἀμόλματοςτόν
567 1833 722 1918 στηθέων
737 1833 848 1919 φλόγα
863 1829 971 1917 πυρός
987 1831 1168 1919 έιιλάμωαι,

155 1941 280 2018 μαθεῖν
297 1932 334 2000 δὲ
347 1927 449 2012 αὐτός
464 1928 555 2001 οὕτω
569 1927 632 2019 τήν
649 1927 838 2020 ἀτρέκειαν,
863 1929 915 2000 ότι
930 1927 993 2001 οάκ
1007 1931 1112 2018 αλρέει
1127 1929 1166 1997 τό
1248 1919 1249 1946 ’

154 2027 291 2116 Ἄργος·
313 2036 345 2099 ελ
356 2029 419 2116 μὲν
438 2026 505 2117 μάρ
526 2033 562 2099 έκ
583 2038 641 2117 τῆς
661 2038 807 2118 κεφαλῆς
827 2036 888 2099 τοῦ
908 2027 1097 2119 ἀμόλματος
1112 2030 1167 2107 έξ-
1247 2040 1248 2062 ¹

156 2129 293 2214 έλαμήε,
301 2130 427 2214 αἱρέειν
437 2124 482 2196 ἀν
492 2126 566 2196 κατ’
574 2127 679 2217 ἀκρης
691 2126 753 2217 τήν
764 2128 920 2216 πόλιν,έκ
931 2136 1000 2197 τῶν
1010 2128 1166 2215 στηθέων

157 2227 194 2293 δὲ
206 2223 400 2311 λάμψαντος
414 2233 483 2294 πᾶν
498 2230 533 2295 οί
543 2234 763 2316 πεποιῆσθαι,
779 2227 862 2299 ὅσον
875 2225 894 2297 ὁ
908 2225 991 2307 θεός
1005 2226 1164 2315 έβοόλετο

155 2324 326 2410 γενέσθαι.
358 2331 463 2393 ταῦτα
478 2326 514 2393 δὲ
534 2328 643 2413 λέγων
663 2327 764 2397 πιστά
783 2353 819 2396 τε
839 2331 894 2395 καί
916 2324 1029 2395 οίκότα
1050 2324 1164 2395 έδόιιεε

156 2419 386 2512 Σπαρτιήτῃσι
401 2426 529 2512 λέγειν,
542 2428 599 2495 καλ
614 2423 768 2513 ἀπέφυγε
784 2424 911 2497 πολλὸν
925 2422 1004 2505 τούς
1019 2422 1164 2494 διιόκον-
1243 2498 1244 2512 ἒ

112 2536 145 2592 83
155 2551 222 2605 τας.
264 2522 385 2612 Ἀργος
398 2526 435 2595 δέ
450 2524 586 2611 ἀνδρῶν
603 2525 758 2614 έχηρόθη
776 2524 882 2612 οὕτω,
901 2522 984 2615 οἷστε
999 2529 1034 2594 οί
1046 2528 1162 2594 δοῦλοι
1242 2598 1243 2625 ¹

155 2621 269 2692 αὐτῶν
278 2630 375 2711 ἔσχον
386 2626 497 2696 πάντα
506 2624 547 2695 τά
557 2626 734 2716 πρήγματα
746 2624 902 2715 ἄρχοντές
913 2652 948 2697 τε
958 2630 1014 2695 καὶ
1025 2628 1162 2695 διέπον-

155 2747 226 2809 τες,
248 2724 281 2801 ές
295 2720 315 2792 ό
330 2722 503 2812 ἐπήβησαν
517 2730 552 2795 οί
562 2733 630 2797 τῶν
644 2724 863 2814 ἀπολομένων
881 2730 1004 2804 παῖδες.
1034 2726 1161 2794 έπειτέν

156 2842 261 2908 σφεας
275 2814 371 2891 οὗτοι
390 2815 626 2909 ἀνακτεόμενοι
643 2823 748 2896 ὀπίσω
771 2829 804 2906 ές
826 2822 971 2905 έωντοάς
989 2849 1026 2895 το
1041 2822 1161 2912 ’Ἀρμος

154 2927 327 3012 ἐξέβαλον·
342 2921 567 3009 έξωθεόμεηοι
578 2927 657 2994 δέοί
665 2930 780 2995 δοῦλοι
790 2925 878 3015 μάχη
889 2930 986 3012 έσηον
996 2929 1158 3011 Ίζίρννθα.

153 3027 235 3103 τέως
249 3023 312 3109 μέν
326 3020 369 3109 δή
389 3042 450 3107 σφι
466 3014 512 3109 ήν
524 3019 655 3108 ἄρθμια
669 3024 702 3102 ές
720 3020 903 3110 ἀλλήλους,
925 3026 1054 3091 ἔπειτεν
1071 3020 1106 3087 δέ
1126 3021 1158 3097 ές
1237 3104 1238 3107 ¹

153 3118 232 3200 τοάς
249 3120 393 3199 δούλους
406 3113 492 3208 ήλθε
512 3115 598 3207 ἀνήρ
619 3119 738 3205 μάντις
751 3123 960 3207 Κλέανδρος,
980 3127 1078 3207 μένος
1093 3116 1109 3184 έ
1123 3112 1131 3134 “

151 3215 319 3303 Φιγαλεὺς
333 3213 394 3286 ἀπ’
410 3214 599 3306 Ἀρκαδίης·
622 3209 721 3299 οὗτος
736 3214 815 3298 τούς
830 3218 975 3297 δοόλονς
989 3214 1156 3303 ἀνέγνωσε

151 3316 332 3384 ἐπιθέσθαι
344 3328 430 3383 τολσι
444 3315 632 3405 δεσπότησι.
654 3318 691 3385 έκ
702 3316 825 3387 τούτου
836 3317 873 3386 δὲ
883 3312 1029 3401 πόλεμός
1039 3332 1099 3399 σφι
1110 3304 1155 3400 ήν

151 3414 204 3481 έπλ
212 3412 339 3496 χρόνον
350 3411 558 3500 σοχνόν,έςό
565 3409 606 3501 δή
614 3413 711 3501 μόγις
722 3420 756 3483 ολ
765 3412 905 3504 Ἀρμείοι
917 3410 1153 3500 έπεκρότησαν.
