2500 3925
367 294 813 359 L13.1.0AP.80-52
1058 298 1099 361 4³

98 456 194 543 μένου
216 460 374 542 Κροίσου.
408 454 466 535 ’Ἐς
486 480 522 523 τε
543 452 584 542 δη
607 447 657 523 ύν
679 455 739 539 τάς
752 458 855 539 ἄλλας
871 466 996 549 ἔπεμπε
1009 476 1140 551 §vu-8²

96 558 207 639 μαχίας
225 557 279 622 καλ
294 552 334 640 δὴ
351 556 406 623 καὶ
423 558 456 634 ές
470 558 716 642 Λακεδαίμονα.
745 572 832 626 τοίσι
847 562 884 627 δὲ
898 563 951 629 καί
966 558 1098 631 αύτοισι

95 664 174 718 τοῖσι
188 653 419 742 Σπαρτιήτῃσι
438 649 507 720 κατ’
523 650 630 721 αὐτόν
645 661 768 724 τούτου
780 653 843 724 τόν
856 658 981 745 χρόνον
994 680 1097 727 σννε·
1145 726 1150 735 ,

94 754 258 822 κεπτύκεε
275 760 344 841 ἔρις
358 757 460 823 ἐοῦσα
476 752 562 841 πρδς
574 751 746 841 Ἀργείους
760 761 836 845 περὶ
849 758 963 846 χύρου
976 768 1097 830 καλεο·

93 858 193 938 με’νου
209 856 347 940 Θυρέης.
371 850 430 933 τάς
444 851 511 941 γάρ
526 856 658 940 Θυρέας
672 855 797 935 ταύτας
813 857 935 936 ἐούσας
947 863 1006 945 τῆς
1018 854 1095 943 Ἀρ-

92 955 219 1037 γολίδος
241 957 358 1039 μοίρης
381 950 631 1040 ἀποταμόμενοι
652 958 750 1041 ἔσχον
775 959 810 1023 οί
820 956 1092 1043 Λακεδαιμόνιοι.

90 1044 131 1138 ἦν
151 1052 187 1119 δὲ
207 1054 263 1119 καὶ
286 1048 306 1139 ἡ
331 1056 426 1140 μέχρι
441 1060 591 1121 Μαλεῶν
611 1050 632 1141 ἡ
655 1050 741 1141 πρός
761 1056 905 1143 ἕσπέρην
923 1053 1094 1143 Ἀργείων,

89 1148 109 1236 ἦ
127 1176 162 1216 τε
183 1150 220 1217 ἐν
241 1153 281 1238 τῇ
302 1147 429 1241 ἠπείρφ
449 1152 540 1240 χάρη
563 1155 617 1220 καί
640 1148 661 1239 ἡ
680 1158 840 1240 Κυθηρίη
861 1162 963 1243 νῆσος
983 1157 1038 1223 καί
1060 1156 1097 1220 αί

88 1250 197 1316 λοιπαὶ
218 1255 286 1317 τῶν
307 1250 430 1335 νήσων.
475 1250 710 1337 βωθησάντων
731 1250 938 1341 δέἈργείιον
952 1259 992 1342 τῇ
1009 1271 1096 1339 σφε-

87 1355 161 1439 τέρη
173 1346 449 1440 ἀποταμνομένῃ,
465 1354 615 1419 ἐνθαῦτα
627 1356 819 1441 συνέβησαν
829 1356 863 1433 ἐς
874 1353 997 1441 λόγους
1008 1373 1094 1420 συν-

87 1448 261 1535 ελθόντες,
277 1447 361 1517 ὥστε
376 1454 588 1537 τριηκοσίους
600 1453 767 1541 ἑκατέρων
777 1456 997 1539 μαχέσασθαι,
1012 1446 1093 1519 ὁκό-

86 1576 172 1636 τεροι
189 1546 222 1617 δ’
242 1544 286 1616 ἀν
300 1553 558 1638 περιγένωνται,
581 1552 713 1620 τούτων
728 1550 814 1620 εἶναι
828 1548 890 1619 τόν
903 1557 1031 1637 χῶρον,
1054 1546 1091 1617 τό

85 1650 118 1717 δὲ
132 1654 266 1735 πλῆθος
278 1657 339 1716 τοῦ
355 1656 499 1735 στρατοῦ
515 1647 792 1721 ἀπαλλάσσεσθαι
807 1650 968 1734 ἑκάτερον
982 1649 1015 1728 ἐς
1029 1644 1093 1735 τήν

83 1753 211 1817 ἑωυτοῦ
225 1747 309 1834 μηδὲ
324 1752 529 1834 παραμένειν
545 1746 819 1838 ἀγωνιζομένων,
834 1753 941 1817 τῶνδε
951 1752 1091 1833 εἵνεκεν,

83 1844 197 1935 ἵναμὴ
214 1845 411 1933 παρεόντων
424 1853 492 1914 τῶν
508 1852 744 1934 στρατοπέδων
760 1845 913 1935 ὁρέοντες
929 1849 963 1913 οί
984 1849 1091 1929 ἕτεροι

82 1950 308 2035 ἑσσουμένους
327 1943 406 2026 τούς
427 1951 611 2036 σφετέρους
631 1947 846 2034 ἐπαμύνοιεν.
885 1949 1091 2030 συνθέμενοι

83 2053 183 2115 ταῦτα
196 2044 463 2133 ἀπαλλάσσοντο,
479 2047 621 2131 λογάδες
632 2046 669 2115 δέ
684 2049 853 2130 ἑκατέρων
861 2042 1093 2129 ὑπολειφθέν·

80 2171 130 2225 τες
154 2148 357 2233 συνέβαλον.
393 2148 592 2231 μαχομένων
618 2150 658 2213 δέ
682 2165 797 2233 σφεων
821 2146 877 2212 καλ
902 2149 1093 2229 γινομένων

79 2248 270 2312 ἰσοπαλέων
314 2240 533 2312 ὑπελείποντο
560 2245 593 2324 ἐξ
618 2241 757 2330 ἀνδρῶν
782 2246 966 2324 ἑξακοσίων
992 2252 1091 2323 τρεῖς,

76 2342 236 2430 Ἀργείων
252 2344 315 2430 μὲν
328 2341 497 2431 Ἀλκήνωρ
514 2371 550 2412 τε
565 2347 620 2412 καὶ
634 2345 800 2433 Χρόμιος,
812 2343 1093 2427 Λακεδαιμονίων

78 2443 112 2509 δὲ
132 2440 344 2528 Ὀθρυάδης·
383 2439 641 2530 ὑπελείφθησαν
665 2444 701 2510 δέ
726 2434 821 2510 οὗτοι
847 2434 970 2517 νυκτός
993 2439 1092 2504 ἐπελ-

76 2539 217 2628 θούσης.
260 2545 295 2608 οί
316 2541 379 2628 μὲν
402 2538 442 2630 δὴ
467 2542 530 2610 δύο
550 2549 619 2610 τῶν
638 2539 797 2629 Ἀργείων
818 2537 862 2619 ὡς
876 2536 1092 2624 νενικηκότες

77 2645 180 2707 ἐθεον
205 2642 239 2718 ἐς
260 2636 298 2706 τό
317 2638 455 2728 Ἀργος,
473 2639 490 2710 ὁ
509 2642 546 2710 δὲ
562 2649 631 2711 τῶν
648 2644 928 2727 Λακεδαιμονίων
942 2633 1092 2722 Ὀθρνά·

78 2740 135 2824 δης
150 2738 342 2818 σκυλεύσας
357 2735 438 2817 τούς
451 2735 609 2826 Ἀργείων
624 2736 768 2826 νεκρούς
778 2740 834 2807 καὶ
848 2733 1089 2825 προσφορήσαί

77 2833 114 2900 τά
136 2834 227 2904 όπλα
249 2834 334 2925 πρός
354 2834 391 2904 τό
414 2841 541 2906 ἑαυτοῦ
563 2837 791 2925 στρατόπεδον
810 2839 848 2905 ἐν
866 2841 907 2924 τῇ
928 2833 1004 2913 τάξι
1021 2828 1086 2915 εἶχε

79 2937 216 3006 ἑωυτόν.
247 2933 353 3026 ἡμέρη
369 2939 406 3005 δὲ
421 2942 560 3028 δευτέρη
578 2945 733 3027 παρῆσαν
747 2934 1005 3021 πυνθανόμενοι
1022 2927 1087 3015 άμ-

80 3034 226 3122 φότεροι.
266 3037 349 3115 τέως
372 3035 434 3123 μὲν
461 3033 502 3123 δὴ
528 3035 624 3106 αὐτοὶ
646 3036 796 3123 ἑκάτεροι
819 3028 1086 3120 ἐφασαννικέειν,

81 3136 231 3218 λέγοντες
252 3139 287 3202 οί
297 3135 377 3223 μέν,
403 3133 447 3217 ὡς
471 3139 606 3205 ἑωυτῶν
620 3141 764 3213 πλεῦνες
778 3130 1032 3219 περιγεγόνασι,
1055 3130 1089 3194 οί

80 3231 114 3298 δέ
127 3232 208 3315 τούς
221 3239 284 3320 μὲν
300 3233 548 3323 ἀποφαίνοντες
562 3235 784 3322 πεφευγότας,
796 3230 857 3302 τόν
869 3231 906 3300 δέ
923 3233 1087 3318 σφέτερον

80 3341 328 3420 παραμείναντα
348 3336 404 3403 καλ
425 3334 659 3404 σκυλεύσαντα
680 3330 761 3413 τούς
776 3336 917 3401 ἐκείνων
932 3327 1085 3417 νεκρούς.

82 3434 172 3510 τέλος
191 3433 226 3502 δέ
247 3436 284 3502 ἐκ
304 3440 363 3522 τῆς
379 3441 489 3523 ἔριδος
504 3435 733 3523 συμπεσόντες
755 3433 933 3520 ἐμάχοντο·
963 3427 1087 3497 πεσόν-

82 3551 140 3594 ιωι
167 3532 201 3599 δὲ
224 3534 279 3601 καί
308 3531 507 3622 ἀμφοτέρων
522 3541 657 3603 πολλῶν
676 3525 1083 3612 ἐνίκεονΛακεδαιμόνιοι.
