2500 3925
368 214 454 271 LIB.
487 216 534 272 vl.
566 215 665 274 CAP.
700 225 806 280 5-9.
1049 217 1092 282 68

5 423 9 430 .
80 372 243 458 Πριηνέες
254 369 409 468 δυάδεκα
419 373 773 456 νηνσλκοάΜνούσιοι
782 380 872 466 τρισὶ
881 381 992 465 νηνσλ,
1006 386 1091 447 Μν-

2 525 9 562 .-
80 476 206 540 ονσίων
227 469 264 539 δὲ
281 471 377 560 Τήιοι
401 481 529 558 είχοντο
546 474 767 546 ἑπτακαίδεκα
780 481 897 566 νηνσλ,
926 484 1038 566 Τηίων
1049 481 1089 548 δέ

3 605 7 638 r
79 579 206 659 εἴχοντο
220 579 299 642 Χῖοι
315 568 436 640 ἐκατὸν
446 579 563 658 νηυσί
584 573 669 663 πρὸς
681 574 720 644 δέ
734 576 883 644 τούτοισι
894 574 1092 664 Ἐρυθραῖοί

0 734 5 753 ,
76 701 113 744 τε
129 676 310 744 ἐτάσσοντο
330 677 387 744 καί
401 678 586 763 Φωκαιέες,
604 675 799 765 Ἐρυθραῖοι
818 679 881 764 μέν
900 675 988 746 ὀκτὸ
1009 678 1089 755 νίας

0 838 2 845 .
76 774 316 862 παρεχόμενοι,
335 777 504 852 Φωκαιέες
521 772 558 842 δέ
575 790 678 863 τρεῖς
704 775 887 846 Φωκαιέων
903 777 941 844 δέ
958 784 1086 862 είχοντο

4 931 6 949 ,
74 875 214 960 Λέσβιοι
236 874 338 959 νηυσὶ
358 871 604 960 ἑβδομήκοντα·
638 882 822 942 τελευταῖοι
849 874 886 942 δὲ
906 873 1086 942 ἐτάσσοντο

75 969 255 1058 ἔχοντες
220 997 258 1040 το
274 970 359 1060 πρὸς
380 971 524 1059 ἑσπέρην
540 975 640 1062 κέρας
655 975 782 1062 Σάμιοι
799 975 958 1063 ἐξήκοντα
973 980 1083 1063 νηυσί.

73 1072 210 1138 πασέων
230 1073 267 1140 δὲ
287 1069 454 1139 τούτων’
439 1073 608 1159 οσύμπας
624 1069 770 1160 άριθμός
784 1077 914 1199 ἐγένετο
927 1088 1016 1162 τρελς
1029 1076 1086 1142 καὶ

72 1169 282 1257 πεντήκοντα
295 1173 351 1240 καί
367 1171 556 1260 τριηκόσιαι
571 1173 729 1261 τριήρεες.
763 1167 863 1243 αὗται
880 1176 944 1262 μέν
961 1173 1116 1248 Ἰάνωνο

70 1263 177 1357 ἦσαν,
191 1295 260 1338 των
274 1269 556 1360 δὲβαρβάρων
522 1299 560 1340 το
574 1280 706 1359 πλῆθος
719 1281 788 1344 τῶν
800 1282 890 1343 νεῶν
903 1266 992 1365 ἦσαν
1007 1277 1083 1358 εξα·

71 1373 193 1441 κύσιαι.
217 1369 262 1451 ὡς
276 1371 313 1441 δὲ
327 1363 443 1442 καὶ
396 1401 497 1442 αυται
513 1372 654 1443 ἀπίκατο
669 1399 753 1462 προς
766 1373 830 1464 τήν
840 1384 1014 1464 Μιλησίην
1027 1378 1084 1446 καί

71 1498 90 1538 ο
77 1469 203 1553 ’πεζάς
213 1489 275 1558 σφι
286 1470 374 1551 άπας
387 1480 516 1560 παρήν,
532 1475 682 1542 ἐνθαῦτα
691 1477 728 1542 οί
735 1477 895 1561 Περσέων
904 1476 1084 1561 στρατηγοὶ

70 1571 264 1656 πυθόμενοι
282 1568 320 1638 τὸ
336 1577 466 1658 πλῆθος
480 1578 549 1640 τᾶν
565 1569 683 1640 Ἰάδων
697 1578 787 1640 νεῶν
806 1572 1082 1661 καταρρώδησαν,

72 1667 116 1756 μὴ
136 1665 180 1736 ού
193 1672 331 1737 δυνατοί
343 1671 510 1760 γένωνται
526 1667 795 1759 ὑπερβαλέσθαι,
817 1672 872 1739 καὶ
892 1668 981 1740 ούτω
1002 1666 1088 1738 οὔτε

70 1766 133 1855 τήν
144 1775 300 1854 Μίλητον
313 1763 425 1838 οἷοίτε
439 1775 518 1838 ἔωσι
529 1773 652 1852 ἐξελεδν
666 1769 711 1858 μή
725 1768 790 1839 ούκ
805 1771 916 1850 ἐόντες
928 1768 1082 1857 νανκράὲ

70 1891 182 1954 τορες,
204 1865 288 1953 πρός
301 1891 339 1935 τε
352 1873 503 1954 Δαρείου
517 1871 765 1939 κινδυνεύσωσι
784 1870 891 1938 κακόν
906 1895 938 1936 τι
952 1874 1078 1954 λαβετν.

68 1972 174 2033 ταῦτα
185 1962 416 2051 ἐπιλεγόμενοι
426 1970 643 2049 συλλέξαντες
653 1976 722 2037 τάν
731 1966 855 2038 Ἰάνων
862 1966 1081 2053 τούςτνράν·

69 2088 163 2149 νονς,
175 2068 211 2130 οἳ
219 2058 278 2130 ὑπ’
291 2059 533 2151 Ἀρισταγόρεω
544 2068 607 2152 μὲν
618 2074 858 2155 τοῦΜιλησίου
868 2069 1080 2137 καταλυθέν-

71 2190 125 2243 τες
140 2168 210 2230 τῶν
225 2158 355 2283 άρχέων
369 2167 517 2285 ἐφενγρν
533 2167 566 2245 ἐς
576 2167 737 2257 Μήδους,
754 2169 938 2256 ἐτύγχανον
952 2168 990 2237 δὲ
1003 2168 1079 2237 τότε

70 2259 375 2349 συστρατευόμενοι
390 2259 493 2329 ἐπὶ
456 2288 520 2348 την
529 2270 702 2352 Μίλητον,
716 2266 847 2335 τούτων
858 2274 928 2335 τῶν
941 2264 1078 2354 ἀνδρῶν

67 2388 148 2441 τους
158 2356 345 2449 παρεόντας
355 2363 621 2447 συγκαλέσαντες
631 2364 749 2450 ἔλεγον
760 2384 820 2451 σφι
831 2366 927 2434 ταδε
937 2364 1078 2453 ’Ἄνδρες

66 2460 199 2545 Ἴωνες,
214 2463 281 2525 νύν
295 2484 345 2536 τις
359 2453 474 2543 ὑμέων
488 2451 529 2525 εύ
542 2460 685 2545 ποιήσας
695 2461 835 2549 φανήτω
848 2462 909 2533 τὸν
923 2466 1078 2549 βασιλέος

68 2558 213 2629 οἶκον·
201 2554 281 2637 τοὺς
295 2554 361 2644 γάρ
380 2553 495 2624 αύτων
513 2559 652 2639 ἕκαστος
664 2558 778 2648 ύμέων
788 2564 1078 2651 πολιήταςπειρά-

67 2668 143 2729 σθω
154 2652 370 2743 άποσχίζων’
350 2652 416 2722 από
429 2663 623 2746 τούιλοιποῦ
634 2668 854 2747 συμμαχικοῦ.
874 2662 1077 2750 προσσχόμε·

66 2780 122 2825 νοι
137 2753 174 2825 δέ
188 2756 432 2842 ἐπαγγείλασθε
445 2755 542 2844 τάδε,
566 2753 611 2835 ὡς
625 2764 801 2828 πείσονταί
810 2786 847 2828 τε
858 2760 958 2849 ἄχαρι
973 2757 1076 2828 οὐδέν

66 2853 123 2925 διὰ
143 2852 206 2942 τήν
221 2850 424 2942 ἀπόστασιν,
446 2852 530 2923 ούδέ
540 2874 602 2943 σφι
617 2855 695 2925 ούτε
715 2855 757 2925 τά
773 2855 830 2947 ίρά
850 2858 929 2929 ούτε
946 2857 988 2927 τά
1006 2863 1075 2929 ίδια

66 2954 320 3043 ἐμπεπρήσεται,
329 2948 414 3019 ούδδ
418 2952 611 3041 βιαιότερον
622 2957 735 3035 ἕξουσι
748 2954 860 3045 οὐδὲν,
874 2952 897 3044 ή
908 2956 1075 3044 πρότερον

67 3050 173 3139 εἶχον·
201 3058 232 3121 εί
243 3050 280 3121 δὲ
300 3058 405 3119 ταῦτα
419 3051 481 3139 μὲν
495 3050 538 3121 ού
552 3054 748 3144 ποιήσουσι,
770 3061 805 3126 οί
818 3058 855 3125 δέ
869 3057 1003 3136 πάντως
1017 3047 1074 3125 διὰ

66 3153 172 3239 μάχης
182 3152 391 3239 ἐλεύσονται,
407 3152 487 3220 τάδε
499 3172 560 3239 σφι
571 3155 683 3241 λέγετε
696 3156 942 3244 ἐπηρεάζοντες,
968 3153 1072 3240 τάπερ

67 3274 172 3343 σφεας
186 3256 328 3343 κατέξει,
344 3251 389 3333 ὦς
401 3258 605 3335 ἑσσωθέντες
616 3263 657 3347 τή
667 3258 755 3347 μάχη
770 3258 1073 3345 ἐξανδραποδιεῦν-

64 3382 137 3442 ται,
151 3354 207 3424 καλ
223 3352 268 3435 άς
282 3375 398 3443 σφεων
412 3355 491 3438 τούς
502 3360 622 3437 παῖδας
637 3359 789 3444 ἐκτομίας
804 3357 998 3447 ποιήσομεν,
1013 3356 1073 3438 τάς

65 3454 101 3521 δέ
115 3452 309 3538 παρθένους
319 3448 554 3537 άνασπάστονς
565 3459 598 3536 ἐς
604 3457 751 3547 Βάκτρα,
764 3458 820 3525 καὶ
831 3456 875 3538 ὡς
885 3455 948 3547 τήν
957 3458 1072 3547 χήρην
