2500 3925
358 192 445 275 ιιι.
476 192 535 248 vu.
569 192 668 250 οκε.
703 200 878 259 ιιι-ιιι.
1058 196 1121 261 19⁹

111 349 290 431 πόροντον
300 347 1121 446 μεταξῦνήσοντεΣκιάθονκαληπείρουΜαγνη-

109 453 201 535 σίης·
223 449 261 516 ἐκ
274 448 311 515 δέ
325 454 387 516 τοῦ
401 454 536 517 στεινοῦ
548 456 607 535 τῆς
620 446 769 539 Εὐβοίης
781 452 846 540 ἤδη
862 452 899 522 ιδ
911 452 1119 543 Ἀρτεμίσιον

109 552 239 616 δέκεται
251 544 411 635 αίγιαλδς,
423 550 461 614 έν
472 547 508 614 δὲ
520 544 706 634 Ἀρτέμιδος
722 550 806 637 ἱρόν.
823 548 844 639 ἡ
858 556 894 620 δὲ
906 546 950 621 αύ
961 550 1016 622 διά
1028 560 1119 641 Τρη-
1172 558 1177 573 ‘

107 664 200 736 χῑνος
215 651 332 727 ἔσοδος
352 651 386 728 ἐς
405 646 467 736 τὴν
484 646 625 719 Ἐλλάδα
646 652 713 719 ἐστὶ
719 659 792 741 ,τῇ
806 655 1018 776 στεινοτάτη,
1040 654 1120 743 ἡμί-

106 756 269 869 πλεθρρν.
302 774 346 816 ον
333 745 479 835 μ’έντοι
494 744 578 815 κατά
592 748 735 835 τοῦτόγ
740 746 885 819 ’ἐστὶ
851 779 889 819 το
905 750 1118 823 στεινότατον

105 853 165 932 τῆς
179 844 291 944 χάρης
306 853 364 934 τῆς
384 845 504 934 άλλης,
526 843 602 915 ἀλλ’
625 852 801 936 ἔμπροσθέ
817 875 853 917 τε
869 852 1117 938 Θερμοπυλέων

105 949 163 1016 καὶ
187 946 326 1033 οπισθε,
351 943 434 1013 κατά
456 972 491 1014 τε
513 942 699 1033 Ἀλπηνούς
724 945 847 1017 ὄπισθε
872 948 987 1030 ἐόντας
1012 954 1115 1021 ἐοῦσα

101 1047 261 1138 ἀμαξιτός
278 1045 405 1135 μούνη,
428 1047 485 1115 καὶ
504 1052 677 1135 ἔμπροσθε
702 1047 786 1116 κατά
807 1056 948 1120 Φοίνικα
964 1052 1116 1140 ποταμδν

99 1148 210 1238 ἀγχοῦ
232 1146 400 1235 Ἀνθηλῆς
416 1147 532 1228 πόλιος
555 1145 641 1236 άλλη
658 1146 812 1236 ἁμαξιτὸς
829 1150 949 1239 μούνη.
990 1157 1060 1223 τάν
1077 1152 1116 1223 δέ
1223 1160 1226 1170 ’

99 1250 351 1339 Θερμοπυλέων
377 1246 415 1317 τδ
442 1248 505 1337 μὲν
530 1247 614 1338 πρὸς
640 1250 780 1339 ἑσπέρης
806 1244 907 1341 ούρος
930 1252 1057 1341 άβατύν
1079 1282 1116 1324 τε
1198 1250 1202 1258 ’

98 1353 157 1421 καλ
175 1350 411 1438 ἀπόκρημνον,
436 1348 614 1418 ἀνατεῖνον
639 1352 672 1430 ἐς
696 1349 758 1439 τὴν
779 1362 901 1441 Οἴτην,
918 1354 956 1423 τδ
976 1354 1013 1423 δέ
1030 1354 1117 1443 πρδς

99 1452 163 1543 τὴν
176 1453 226 1541 ἠῶ
240 1455 299 1541 τῆς
312 1453 397 1522 ὁδοῦ
409 1456 567 1523 θάλασσα
580 1451 781 1523 ὑποδέκεται
795 1458 851 1524 καλ
866 1456 1016 1543 τενάγεα.
1040 1459 1108 1523 ἐστι

100 1554 346 1646 δὲέντῇέσόδμ
355 1553 460 1643 ταύτη
469 1552 583 1642 θερμά
593 1552 732 1643 λουτρά,
741 1551 943 1643 τάΧύτρονς
951 1556 1109 1633 καλέουσι

99 1658 135 1722 οί
147 1651 332 1739 ἐπιχώριοι,
353 1655 409 1721 καλ
423 1648 538 1741 βωμδς
550 1656 684 1741 ἵδρυται
698 1652 878 1743 Ἡρακλέος
894 1652 947 1722 ἐπ’
967 1652 1106 1723 αύτοῑσι.

101 1755 258 1839 ἐδέδμητο
273 1756 311 1822 δέ
323 1768 428 1842 τεῖχος
441 1752 526 1823 κατά
540 1755 665 1835 ταύτας
677 1752 737 1836 τάς
757 1753 913 1843 ἐσβολάς,
937 1758 992 1823 καὶ
1011 1754 1050 1824 τό
1069 1781 1108 1842 γε

99 1849 245 1921 παλαιδν
255 1852 360 1923 πύλαι
372 1856 509 1940 ἐπῆσαν.
532 1860 668 1941 ἔδειμαν
680 1858 716 1923 δὲ
728 1858 860 1933 Φωκέες
871 1852 907 1921 τδ
919 1869 1025 1941 τεῖχος
1037 1857 1108 1921 δεί-

99 1972 234 2038 σαντες,
250 1953 320 2019 ἐπεὶ
334 1956 498 2022 Θεσσαλοὶ
512 1946 623 2041 ἦλθον
638 1956 674 2022 ἐκ
690 1959 900 2078 Θεσπρωτηῑν
914 1953 1106 2042 οἰκήσοντες

98 2078 164 2175 γην
178 2078 241 2138 την
254 2057 411 2141 Αἰολίδα,
427 2075 553 2140 τηνπερ
567 2056 634 2119 νῦν
644 2052 875 2122 κεκτέαται.”
851 2079 909 2122 ατε
923 2052 964 2170 δη
978 2077 1108 2142 πειρεο-

97 2177 210 2238 μενων
218 2159 474 2223 τωνΘεσσαλων
485 2155 776 2239 καταστρέφεσθα
785 2171 889 2238 σφεας
898 2175 997 2219 τουτο
1009 2173 1106 2237 προε

99 2250 290 2375 φνλάξαντρ
306 2256 340 2320 οί
349 2253 497 2336 Φωκέες,
513 2252 568 2319 καλ
581 2276 619 2317 το
608 2246 775 2337 ἱ’ὕδωρ
740 2275 778 2316 το
792 2238 925 2372 θερμόύ
938 2249 1013 2317 τότε
1024 2250 1106 2335 ἐπῆ-

97 2381 161 2421 καν
177 2351 281 2421 ἐπὶ
245 2380 308 2440 την
322 2354 502 2441 ἔσοδον,
483 2380 528 2432 ως
542 2349 586 2420 ἀν
603 2347 868 2440 χαραδρωθείηο
854 2377 873 2418 ο
889 2375 1012 2437 χωρος,
1035 2355 1105 2416 πᾶν

99 2452 348 2540 μηχανεόμενοι,
370 2452 457 2531 ὅκως
476 2453 522 2540 μή
543 2472 604 2539 σφι
624 2453 799 2538 ἐσβάλοιεν
821 2454 855 2517 ολ
871 2453 1034 2519 Θεσσαλοι
1071 2456 1104 2529 ἐς

96 2551 159 2640 την
173 2553 294 2639 χώρην.
318 2555 355 2620 τὸ
371 2556 433 2639 μέν
448 2579 515 2619 νυν
531 2566 636 2637 τεῖχος
650 2548 688 2617 τὸ
704 2547 842 2635 ἀρχαῖον
856 2550 893 2617 ἐκ
907 2555 1052 2618 παλαιοῦ
1067 2573 1104 2615 τε

95 2656 269 2739 ἐδέδμητο,
292 2653 347 2719 καλ
362 2649 400 2718 τὰ
421 2654 525 2719 πλέον
540 2648 646 2718 αὐτοῦ
667 2647 730 2735 ἤδη
754 2643 820 2715 ύπδ
839 2646 965 2734 χρόνον
982 2649 1100 2716 ἐκέετο.

94 2766 178 2819 τοῖσι
194 2750 230 2817 δέ
246 2741 342 2827 αῦτις
356 2746 529 2836 ὀρθώσασι
542 2752 635 2828 ἐδοξε
645 2747 750 2836 ταύτῃ
761 2743 951 2833 ἀπαμύνειν
966 2743 1032 2815 ἀπῦ
1044 2753 1102 2835 τῆς

97 2851 245 2930 Ελλάδος
254 2848 315 2920 τδν
325 2849 509 2940 βάρβαρον.
522 2849 618 2936 κύμη
630 2849 669 2916 δέ
678 2851 745 2915 ἐστι
756 2843 926 2933 ἀγχοτάτω
936 2853 994 2933 τῆς
1004 2844 1099 2932 ὁδοῦ,

89 2947 244 3036 Ἀλπηνοὶ
259 2946 405 3036 οὔνομα·
428 2952 465 3018 ἐκ
480 2947 603 3036 ταύτης
614 2947 651 3016 δὲ
666 2949 899 3014 ἐπισιτιεῖσθαι
914 2947 1099 3032 ἐλογίζοντο
1163 2994 1172 3006 .

93 3045 296 3133 οίἝλληνες.
333 3051 377 3116 Οί
388 3050 451 3133 μέν
463 3073 531 3115 νυν
546 3053 648 3134 χοῖροι
664 3037 759 3115 οῦτοι
772 3057 858 3113 τοῖσι
864 3041 999 3130 Ἕλλησι
1017 3041 1102 3110 εἶναι
1119 3057 1169 3116 Ιλλ

93 3149 270 3232 ἐφαίνοντο
298 3146 474 3233 ἐπιτήδεοι.
509 3144 641 3214 ἅπαντα
660 3141 725 3233 γάρ
747 3143 1018 3232 προσκεψάμενοι
1045 3145 1102 3212 καλ

92 3246 375 3331 ἐπιλογισθέντες,
390 3243 442 3313 ὅτι
458 3243 535 3314 οὔτε
550 3245 677 3335 πλήθει
689 3247 800 3325 ἕξουσι
809 3251 956 3330 χρᾶσθαι
967 3247 1002 3312 οἱ
1013 3241 1101 3330 βάρ-

92 3353 190 3431 βαροι
206 3340 283 3412 ούτε
297 3348 405 3437 ἰ’ππμ,
419 3345 524 3435 ταύτη
535 3365 597 3432 σφι
611 3346 705 3424 ἔδοξε
717 3346 874 3411 δέκεσθαι
888 3338 948 3410 τὸν
962 3340 1100 3410 ἐπιόντα

93 3442 144 3510 ἐπὶ
163 3439 226 3531 την
240 3440 391 3514 Ἑλλάδα,
416 3441 461 3524 ἀς
479 3446 517 3514 δέ
532 3445 702 3514 ἐπύθοντο
719 3440 779 3511 τὸν
791 3447 927 3529 Πέρσην
943 3441 1042 3510 ε’ύντα
1063 3443 1100 3510 ἐν
