2500 3925
378 231 463 287 ιιΒ.
495 231 530 286 v.
565 226 663 286 οΑΡ.
698 237 839 294 οι-οο
1069 229 1113 295 40

102 400 207 458 ναίον
231 385 293 457 οὐκ
309 391 557 475 ἐνδεκομένοισι
574 389 614 458 δέ
626 408 687 476 σφι
714 393 853 463 δέδοκτο
877 396 914 463 έν
929 401 991 464 τοῦ
1005 419 1112 482 φανε-

103 497 166 577 ροῦ
178 504 264 559 τοῖσι
277 493 427 580 Πέρσησι
442 497 624 577 πολεμίους
635 488 729 558 εἶναι.

185 587 371 676 Νομίζουσι
396 585 435 674 δὴ
458 595 564 656 ταῦτα
583 591 639 654 καὶ
662 592 954 675 διαβεβλημένοισι
977 592 1011 668 ές
1033 587 1113 668 τούς
1126 595 1161 656 97

100 690 232 776 Πέρσας
247 691 285 755 έν
298 686 406 777 τούτῳ
421 683 461 772 δὴ
477 691 523 775 τῷ
539 691 646 776 καιρῷ
661 681 680 752 ὁ
695 685 863 772 Μιλήσιος
876 683 1112 776 Ἀρισταγόρης

100 783 168 854 ὐπδ
190 789 397 872 Κλεομένεος
423 791 485 852 τοῦ
507 787 780 870 Λακεδαιμονίου
805 788 972 865 ἐξελαθεὶς
996 789 1111 871 ἀκτῆς

99 885 260 972 Σπάρτης
272 883 407 953 ἀπίκετο
421 886 453 963 ἐς
465 880 626 970 Ἀθήνας·
646 880 732 969 αὐτη
743 880 809 969 γὰρ
819 881 841 970 ἡ
852 884 950 964 πόλις
959 891 1028 952 τόν
1038 893 1111 954 λοι-

99 985 192 1050 πέων
207 981 409 1051 ἐδυνάστευε
422 985 588 1068 μέγιστον.
612 977 769 1050 ἐπελθόν
779 982 816 1048 δὲ
829 983 882 1050 ἐπὶ
895 979 956 1050 τόν
972 979 1109 1071 δῆμονό

95 1078 332 1168 Ἀρισταγόρης
346 1076 451 1148 ταύτά
467 1083 559 1165 ἔλεγε
572 1075 613 1146 τά
630 1081 684 1147 καὶ
699 1078 939 1169 έντῇΣπάρτη
953 1082 1109 1168 περὶτῶν

99 1179 325 1265 ἀγαθῶντῶν
341 1179 378 1245 ἐν
392 1184 432 1266 τῇ
443 1174 534 1263 Ἀσίη
549 1179 677 1244 καὶτοῦ
690 1179 840 1261 πολέμου
853 1183 915 1244 τοῦ
924 1184 1108 1266 Περσικοῦ,

99 1275 144 1356 ὡς
158 1273 235 1344 οὐτε
249 1273 373 1345 ἀσπίδα
389 1269 466 1342 οὐτε
480 1274 566 1360 δόρυ
581 1279 765 1360 νομίζουσι,
779 1271 930 1353 εὐπετέες
940 1300 977 1343 τε
988 1301 1109 1363 χειρω-

98 1381 203 1463 θῆναι
218 1383 343 1460 είησαν.
366 1373 471 1441 ταῠτά
485 1397 521 1439 τε
536 1368 576 1458 δὴ
593 1377 686 1457 ἔλεγε
698 1371 752 1440 καί
762 1369 847 1460 πρός
856 1387 944 1440 τοῖσι
956 1373 1046 1459 τάδε,
1063 1370 1109 1451 ὡς

99 1479 132 1544 οί
142 1474 307 1563 Μιλήσιοι
318 1479 387 1540 τῶν
398 1469 589 1559 Ἀθηναίων
601 1473 665 1540 εἰσὶ
675 1468 821 1554 ἄποικοι,
834 1473 891 1539 καὶ
901 1471 993 1551 οἰκός
1003 1491 1109 1558 σφεας

98 1584 148 1662 εἴη
163 1575 308 1662 ῥύεσθαι
322 1573 535 1660 δυναμένους
551 1573 645 1659 μέγα.
672 1574 729 1640 καὶ
743 1569 844 1640 οὐδὲν
865 1569 885 1639 ό
899 1597 932 1639 τι
948 1569 1011 1640 οὐκ
1027 1571 1109 1641 imc-

97 1692 192 1758 σχετο
208 1666 261 1739 οἷα
275 1671 381 1758 κᾴρτα
395 1670 570 1757 δεόμενος,
583 1671 616 1748 ές
626 1668 646 1738 ὃ
658 1667 816 1738 ἀνέπεισέ
822 1688 936 1757 σφεας.
959 1667 1107 1748 πολλούς

98 1770 162 1861 γάρ
178 1770 247 1840 οἶκε
264 1770 348 1840 εἶναι
365 1769 603 1858 εὐπετέστερον
618 1769 813 1859 διαβάλλειν
828 1766 851 1857 ἢ
866 1773 943 1858 ἕνα,
959 1776 1107 1839 είΚλεο-

96 1874 197 1956 μένεα
209 1870 271 1955 μὲν
282 1866 343 1937 τόν
349 1869 621 1956 Λακεδαιμόνιον
633 1875 764 1955 μοῦνον
777 1865 841 1936 οὐκ
852 1866 922 1949 οἷός
929 1894 965 1938 τε
975 1870 1105 1954 ἐγένετο

96 1976 298 2057 διαβαλλειν,
307 1983 396 2059 τρεῖς
406 1969 444 2039 δὲ
457 1970 624 2057 μυριάδας
635 1965 827 2055 Ἀθηναίων
841 1972 976 2055 ἐποίησε
994 1974 1104 2035 τοῦτο.

92 2068 268 2155 Ἀθηναῖοι
282 2068 344 2154 μὲν
359 2066 400 2153 δὴ
413 2065 675 2146 ἀναπεισθέντες
686 2071 893 2153 ἐψηφίσαντο
909 2075 1015 2135 είκοσι
1027 2067 1106 2143 νέας

93 2165 286 2235 ἀποστεῖλαι
301 2162 452 2252 βοηθούς
464 2164 574 2253 Ἴωσι,
599 2162 787 2254 στρατηγόν
806 2161 1025 2245 ἀποδέξαντες
1042 2160 1106 2231 αὐ-

93 2270 161 2331 τῶν
177 2262 262 2331 εἶναι
273 2264 478 2331 Μελάνθιον
489 2262 598 2351 ἄνδρα
612 2270 682 2331 τῶν
697 2261 810 2330 ἀστόν
823 2262 922 2331 έόντα
937 2260 979 2329 τά
994 2261 1105 2330 πάντα

93 2362 243 2447 δόκιμον.
267 2353 366 2429 αὗται
387 2363 424 2429 δὲ
440 2366 477 2429 αί
488 2363 561 2440 νέες
581 2358 664 2447 ἀρχὴ
679 2366 794 2429 κακῶν
808 2362 963 2446 έγένοντο
971 2357 1109 2444 Ἕλλησί

92 2463 196 2528 τεκαὶ
211 2461 421 2548 βαρβάροισι.
440 2458 679 2549 Ἀρισταγόρης
690 2462 727 2528 δὲ
737 2459 940 2547 προπλώσας
954 2461 1009 2529 καὶ
1024 2456 1104 2528 ἀπν-
1117 2469 1153 2529 98

92 2559 233 2643 κόμενος
256 2560 288 2636 ἐς
309 2555 371 2644 τὴν
393 2566 566 2646 Μίλητον,
598 2558 746 2646 ἐξευρών
765 2560 954 2646 βούλευμα,
981 2556 1040 2627 ἀπ’
1060 2550 1103 2627 οὐ

93 2654 185 2724 ’Ίωσι
198 2656 261 2741 μὲν
272 2652 413 2741 οὐδεμία
424 2662 540 2743 ἔμελλε
556 2652 689 2741 ὐφελίη
711 2662 847 2726 ἔσεσθαι
858 2655 948 2744 (οὐδ’
962 2650 1013 2727 οὐν
1022 2656 1104 2727 οὐδὲ

90 2753 213 2821 τούτου
228 2746 357 2821 εἵνεκεν
371 2756 496 2842 ἐποίεε,
520 2752 594 2824 ἀλλ’
620 2754 708 2835 ὅκως
724 2760 863 2843 βασιλέα
876 2766 1025 2846 Δαρεῖον
1039 2767 1103 2826 λυ-

90 2853 231 2940 πησειε),
246 2858 371 2940 έπεμψε
386 2858 419 2934 ές
431 2850 495 2941 τὴν
501 2862 657 2943 Φρυγίην
671 2854 780 2943 ἀνδρα
796 2858 850 2925 ἐπὶ
860 2854 942 2938 τούς
951 2864 1102 2937 Παίονας

89 2948 168 3029 τούς
185 2948 250 3017 ἀπό
266 2953 467 3039 Στρυμόνος
483 2962 637 3042 ποταμοῦ
655 2955 882 3041 αἰχμαλώτους
896 2960 1101 3043 γενομένους
1137 2984 1142 2988 ·

88 3045 155 3115 ὑπό
173 3051 395 3139 Μεγαβάζου,
411 3060 580 3134 οἰκέοντας
595 3057 633 3124 δὲ
646 3061 704 3141 τῆς
714 3061 864 3142 Φρυγίης
873 3056 986 3143 χῶρόν
994 3081 1031 3125 τε
1045 3060 1101 3126 καί
1174 3101 1181 3115 0

89 3147 207 3232 κοόμην
222 3145 274 3214 ἐπ’
291 3152 444 3239 ἑωυτῶν,
460 3149 497 3231 δς
521 3155 630 3220 ἐπείτε
649 3151 785 3223 ἀπίκετο
801 3156 835 3232 ές
848 3151 929 3232 τούς
937 3160 1099 3241 Παίονας,

88 3249 181 3329 ἔλεγε
196 3244 291 3312 τόδε·
322 3246 461 3333 ’Ἄνδρες
473 3255 636 3334 Παίονες,
660 3251 788 3336 ἔπεμψέ
806 3276 848 3337 με
863 3248 1100 3339 Ἀρισταγόρης

88 3340 106 3411 ὃ
123 3343 282 3431 Μιλήτου
296 3347 463 3433 τύραννος
478 3359 647 3441 σωτηρίην
663 3350 745 3440 ὑμῖν
759 3348 1099 3446 ὐποθησόμενον,ἤν·

87 3469 151 3529 περ
163 3445 338 3596 βίηηέησὲε
348 3455 539 3521 πείθεσθαι.
557 3459 624 3521 νῦν
634 3451 699 3541 γὰρ
711 3451 817 3540 Ἰωνίη
828 3460 920 3522 πᾶσα
933 3452 1098 3604 ἀπέστηκε
