2500 3925
293 250 377 306 ιιι.
408 250 455 307 1v.
495 251 593 311 cm>
625 260 801 317 159-164.
976 252 1056 327 κοτ’

57 402 154 494 μὲνδή
170 406 288 477 τούτου
303 434 364 479 του
350 410 511 479 Βάττου
526 407 616 480 οὕτω
633 415 775 483 διετέλεε
790 417 906 507 έόντα,
929 424 981 491 έπί
999 424 1038 493 δὲ

56 512 106 573 τοῦ
119 496 233 575 τοότου
253 504 373 588 παιδός
389 505 585 597 Ἀρκεσίλεω
605 510 712 599 πολλή
733 515 858 605 ταραχή
873 523 1038 607 περὶτῶν

55 609 158 689 τιμέων
168 606 306 692 ἐγένετο.
348 603 616 693 Ἀρκεσίλεως
574 634 642 696 γαρ
662 636 681 679 ο
695 611 829 683 Βάττου
844 642 881 684 τε
894 626 957 687 τοῦ
972 646 1038 707 χω-

55 705 162 773 λοιλκιδ
172 710 353 793 Φερετίμης
367 702 430 774 οὐκ
446 711 511 793 έφη
520 703 700 788 ἀνέξεσθαι
712 710 796 780 κατά
808 738 828 783 ο
815 710 1038 798 ’Μαντινεὺς

54 807 198 887 Δημάναξ
213 806 322 891 ἔταξε,
344 801 426 873 ἀλλ’
444 801 580 874 ἀπαίτεε
594 805 635 875 τά
646 813 716 875 τῶν
730 811 912 898 προγόνων
925 815 1034 938 μέρεα.

57 903 192 970 ἐνθεῦτεν
205 903 392 985 στασιάζων
406 902 540 991 έσσιόθη
557 907 613 974 καί
628 911 734 994 έφυφε
753 911 787 989 ές
799 910 977 1001 Σάμον,
958 941 981 1002 η
998 913 1035 983 δδ

56 1000 139 1089 μήτηρ
154 1006 185 1071 σί
198 1006 231 1083 ές
241 1012 420 1091 Σαλαμῖνα
436 1009 494 1092 τῆς
505 1004 651 1091 Κύπρου
660 1011 775 1094 έφυφε.
797 1016 856 1097 τῆς
871 1013 910 1081 δδ
918 1020 1036 1083 Σαλα

55 1112 129 1183 μῖνος
140 1108 260 1169 τοῦτον
273 1100 336 1170 τόν
350 1101 477 1190 χρόνον
491 1104 670 1190 ἐπεκράτεε
684 1103 910 1195 Εὐέλθωυ,“
888 1136 927 1191 ος
939 1136 978 1179 το
966 1108 1034 1179 έν

55 1208 191 1286 Δελφοῖσι
209 1203 440 1290 θυμιητήριον
461 1199 519 1281 έδν
534 1196 735 1290 ἀξιοθήητον
753 1204 971 1299 ἀνέθηκε,
934 1237 973 1281 το
993 1214 1032 1281 έν

54 1305 276 1389 τῷΚορινθίων
286 1308 453 1392 θησαυρῷ
464 1304 582 1371 κέεται.
606 1299 1031 1397 ἀπικομένηδδπαράτοῦ-

55 1422 97 1464 τον
108 1397 126 1487 ή
136 1408 298 1490 Φερετίμη
313 1404 421 1471 έδέετο
436 1408 607 1489 στρατιῆς,
622 1399 646 1488 ἢ
662 1404 796 1484 κατάξει
810 1410 914 1492 σφέας
925 1412 958 1487 ἐς
968 1407 1031 1495 τήν

54 1500 195 1588 Κυρήνην.
224 1499 243 1571 6
268 1503 309 1571 δέ
320 1528 360 1589 γε
373 1498 540 1571 Εὐέλθων
554 1508 624 1571 πᾶν
642 1509 772 1589 μᾶλλον
788 1500 810 1591 ή
827 1510 985 1594 στρατιήν
999 1513 1033 1577 οί

54 1598 155 1666 ἐδίδου·
174 1597 195 1688 ἡ
217 1602 255 1671 δὲ
278 1602 499 1690 λαμβάνουσα
519 1597 557 1669 τδ
575 1601 756 1686 διδόμενον
768 1601 875 1672 καλόν
889 1605 952 1692 μέν
966 1609 1031 1691 έφη

51 1700 190 1769 καὶτοῦτο
204 1698 305 1787 εἶναι,
324 1698 461 1767 κάλλιον
474 1698 513 1767 δὲ
527 1700 648 1784 έκείνο,
660 1697 699 1766 τό
714 1703 841 1769 δοῦναί
850 1705 886 1769 oc
897 1703 1040 1790 δεομένη

52 1800 191 1887 στρατιήν·
216 1803 393 1870 καὶτοῦτο
411 1798 477 1888 γάρ
495 1800 552 1868 έπί
568 1799 669 1867 παντί
685 1803 733 1892 τῳ
751 1802 917 1892 διδομένῳ
935 1805 1041 1888 ἔλεγε,

40 1924 77 1966 4ιε
78 1902 215 1973 ενταῑον
227 1907 265 1973 οἱ
274 1905 434 1991 ξέπεμψε
446 1898 797 1991 δωρονοΕνέλθων
774 1926 940 1988 ατρακτον
950 1926 1035 1989 χρυ-

42 2015 111 2065 σεον
125 2005 176 2070 καὶ
194 1999 387 2090 ήλακάτην,
413 2007 544 2124 προσῆν
565 2002 601 2067 δὲ
622 2001 679 2069 καί
699 2009 821 2087 είριον·
845 2000 983 2086 είπάσης
996 2001 1034 2068 δέ

54 2089 125 2179 νότις
136 2109 191 2189 τῆς
205 2108 393 2191 Φερετίμης
407 2099 514 2170 τόυτο
503 2097 637 2178 ἔκυς’
622 2126 642 2168 ο
656 2097 822 2168 Εὐέλθων
839 2105 904 2223 ἔφη
918 2101 1034 2170 τοιοό-

54 2221 115 2269 ιοισι
127 2218 289 2288 γυναῖκας
304 2205 507 2287 δωρέεσθαι,
530 2197 605 2270 ἀλλ
623 2198 666 2268 οά
679 2207 825 2288 στρατιῇ.
855 2196 943 2268 Ὁδὲ
955 2196 1033 2288 Ἀρ·
1050 2219 1099 2274 16³

53 2304 177 2380 τεσίλεως
198 2308 324 2370 τοῦτον
348 2299 409 2369 τὸν
433 2300 557 2388 χρόνον
580 2297 646 2368 έων
670 2302 708 2368 έν
726 2301 834 2392 Σάμῳ
854 2301 1032 2389 συνήγειρε

54 2398 136 2465 πάντα
150 2399 261 2488 ἀνδρα
272 2401 325 2468 έπὶ
335 2407 396 2487 φής
407 2397 599 2521 ἀναδασμῳ.
623 2401 872 2486 συλλεγομένου
881 2402 918 2469 δὲ
930 2421 1032 2489 στρα-

53 2503 96 2563 ιοῦ
109 2506 231 2568 πολλοῦ
246 2500 368 2586 έστάλη
383 2503 416 2579 ές
429 2496 589 2586 Δελφους
598 2496 813 2586 Ἀρκεσίλεως
826 2501 1031 2624 χρησόμενος

53 2603 84 2683 τῷ
100 2607 280 2690 χρηστηρίῳ
300 2603 376 2686 περὶ
397 2599 552 2667 κατόδου.
584 2625 606 2683 η
594 2594 661 2665 δὲ
674 2603 842 2682 Πυθίη
808 2624 838 2664 οι
855 2623 918 2688 χρῳ
903 2597 1030 2666 ’τάδε

51 2663 100 2761 ’λέπλ
118 2695 174 2781 μὲν
198 2701 359 2785 τέσσερας
377 2697 526 2774 Βάττους
550 2697 606 2763 καὶ
627 2691 840 2779 ’Λρκεσίλεως
864 2697 1031 2783 τέσσερας,

44 2783 118 2870 Ἰόιιτδ
128 2792 263 2880 ἀνδρων
277 2794 412 2882 γενεάς,
427 2792 545 2862 διδοῖ
527 2807 610 2879 υμίν
620 2800 688 2873 Λοξ
672 2800 741 2880 ξίης
755 2793 947 2881 βασιλεύειν
958 2800 1032 2861 Κυ-

54 2891 147 3012 μήνης·
168 2900 276 2965 πλέον
291 2895 406 2982 μέντοι
420 2894 545 2962 τούτου
560 2891 641 2960 οὐδὲ
654 2899 838 2978 πειρᾶσθαι
848 2894 1030 2979 παραινέει

55 2991 85 3057 λδ
99 3000 202 3080 μέντοι
222 2996 347 3084 ἥσυχος
372 2993 457 3064 εἶναι
478 2991 692 3062 κατελθων’
674 3021 707 3073 ες
723 2991 786 3081 τήν
806 3000 965 3062 σεωυτοῦ.
989 2988 1033 3078 ήν

57 3091 81 3156 δὲ
92 3090 143 3178 τήν
156 3096 304 3183 κάμινον
324 3093 425 3183 εὕρῃς
445 3099 551 3180 πλέην
568 3090 766 3181 ἀμφορέων,
788 3089 833 3179 μή
854 3090 1033 3179 έξοπτήσης

55 3187 309 3282 τοὺςαίμφορέας,
331 3191 405 3265 ἀλλ’
429 3194 604 3282 ἀπόπεμπε
624 3192 698 3263 κατ’
721 3187 842 3278 οὖρον·
866 3199 897 3260 εί
909 3193 946 3260 δὲ
960 3194 1033 3271 έξο-

56 3288 163 3375 πτήσεις
175 3293 239 3382 τήν
258 3295 403 3384 κάμινον
409 3345 420 3380 ,
442 3292 486 3382 μή
509 3296 649 3384 έσέλθης
668 3297 701 3374 ές
720 3293 782 3379 τήν
802 3290 1031 3381 ἀμφίρρυτον·

58 3390 78 3450 εί
85 3387 112 3454 δὲ
121 3388 177 3477 μή,
189 3391 379 3464 ἀποθανέαι
391 3395 446 3464 καί
456 3391 558 3473 αὐτὸς
568 3397 623 3462 καί
634 3390 784 3481 ταῦροςὸ
796 3392 1032 3461 καλλιστεύων.

61 3487 147 3556 ’λοῦτα
162 3489 182 3578 ή
199 3501 314 3580 Πυθίη
332 3494 526 3585 Ἀρκεσίλεῳ
547 3501 620 3583 χρᾷ.
650 3490 668 3558 6
686 3493 722 3558 δὲ
736 3488 941 3576 παραλαβοδν
954 3489 1034 3569 τούς
1052 3505 1100 3560 164
