2500 3925
155 206 219 273 2oe
534 208 785 269 HERODOTI

157 376 256 451 δξεισι
271 372 350 456 πρὶν
370 364 393 456 ἢ
408 368 580 438 θύσεσθαι
596 372 708 457 μέλλῃ.
737 366 783 448 ἀς
801 366 833 437 τ’
851 374 898 438 έτι
912 367 997 458 πρός
1015 368 1168 439 τούτοισι

156 474 275 541 πολλοὶ
288 468 351 559 ἤδη
366 476 434 539 τῶν
454 467 647 558 μελλόντων
667 468 797 539 τούτων
810 468 983 539 θύσεσθαι
996 474 1171 549 δείσαντες

159 580 290 658 οίχοντο
304 567 512 656 ἀποδράντες
526 571 559 647 ές
570 565 677 654 ἀλλην
686 566 817 656 χοόρην,
832 565 958 655 χρόνον
973 566 1010 637 a}
1023 565 1172 655 προτόν-

136 692 215 747 -τος
229 665 335 736 ὀπίσω
350 666 571 745 κατελθόντες
587 660 631 752 ἢν
648 662 850 734 ἁλίσκωνται
870 664 1066 743 ἐσελθόντες
1080 666 1117 745 ές
1132 663 1171 734 τό

159 766 385 854 πρυτανήιον,
403 763 449 846 ὥς
461 764 587 835 θύεταί
599 790 636 833 τε
661 763 817 849 έξήγοντο
842 768 1003 852 στέμμασι
1019 770 1085 844 πᾶς
1100 789 1172 833 πυ-

159 866 298 943 κασθεὶς
313 866 369 932 καὶ
383 858 428 943 ἀς
442 860 508 933 σύν
525 870 641 951 πομπῇ
655 864 812 948 ἐξαχθείς.
836 867 938 931 ταῦτα
949 864 986 930 δὲ
999 861 1172 951 πάσχουσι

160 964 194 1030 οί
206 960 429 1049 Κυτισσώρου
443 968 504 1031 τοῦ
519 964 646 1048 Φρίξου
667 958 786 1039 παιδός
802 957 982 1047 ἀπόγονοι,
1003 961 1090 1030 διότι
1106 988 1173 1031 κα-

159 1055 297 1144 θαρμόν
316 1065 374 1145 τῆς
388 1057 498 1147 χτόρης
516 1062 727 1145 ποιευμένων
744 1055 883 1145 Ἀχαιῶν
898 1062 936 1127 έκ
955 1067 1172 1148 θεοπροπίου

156 1154 349 1243 Ἀθάμαντα
364 1155 425 1227 τόν
438 1159 567 1229 Αἰόλον
580 1160 636 1227 καί
649 1157 841 1246 μελλόντων
855 1184 914 1246 μιν
928 1158 1032 1227 θύειν
1045 1156 1173 1229 ἀπικό-

159 1281 260 1341 μενος
275 1247 374 1336 ούτος
393 1254 411 1325 ὁ
427 1265 643 1345 Κυτίσσωρος
668 1260 700 1337 έξ
714 1265 800 1344 Αλης
816 1264 873 1344 τῆς
886 1263 1049 1345 Κολχίδος
1062 1257 1172 1347 έρρύ-

161 1375 258 1442 σατο,
275 1353 416 1442 ποιήσας
437 1359 473 1425 δὲ
491 1362 589 1425 τοῦτο
604 1369 689 1423 τοῖσι
707 1357 972 1443 ἐπιγενομένοισι
986 1358 1021 1437 έξ
1037 1358 1171 1425 ἑαυτοῦ

159 1459 262 1541 μῆνιν
276 1461 338 1523 τοῦ
356 1462 445 1523 θεοῦ
464 1456 609 1542 ἐνέβαλε.
641 1456 764 1543 ,Ξέρξης
778 1455 815 1525 δὲ
835 1461 939 1523 ταῦτα
958 1449 1108 1535 οἰκούσας
1125 1453 1172 1534 ὡς

159 1552 243 1625 κατά
264 1553 301 1624 τό
323 1552 424 1635 ἀλσος
444 1558 592 1643 ἐγένετο,
614 1552 715 1634 αύτός
734 1580 769 1623 τε
791 1559 905 1641 ἔργετο
924 1548 1029 1621 αὐτοῦ
1046 1556 1103 1623 καὶ
1128 1564 1171 1643 τῇ

161 1663 297 1746 στρατιῇ
311 1656 401 1745 πόση
412 1657 625 1744 παρήγγειλε,
640 1661 708 1723 τῶν
719 1682 754 1723 τε
767 1652 975 1740 Ἀθάμαντος
984 1650 1172 1741 ἀπογόνων

159 1751 223 1841 τὴν
238 1760 346 1842 οίκίην
362 1751 484 1843 ὁμοίως
498 1757 554 1826 καὶ
569 1751 607 1823 τό
623 1756 758 1841 τέμενος
772 1755 913 1842 ἐσέβετο.
1050 1818 1053 1825 .

100 1862 150 1921 1⁹8
249 1860 361 1923 Ταῦτα
376 1854 440 1941 μέν
460 1851 500 1923 τά
515 1858 553 1925 έν
566 1859 732 1942 Θεσσαλίη
752 1857 808 1922 καὶ
828 1849 868 1919 τά
885 1854 922 1919 έν
938 1849 1079 1941 Ἀχαιίη,
1101 1851 1171 1923 ἀπὸ

162 1952 199 2020 δὲ
212 1950 343 2020 τούτων
357 1960 425 2022 τῶν
445 1952 568 2042 χόριον
578 1951 632 2040 ἤιε
652 1955 685 2031 ές
698 1948 760 2038 τὴν
774 1949 1021 2046 Μηλίδαιπαρά
1039 1953 1174 2024 κόλπον
1239 2002 1244 2022 .

161 2049 352 2137 θαλάσσης,
367 2055 405 2120 έν
418 2059 464 2144 τῷ
478 2050 625 2139 ἄμπωτίς
641 2077 677 2120 τε
693 2055 748 2120 καί
764 2053 859 2140 ῥηχίη
877 2048 942 2120 ἀνά
956 2059 1068 2124 πᾶσαν
1085 2051 1174 2141 ἡμέ-

162 2175 228 2236 ρην
241 2156 377 2236 γίνεται.
400 2155 477 2238 περὶ
492 2152 530 2220 δὲ
544 2149 605 2220 τόν
621 2148 749 2220 κόλπον
762 2149 885 2218 τοῦτόν
903 2152 972 2221 έστι
985 2157 1092 2238 χόρος
1107 2177 1168 2220 πε·

163 2249 273 2334 δινός,
293 2254 333 2335 τῇ
346 2248 409 2333 μέν
423 2245 543 2336 εὐρύς,
562 2255 602 2337 τῇ
618 2250 654 2317 δὲ
675 2251 731 2318 καί
747 2247 853 2335 κάρτα
868 2248 1005 2330 στεινός.
1034 2253 1111 2336 περὶ
1133 2251 1175 2319 δὲ
1244 2289 1245 2298 2

162 2343 223 2414 τόν
236 2353 347 2435 χῶρον
358 2346 461 2433 οὔρια
471 2345 585 2436 ὖύηλά
598 2350 654 2419 καὶ
665 2345 772 2436 ἄβατα
782 2355 965 2435 περικληίει
978 2355 1092 2420 πᾶσαν
1104 2348 1174 2436 τὴν
1245 2417 1246 2423 ,

162 2451 301 2535 Μηλίδα
314 2453 396 2534 γῆν,
412 2453 586 2536 Τρηχίνιαι
602 2450 720 2532 πέτραι
736 2447 944 2533 καλεόμεναι.
974 2449 1089 2537 πρύτη
1104 2454 1173 2537 μέν
1244 2504 1246 2519 .

162 2572 229 2614 νυν
241 2544 339 2626 πόλις
348 2542 416 2614 έστί
427 2548 464 2616 έν
474 2552 520 2640 τρὶ
530 2545 644 2637 κόλπῳ
655 2544 741 2614 ίόντι
753 2541 812 2612 ἀπ’
826 2541 968 2633 Ἀχαιίης
978 2545 1170 2636 Ἀντικύρη,

163 2642 245 2732 παρ’
260 2642 304 2731 ἣν
314 2643 461 2732 ποταμός
470 2642 654 2732 Σπερχειὸς
664 2646 750 2734 ῥέων
765 2645 798 2724 ἐξ
816 2643 981 2732 Ἐνιήνων
992 2647 1025 2726 ές
1036 2645 1174 2714 θάλασ-

166 2765 231 2815 σαν
244 2748 377 2814 ἐκδιδοῖ.
400 2743 467 2815 ἀπὸ
483 2749 519 2816 δὲ
533 2745 657 2817 τούτου
674 2741 728 2813 διά
746 2751 853 2814 εἴκοσί
866 2771 930 2814 κου
945 2750 1090 2815 σταδίων
1107 2743 1173 2816 ἀλ-

163 2852 221 2923 λος
234 2841 400 2935 ποταμός,
418 2851 465 2935 τῷ
480 2840 609 2930 οὔνομα
625 2845 735 2914 κέεται
748 2842 882 2932 Δύρας,
903 2839 963 2911 τόν
992 2845 1174 2930 βιοθέοντα

164 2947 210 3033 τῷ
225 2938 383 3030 Ἡρακλέι
401 2944 567 3035 καιομένη)
586 2941 686 3030 λόγος
701 2944 768 3014 ἐστὶ
787 2938 1010 3030 ἀναφανῆναι.
1044 2938 1111 3010 ἀπό
1136 2945 1175 3010 δε

163 3036 288 3109 τούτου
301 3035 346 3108 δι’
362 3036 476 3112 ἀλλων
487 3049 591 3110 ελκοσι
605 3043 749 3110 σταδίων
761 3037 862 3120 ἀλλος
877 3039 1025 3125 ποωμός
1039 3041 1121 3126 ἐστι,
1136 3037 1173 3119 ὃς

105 3151 157 3236 ¹⁹⁹.
163 3142 315 3211 καλέεται
328 3143 454 3224 Μέλας.
481 3144 600 3231 Τρηχὶς
610 3143 647 3212 δὲ
660 3141 757 3221 πόλις
766 3138 831 3210 ἀπὸ
847 3147 908 3228 τοῦ
919 3143 1078 3221 Μέλανος
1089 3140 1174 3210 τού-

163 3265 226 3308 του
238 3238 392 3328 ποταμοῦΙ
402 3246 500 3318 πέντε
510 3242 629 3317 uuidar
643 3239 766 3332 ἀπέχει.
789 3240 892 3331 ταύτης
904 3241 940 3312 δὲ
954 3245 1010 3312 καὶ
1025 3238 1173 3329 εὐρύτα-

163 3335 225 3404 τόν
240 3337 432 3426 ἐπειπάσης
444 3347 502 3427 τῆς
514 3341 624 3426 χιόρης
636 3341 757 3427 ταύτης
773 3341 810 3410 ἐκ
822 3345 892 3408 τόν
908 3336 1040 3428 ούρέων
1055 3343 1090 3422 ές
1103 3339 1173 3410 θά-

167 3443 309 3523 λασσαν,
324 3435 398 3505 κατ’
415 3438 437 3505 ἀ
455 3443 573 3529 Τρηχὶς
586 3442 799 3510 πεπόλισται·
825 3440 968 3528 δισχίλιά
981 3467 1017 3514 τε
1032 3439 1098 3535 γάρ
1118 3443 1178 3512 καί
