2500 3925
61 242 122 312 ³74
436 250 686 309 HERODOTI

60 408 115 474 καὶ
135 407 332 496 κυκλοτερές
353 409 478 497 πάντη,
502 406 636 495 ὑψηλόν
657 412 693 477 δέ
714 408 803 479 οὕτω
824 414 865 501 δή
885 441 918 483 τι
932 416 1060 501 λέγεται

63 504 105 587 ὡς
119 506 178 587 τάς
198 508 351 595 κορυφάς
373 508 478 577 αὐτοῦ
495 507 559 577 οὐκ
574 504 629 577 οἷά
645 534 680 576 τε
697 508 782 577 εἶναι
797 515 939 582 ἰδέσθαι.
962 510 1058 581 ούδέ-

60 633 137 676 κοτε
151 605 216 695 γάρ
230 606 334 689 αὐτάς
349 608 541 677 ἀπολείπειν
554 611 660 695 νέφεα
675 607 753 677 ούτε
766 613 886 696 θέρεος
899 610 977 680 οὔτε
993 637 1061 697 χει-

60 715 187 793 μωνος·
222 711 345 777 τούτου
363 714 460 778 κίονα
482 712 545 777 τού
568 706 720 796 ούρανοῦ
744 716 880 794 λέγουσι
894 714 929 776 οί
941 709 1062 795 έπιχό·

61 832 128 890 ριοι
151 804 244 875 εἶναι,
278 811 330 877 έπλ
350 810 473 877 τούτου
489 813 550 874 τού
572 804 691 894 ούρεος
711 811 746 873 οί
767 804 946 894 ἄνθρωποι
967 800 1062 875 ούτοι

61 904 231 993 έπάνυμοι
246 908 417 993 έγένοντο·
438 908 614 975 καλέονται
629 902 694 992 γάρ
709 904 982 992 δηἍτλαντες.
1004 909 1061 976 λέ-

60 1030 176 1089 γονται
198 1008 233 1075 δὲ
255 1005 333 1075 ούτε
350 1014 499 1095 ἔμψυχον
516 1005 617 1075 οὐδὲν
635 1010 804 1075 σιτέεσθαι
820 1005 897 1076 οὔτε
918 1009 1062 1077 ένύπνια

24 1100 154 1189 εὸρᾶν.
199 1108 310 1192 Μέχρι
334 1109 397 1192 μέν
422 1106 462 1194 δὴ
484 1113 551 1174 τῶν
571 1106 759 1175 Ἀτλάντων
778 1108 909 1176 τούτων
932 1116 996 1196 έχω
1020 1107 1061 1178 τά

62 1202 232 1292 ούνόματα
252 1214 321 1275 τῶν
338 1212 375 1275 έν
404 1216 440 1284 τῇ
465 1206 579 1296 ὀφρύη
603 1210 852 1295 κατοικημένων
876 1211 1061 1297 καταλέξαι,

60 1300 97 1371 τό
113 1300 145 1369 δ’
168 1300 233 1371 άπὸ
249 1306 380 1373 τούτων
400 1304 520 1375 οὐκέτι.
544 1307 650 1393 διήκει
671 1304 704 1373 δ’
726 1299 776 1375 όν
795 1304 817 1396 ἡ
837 1305 950 1397 ὀφρύη
967 1312 1060 1396 μέχρι

55 1400 246 1491 Ἡρακλέων
260 1408 408 1491 στηλέων
422 1409 478 1475 καλ
492 1403 528 1473 τό
548 1410 609 1485 ἔξω
626 1405 764 1474 τούτων.
794 1409 914 1475 ἔστιδὲ
929 1405 1010 1487 ἁλός
1025 1433 1062 1475 τε

59 1506 223 1587 μέταλλον
236 1504 274 1571 έν
288 1501 442 1594 αύτῇδιά
458 1506 538 1573 δέκα
550 1502 703 1591 ἡμερέων
718 1502 802 1573 ὁδοῦ
816 1509 873 1575 καί
882 1504 1061 1595 ἄνθρωποι

59 1600 232 1681 οἰκέοντες.
255 1600 294 1669 τά
311 1604 348 1672 δέ
363 1610 450 1673 οίκία
461 1604 610 1671 τούτοισι
620 1610 703 1671 πᾶσι
713 1606 829 1673 έκτῶν
839 1602 966 1673 ἁλίνων
981 1604 1058 1691 χάνε

59 1704 151 1787 δρων
167 1705 406 1789 οἰκοδομέαται.
431 1709 534 1771 ταῦτα
546 1700 610 1789 γάρ
624 1701 688 1789 ἤδη
699 1710 757 1789 τῆς
766 1702 896 1792 Λιβύης
906 1701 1060 1792 άνομβρά

59 1801 143 1867 ἐστι·
166 1796 209 1868 ού
224 1799 289 1890 γάρ
305 1796 349 1869 δν
375 1797 531 1871 ἐδυνέατο
553 1804 668 1889 μένειν
684 1806 719 1870 οί
737 1816 840 1889 τοίχοι
861 1802 972 1885 έόντες
986 1804 1062 1873 άλι-

59 1924 129 1988 νοι,
154 1904 185 1968 εἰ
198 1893 247 1972 ὗε.
271 1898 343 1971 ὁδὲ
364 1898 423 1982 δλς
442 1899 566 1972 αύτόθι
586 1905 642 1971 καὶ
656 1899 776 1981 λευκός
796 1923 851 1972 και
867 1904 1062 1994 πορφύρεος

59 1996 95 2066 ιδ
114 1997 200 2080 εἶδος
214 1998 400 2090 ὀρύσσεται.
424 2001 509 2088 ὑπὲρ
523 2002 559 2070 δὲ
567 2009 626 2088 τῆς
637 1999 768 2089 ὀφρύης
778 2002 915 2090 ταύτης,
927 2001 965 2072 τδ
976 2001 1061 2091 πρδς

60 2100 163 2168 νότον
178 2103 234 2170 καὶ
253 2101 437 2187 μεσόγαιαν
457 2109 514 2188 τῆς
531 2101 676 2188 Λιβύης,
698 2103 819 2189 έρημος
838 2106 895 2171 καὶ
915 2101 1061 2191 ἄνυδρος

59 2204 115 2269 καὶ
128 2198 258 2289 ἄθηρος
277 2206 333 2271 καὶ
348 2201 517 2290 ἄνομβρος
536 2204 591 2270 καὶ
612 2199 733 2281 ἅξυλός
754 2205 822 2270 έστι
840 2197 862 2289 ἡ
877 2201 985 2289 χάρη,
1006 2203 1058 2270 aaa

59 2301 198 2388 ἰκμάδος
211 2303 279 2370 έστὶ
294 2304 331 2370 έν
346 2300 430 2391 αὐτῇ
447 2301 556 2372 οὐδέν.

24 2421 44 2475 ρ
145 2399 244 2468 Ούτω
259 2401 321 2486 μὲν
341 2403 435 2489 μέχρι
449 2409 507 2489 τῆς
523 2407 723 2490 Τριτωνίδος
743 2406 861 2487 λίμνης
874 2395 933 2467 ἄπ’
952 2399 1061 2486 Αίγύ-

60 2523 146 2569 πτου
161 2499 305 2586 νομάδες
325 2503 387 2570 είσλ
403 2502 587 2590 κρεοφάγοι
608 2528 645 2570 τε
664 2502 720 2569 καὶ
741 2499 986 2586 γαλακτοπόται
999 2503 1061 2568 Λί-

60 2605 155 2686 βυες,
178 2602 233 2666 καλ
251 2601 387 2687 θηλέων
409 2626 444 2667 τε
465 2606 557 2687 βοῶν
577 2599 652 2668 ούτι
683 2597 877 2686 γευόμενοι,
911 2595 1060 2681 διότιπερ

60 2693 139 2764 ούδέ
158 2696 354 2785 Αἰγύπτιοι,
375 2702 431 2767 καὶ
454 2691 495 2778 ύς
516 2697 557 2768 ού
579 2703 768 2786 τρέφοντες.
800 2704 893 2785 βοάν
913 2699 975 2783 μέν
994 2721 1061 2762 νυν

58 2795 195 2882 θηλέων
210 2794 284 2864 οὐδ’
308 2804 345 2867 αί
358 2805 744 2887 Κυρηναίωνγυναίκες
763 2802 929 2865 δικαιεῦσι
942 2793 1061 2864 πατέε-

59 2905 142 2963 σθαι
157 2894 212 2963 διά
227 2893 290 2982 τὴν
305 2899 342 2966 έν
356 2897 518 2988 Αίγύπτφ
527 2891 618 2985 Ἶσιν,
635 2894 719 2966 ἄλλά
735 2899 791 2966 καὶ
803 2902 963 2982 νηστηίας
977 2892 1062 2982 αὐτῇ

57 2997 113 3062 καὶ
134 2991 234 3079 ὁρτάς
254 2997 476 3084 ἐπιτελέουσι,
505 3003 540 3066 αἱ
562 2999 598 3066 δὲ
618 3005 686 3066 τῶν
705 3003 884 3084 Βαρκαίων
904 3009 1062 3081 γυναῖκες

24 3106 39 3160 7
57 3089 137 3161 ούδδ
151 3090 224 3162 δεῖν
240 3093 324 3183 πρὸς
337 3105 411 3186 τῇσι
428 3099 527 3185 βουσὶ
540 3098 707 3184 γεύονται.
730 3096 908 3180 ταῦταμὲν
919 3091 959 3180 δὴ
972 3089 1062 3160 οὕτω

57 3198 140 3279 ἔχει,
161 3190 199 3260 τδ
216 3193 253 3262 δέ
266 3192 352 3283 πρδς
366 3198 506 3282 ἑσπέρης
524 3202 582 3282 τῆς
600 3198 801 3280 Τριτωνίδος
818 3199 937 3279 λίμνης
950 3187 1059 3259 ούκέτι

56 3289 201 3377 νομάδες
221 3296 283 3362 εἰσὶ
297 3300 435 3382 Λίβυες,
458 3292 538 3362 οὐδὲ
555 3295 690 3381 νόμοισι
712 3307 798 3362 τοῖσι
814 3287 945 3359 αύτοίσι
964 3285 1062 3375 χρεό-

56 3413 169 3474 μενοι,
198 3387 278 3458 ούδέ
299 3391 382 3460 κατά
408 3391 448 3460 τὰ
474 3397 591 3461 παιδία
616 3400 790 3471 ποιεῦντες
812 3386 886 3460 οἶόν
906 3415 939 3457 τι
959 3388 1064 3455 καλοί

56 3487 201 3567 νομάδες
222 3489 347 3558 έιύθασι
373 3497 509 3562 ποιέειν.
545 3498 582 3562 ολ
601 3491 667 3581 γάρ
689 3490 730 3580 δὴ
752 3499 821 3560 τάν
841 3487 982 3574 Λιβύων
1001 3510 1061 3552 νο-
