2500 3925
273 208 279 212 ·
343 204 430 279 ιιι.
465 204 524 259 ιιι.
558 203 658 262 οιε.
692 209 833 279 εε-ιο,
852 215 877 266 1.
1055 203 1115 268 147

106 363 255 454 μεμπτὸς
267 359 351 432 κατὰ
366 360 402 431 τό
420 361 553 449 πλῆθός
568 358 654 450 ἐστι,
678 365 733 432 καὶ
748 361 784 430 τό
801 361 996 452 Ἑλληνικόν
1013 369 1115 455 στρό-

104 488 209 550 τευμα
223 466 375 549 φαίνεται
389 459 640 547 πολλαπλήσιον
661 465 798 530 έοεσθαι
813 471 874 532 τοῦ
892 460 1072 554 ἡμετέρου,
1094 464 1116 554 ή

104 560 142 631 τὸ
160 559 322 630 ναυτικόν
341 559 379 629 τό
399 558 563 653 ἡμέτερον
575 565 752 641 λείψεσθαι
766 568 830 630 τοῦ
849 563 1003 648 ἐκείνων,
1023 560 1116 650 ήκαλ

104 659 346 747 συναμφότερα
359 664 481 740 ταῦτας
496 662 527 726 εί
535 657 600 746 γάρ
610 683 663 727 τοι
677 657 781 748 ταύτῃ
792 662 985 751 ἐνδεέστερα
996 668 1115 748 φαίνε-

104 789 158 831 ται
169 759 304 831 εἶναιτὰ
316 758 458 849 ἡμέτερα
468 760 656 847 πρήγματα,
667 767 811 848 στρατοῦ
822 756 866 828 όν
877 757 982 831 όλλου
992 787 1041 841 τις
1051 759 1115 849 τήν

104 862 259 950 ταχίστην
273 860 411 952 ἄγερσιν
424 861 575 930 ποιέοιτο.
589 858 626 928 ‘0
637 858 670 928 δ’
683 859 837 950 ἀμείβετο
851 863 976 950 λέγων·
994 857 1033 932 Ὦ
1047 870 1112 953 βα-
1126 881 1161 936 49

105 969 211 1050 σιλεῦ,
229 963 307 1032 οὔτε
322 960 465 1053 στρατόν
479 968 611 1047 τοῦτον,
627 958 718 1037 ὅστις
728 985 766 1046 γε
780 958 920 1029 σύνεσιν
934 965 1013 1048 ἔχοι,
1028 963 1112 1048 μέμ-

105 1059 195 1148 φοιτ’
212 1058 257 1130 δν
271 1061 349 1132 οὔτε
362 1069 431 1131 τῶν
443 1065 534 1130 νεῶν
547 1056 584 1128 τό
600 1065 740 1146 πλῆθος.
763 1057 807 1146 ήυ
817 1085 853 1127 τε
868 1066 1015 1138 πλεῦνας
1028 1067 1112 1127 σνλ-
1127 1074 1142 1127 1

103 1165 213 1248 λέξῃς,
227 1158 268 1229 τὰ
282 1160 345 1229 δύο
361 1185 413 1228 τοι
447 1156 488 1228 τό
505 1159 592 1244 λέγω
623 1165 736 1248 πολλῷ
754 1162 800 1226 ἔτι
817 1159 1044 1247 πολεμιώτερα
1059 1165 1110 1244 γέ·

105 1285 204 1330 νεται.
227 1255 268 1326 τὰ
283 1260 320 1328 ab
333 1259 396 1329 δόο
410 1265 516 1328 ταῦτα
526 1259 594 1326 ἐστὶ
605 1263 648 1345 γῆ
659 1283 694 1325 τε
705 1259 760 1327 καὶ
769 1257 935 1327 θάλασσα.
956 1254 1110 1344 οὔτεγὰρ

104 1365 162 1445 τῆς
175 1357 349 1445 θαλάσσης
362 1363 431 1427 ἔστι
443 1354 546 1444 λιμήν
560 1362 719 1434 τοσοῦτος
733 1352 913 1443 οὐδαμόθι,
931 1353 975 1435 ὡς
985 1351 1050 1442 ίγδ
1063 1359 1111 1422 εί-

105 1459 211 1545 τόζω,
227 1455 318 1539 ὅστις
334 1461 550 1546 ἐγειρομένου
565 1463 728 1545 χειμῶνος
742 1455 921 1544 δεξάμενός
935 1474 996 1525 σευ
1010 1461 1109 1524 τοῦτο

106 1554 140 1626 τό
157 1554 320 1626 ναυτικὸν
335 1561 521 1646 φερέγγυος
536 1564 627 1628 ἔσται
640 1562 802 1627 διασῶσαι
818 1553 876 1636 τὰς
892 1558 977 1635 νέας.
1003 1559 1108 1625 καίτοι

105 1652 179 1725 οότλ
195 1658 255 1724 ἕνα
269 1682 312 1745 τη
326 1653 432 1726 αὐτόν
446 1662 502 1726 δελ
523 1655 607 1726 εἶναι
619 1654 679 1726 τὸν
689 1657 823 1742 λιμένα,
839 1650 923 1724 ἀλλὰ
938 1651 1029 1742 παρὰ
1042 1658 1109 1722 πᾶ-

103 1776 167 1826 σαν
176 1754 239 1845 τήν
252 1755 408 1845 ἤπειρον,
425 1753 502 1847 παρ’
515 1750 558 1841 ἣν
569 1751 611 1840 δή
623 1757 764 1838 πομίεαι.
776 1833 780 1841 ¹
794 1750 856 1822 οὐκ
869 1745 918 1820 οέν
929 1750 970 1840 δή
982 1751 1108 1822 ἐόντων

76 1914 80 1922 .
104 1881 153 1924 τοι
167 1857 315 1943 λιμένων
329 1851 515 1938 ὑποδεξίων
528 1857 637 1944 μα’θε,
660 1854 711 1924 ότι
728 1859 765 1922 αί
778 1853 949 1939 συμφοραὶ
961 1858 1029 1920 τῶν
1045 1848 1108 1919 ἄν·

102 1954 254 2042 θρτόπων
275 1952 416 2043 ἄρχουσι
436 1959 492 2027 παλ
513 1954 589 2026 οότιλ
605 1953 788 2044 ἅνθρωποι
809 1956 877 2020 τοῖν
893 1951 1105 2040 συμφορέων.

103 2054 167 2122 Καὶ
183 2050 225 2140 δή
240 2059 309 2121 τῶν
323 2054 385 2122 δόο
403 2082 454 2124 τοι
469 2063 531 2125 τοῦ
544 2059 660 2146 έτέρου
675 2055 853 2144 εἰρημένου
867 2047 904 2120 τὸ
920 2053 1035 2139 ἕτερον
1050 2056 1138 2138 ἐρ-’λ

102 2177 197 2239 ηομαι
210 2152 321 2236 έρέων.
345 2161 388 2243 γῆ
402 2155 439 2225 δέ
453 2162 593 2244 πολεμίη
603 2157 685 2245 τῇδέ
692 2172 743 2224 ’τοι
758 2158 963 2223 κατίσταται·
986 2157 1016 2221 εί
1029 2151 1107 2221 έθέ-

100 2258 149 2319 λει
164 2275 215 2320 τοι
229 2252 336 2338 μηδὲν
350 2249 505 2336 ἀντίξοον
520 2260 734 2342 καταστῆναι,
751 2252 899 2344 τοσοότφ
913 2277 964 2320 τοι
979 2257 1107 2338 γίνεται
1134 2331 1136 2335 ⁴

100 2351 336 2440 πολεμιωτέρη,
351 2350 420 2444 όσφ
431 2350 476 2421 ἂν
486 2362 671 2443 προβαίνῃς
692 2353 845 2441 ἑκατέρω,
868 2349 905 2420 τὸ
917 2350 1032 2436 πρόσω
1043 2352 1107 2419 αίελ

100 2450 336 2536 κλεπτόμενος·
359 2452 537 2542 εὐπρηξίης
549 2454 614 2543 γὰρ
626 2452 689 2523 οὐκ
702 2460 769 2521 ἔστι
784 2450 995 2539 ἀνθρώποισι
1006 2447 1107 2518 οὐδε-

99 2555 157 2635 μία
171 2549 344 2638 πληθτόρη.
367 2555 422 2621 καλ
436 2553 479 2640 δή
495 2580 547 2622 τοι
565 2552 610 2633 ὥς
624 2549 764 2630 οὐδενός
779 2552 1036 2635 ἐναντιευμένου
1049 2547 1106 2616 λέ-

98 2672 146 2733 γω
160 2643 223 2732 τήν
239 2645 353 2736 χώρην
362 2658 491 2720 πλεῦνα
503 2654 540 2719 ἐν
554 2657 674 2720 πλεῦνι
687 2648 797 2743 χρόνῳ
811 2649 993 2736 γινομένην
1005 2642 1105 2733 λιμόν

98 2748 258 2827 τέξεσθαι.
279 2744 365 2836 ἀνήρ
381 2748 418 2818 δέ
432 2748 521 2817 οὕτω
532 2746 576 2817 όν
587 2758 638 2836 εἴη
650 2746 799 2836 ἄριστος,
815 2751 846 2815 εί
856 2745 1104 2835 βουλευόμενος

96 2844 158 2930 μὲν
172 2840 354 2935 ἀρρωδέοι,
368 2854 438 2917 πᾶν
449 2848 684 2936 ἐπιλεγόμενος
694 2852 870 2915 πείσεσθαι
884 2850 1004 2932 χρῆμα,
1018 2845 1055 2912 έν
1066 2844 1102 2910 δὲ

96 2948 141 3033 τῷ
158 2949 244 3036 ἐργφ
258 2944 391 3035 θρασός
405 2956 466 3035 είη.
486 2946 667 3036 Ἀμείβεται
684 2946 806 3032 Ξέρξης
821 2948 961 3012 τοισίδε·
985 2938 1103 3028 Ἀρτό-
1119 2963 1155 3017 5ο

96 3050 194 3130 βανε,
210 3045 348 3127 οίιιότως
360 3048 425 3135 μέν
438 3048 483 3135 ου’
495 3074 535 3134 γε
550 3048 680 3116 τοότωυ
694 3048 815 3114 ἕκαστα
834 3042 991 3131 διαιρέαι,
1017 3040 1101 3129 ἀτὰρ

95 3138 176 3226 μήτε
185 3141 293 3211 πάντα
301 3150 408 3232 φοβέο
433 3146 515 3235 μήτε
529 3153 597 3215 πᾶν
607 3142 731 3232 ὁμοίως
745 3147 902 3230 ἐπιλέγεο.
927 3147 970 3211 Εἰ
982 3138 1046 3227 γδρ
1061 3138 1100 3227 δή
1121 3169 1135 3220 1

95 3237 232 3329 βοόλοιο
259 3243 312 3311 ἐπὶ
340 3250 387 3334 τῷ
410 3246 474 3313 αίελ
497 3246 755 3333 ἐπεσφερομένῳ·
779 3240 945 3327 πρήγματι
971 3237 1006 3306 τὸ
1032 3245 1101 3306 πᾶν

95 3337 216 3430 ὁμοίως
230 3342 460 3431 ἐπιλέγεσθαι,
475 3343 647 3430 ποιήσειας
661 3337 705 3409 δν
716 3335 846 3425 οὐδαμὰ
864 3334 980 3406 οὐδέν·
1002 3340 1102 3425 τρέσ·

95 3462 156 3512 σου
167 3443 203 3511 δέ
214 3442 324 3512 πάντα
334 3446 524 3530 θαρσέοντα
534 3443 639 3532 ήμισυ
650 3449 717 3511 τῶν
728 3444 850 3509 δεινῶν
864 3436 1009 3590 maxim
1018 3444 1103 3524 μᾶλ·
