2500 3925
192 208 255 273 20⁶
569 208 825 311 nnnqnow

191 396 249 451 τος
258 372 400 459 ἐγένετο,
412 372 595 459 ἐσήμαινον
602 367 714 437 πάντα
723 365 765 437 τά
774 366 943 457 γευόμενα
953 372 1037 458 περὶ
1048 368 1125 459 τήν
1135 397 1212 441 υαο

190 476 301 557 ηγίην.
329 472 365 539 οί
376 471 414 538 δὲ
429 467 474 549 ἀς
489 469 679 555 ἐπύθοντο,
695 471 899 538 Ποσειδέωνι
916 476 1048 558 σωτήρι
1070 468 1211 557 εὐξόμε-

190 590 246 636 υυι
266 568 323 637 καὶ
338 565 488 648 σπονδάς
504 567 705 656 προχέαντες
718 563 782 655 τήν
800 574 957 655 ταχίστην
977 565 1103 639 ὀπίσω
1124 569 1210 659 ήπεί·

190 692 292 755 γοντο
307 668 360 737 έπλ
375 664 414 736 τά
432 665 655 754 Ἀρτεμίσιον,
676 668 869 745 ἐλπίσαντες
889 663 1006 753 ὀλίγας
1027 670 1139 749 τινάς
1160 688 1208 755 σφι

191 763 366 848 ἀντιξόους
380 772 517 836 ἔσεσθαι
527 766 614 843 νέας.
638 768 684 833 Ol
692 766 754 852 μλν
768 761 856 852 δήτὸ
869 764 1034 853 δεύτερον
1046 766 1208 844 ἐλθόντες

190 867 266 953 περὶ
279 862 318 934 τό
336 863 542 955 Ἀρτεμίσιον
561 863 781 953 ἐναυλόχεον,
797 864 1032 947 Ποσειδέωνος
1059 876 1207 956 σωτῆρος

121 981 172 1040 193
190 971 385 1055 ἐπωνυμίην
397 962 464 1035 ἀπδ
478 966 603 1036 τούτου
616 971 666 1035 ἐτι
682 962 738 1035 τιῖιδ
751 966 786 1045 ές
798 964 876 1035 τόδε
890 973 1112 1056 νομίζοντες,
1132 973 1168 1036 οί
1180 968 1205 1035 δὲ

189 1065 371 1156 βάρβαροι,
387 1063 433 1145 ὡς
447 1065 617 1137 ἐπαύσατό
631 1092 668 1137 τε
683 1064 701 1135 ὁ
717 1064 840 1153 ἀνεμος
850 1069 906 1137 καὶ
916 1064 955 1137 τὸ
970 1075 1071 1155 κῦμα
1084 1076 1203 1155 ἐστρω

187 1192 243 1254 το,
262 1164 534 1247 κατασπάσαντες
547 1163 606 1246 τάς
620 1170 700 1248 νέας
713 1173 844 1237 έπλαον
859 1164 950 1253 παρά
964 1164 1030 1255 τήν
1046 1166 1204 1257 ἤπειροι,

187 1269 380 1356 κάμψαντες
393 1266 431 1336 δὲ
445 1264 508 1355 τήν
527 1266 637 1354 ἀκρηυ
652 1274 711 1357 τῆς
726 1275 927 1357 Μαγνησίης
945 1270 1049 1337 δθέαν
1074 1268 1204 1339 ἔπλωον

187 1371 221 1449 ές
233 1366 295 1437 τὸν
307 1367 437 1437 κόλπου
449 1364 511 1435 τὸν
519 1368 573 1435 ἐπὶ
582 1371 770 1453 Παγασέων
780 1369 935 1455 φέροντα.
959 1371 1029 1435 ἐστι
1045 1370 1091 1437 δὲ
1101 1376 1203 1457 χῶρος

186 1470 224 1537 έν
244 1474 291 1560 τῷ
307 1467 422 1558 κόλπῳ
438 1464 548 1558 τούτῳ
567 1473 626 1554 τῆς
641 1475 858 1555 Μαγνησίης,
883 1472 968 1535 ἔνθα
985 1469 1129 1553 λέγεται
1150 1468 1201 1538 τ’ὀι

180 1566 346 1652 Ἡρακλέα
359 1572 627 1653 καταλειφθῆναι
641 1564 709 1636 ὑπὸ
728 1565 873 1654 Ἰήσονός
886 1592 922 1634 τε
936 1567 991 1633 καὶ
1008 1573 1086 1635 τοῖν
1103 1589 1188 1636 συνε

186 1670 311 1747 ταίρων
324 1664 363 1733 ἐκ
375 1670 435 1752 τῆς
446 1662 585 1750 Ἀργοῦς
596 1660 651 1732 ἐπ’
664 1662 757 1749 ὕδωρ
772 1666 986 1752 πεμφθέντα,
1003 1656 1083 1733 εὖτ’
1102 1669 1158 1735 ἐπὶ
1169 1664 1198 1733 τό

184 1771 275 1845 κῶας
288 1768 421 1834 έπλυον
433 1763 467 1842 ές
480 1759 569 1830 Αἶαν
581 1758 645 1848 τήν
654 1767 817 1849 Κολχίδα·
841 1766 1001 1831 ἐνθεῦτεν
1015 1760 1089 1850 γάρ
1108 1770 1197 1850 ἔμελ-

184 1872 247 1933 λον
262 1860 511 1948 ὑδρευσόμενοι
528 1856 608 1940 έςτδ
624 1862 766 1947 πέλαγος
776 1857 935 1947 οἰκήσειν,
951 1862 1003 1929 έπὶ
1021 1861 1159 1931 τούτου
1169 1861 1198 1929 δὲ

183 1972 230 2058 τῷ
243 1964 341 2056 χόρμ
355 1964 486 2051 οὕνομα
498 1964 618 2050 γέγονε
632 1957 773 2048 Ἀφεταί.
795 1965 832 2030 έν
848 1961 955 2052 τούτῳ
974 1954 1024 2030 ἀν
1040 1959 1160 2051 ὅρμου
1173 1967 1199 2030 οἱ

118 2069 168 2128 194
183 2065 311 2149 Ξέρξεω
329 2065 513 2130 ἐποιεῦντο.
546 2063 792 2131 Πεντεκαίδεκα
813 2061 850 2130 δὲ
864 2067 932 2128 τῶν
952 2066 1042 2127 νεῶν
1063 2062 1196 2130 τούτων

182 2162 304 2247 έτυχόυ
316 2185 353 2228 τε
366 2158 506 2226 ὕσταται
522 2154 651 2227 πολλόν
665 2160 912 2246 ἐξαναχθεῖσαι,
927 2165 986 2227 καί
999 2185 1071 2238 κως
1088 2174 1199 2228 κατετ-

183 2264 246 2328 δον
259 2254 319 2337 τάς
330 2253 383 2326 ἐπ’
395 2254 587 2346 Ἀρτεμισίῳ
598 2261 667 2323 τοῖν
676 2253 846 2344 Ἑλλήνων
859 2257 946 2335 νέας.
968 2254 1095 2337 έδοξάυ
1110 2282 1149 2324 τε
1161 2255 1199 2343 δή

182 2355 242 2439 τάς
255 2357 418 2440 σφετέρας
433 2350 518 2422 εἶναι
532 2356 567 2422 οί
578 2352 757 2442 βάρβαροι,
774 2356 828 2422 καί
840 2351 1008 2432 αλόοντες
1022 2355 1156 2421 έπεσου
1169 2355 1199 2431 ἐς

182 2452 262 2535 τοὺς
275 2458 465 2541 πολεμίους.
486 2457 556 2520 τόν
572 2451 769 2540 ἐστρατήγεε
784 2448 802 2520 ὁ
818 2448 883 2521 ἀπὸ
900 2449 1019 2537 Κύμης
1034 2457 1099 2536 τῆς
1113 2457 1196 2519 Λίο-

182 2558 274 2634 λίδος
287 2549 436 2640 ὕπαρχος
448 2547 668 2636 Σανδιόκηςὸ
685 2555 876 2637 Θαμασίου,
890 2545 952 2616 τὸν
967 2545 1007 2635 δή
1023 2547 1196 2636 πρότερον

179 2653 310 2722 τούτων
330 2646 489 2739 βασιλεάς
503 2658 649 2736 Δαρείος
670 2645 721 2716 έπ’
743 2653 829 2738 αἰτίη
846 2649 958 2736 τοιῇδε
977 2642 1099 2732 λαβοὶν
1114 2643 1194 2713 ἀνε-

179 2749 363 2836 σταύρωσε,
374 2749 474 2819 έόντα
486 2751 555 2818 τὲδυ
562 2754 746 2837 βασιληίων
757 2750 950 2817 δικαστέων.
970 2741 1192 2833 ὁΣανδεόκης

179 2851 232 2920 ἐπὶ
245 2846 390 2937 χρήμασι
400 2845 521 2916 ἄδικον
533 2850 633 2935 δίκην
647 2848 787 2916 ἐδίκασε.
810 2841 1130 2931 ἀνακρεμασθέντος
1144 2871 1191 2911 ιν

178 2947 285 3021 αάτοῦ
304 2949 518 3036 λογιζόμενος
532 2944 551 3017 ὁ
566 2958 712 3036 Δαρεῖος
733 2939 813 3035 εὗρέ
825 2948 859 3015 ol
874 2945 963 3014 πλέω
987 2939 1103 3030 ἀγαθά
1119 2951 1188 3011 τῶν

177 3047 425 3138 ἁμαρτημάτων
438 3051 646 3134 πεποιημένα
667 3048 701 3126 ές
716 3043 811 3114 οἷκον
824 3041 885 3113 τὸν
905 3040 1100 3131 βασιλήιον·
1130 3038 1186 3109 εὑ·
1223 3131 1224 3136 ¹

177 3143 249 3230 ράν
263 3146 301 3212 δέ
313 3149 412 3214 τοῦτο
432 3141 612 3233 ὁΔαρείος
625 3146 681 3214 καί
701 3139 823 3232 γνοὺς,
842 3139 887 3220 ἀς
901 3138 1064 3227 ταχότερα
1085 3135 1185 3218 αὐτὸς

176 3242 200 3332 ἦ
216 3242 393 3330 σοφώτερα
403 3244 607 3332 ἐργασμένος
621 3251 683 3330 εέη,
700 3248 807 3314 έλυσε.
830 3241 969 3330 βασιλέα
979 3238 1043 3326 μὲν
1056 3236 1099 3326 δή
1110 3249 1183 3308 Δα-

176 3353 271 3424 ρείου
284 3336 373 3408 οὕτω
387 3336 565 3428 διαφυγὸν
579 3339 625 3426 μή
641 3337 827 3410 ἀπολέσθαι
844 3344 980 3426 περιῆν,
1001 3336 1075 3406 τότε
1096 3338 1131 3405 δέ
1150 3340 1181 3418 ἐς

176 3434 425 3524 τούςἝλληνας
441 3439 663 3518 καταπλώσας
694 3445 809 3524 ἔμελλε
824 3425 866 3505 οά
880 3433 918 3504 τό
934 3433 1094 3527 δεότερον
1108 3442 1181 3506 δια-
