2500 3925
202 254 207 261 '
320 292 409 351 ιιε.
441 292 472 349 11.
506 292 606 348 οαε.
642 294 816 351 ιιι-ιιι.
1012 286 1074 349 ιον

75 440 173 513 πάντα
191 444 265 517 τινά
288 454 489 536 Αἰγυπτίων
510 446 597 528 ὅθεν
617 454 769 536 βιοῦται,
791 446 836 535 μὴ
857 446 893 517 ῦὲ
914 454 1075 518 ποιεῦντα

78 548 167 611 ταῦτα
185 548 268 633 μηδὲ
288 545 526 634 ἀποφαίνοντα
544 552 680 634 δικαίην
700 546 780 633 ζόην
801 545 986 615 ἰθύνεσθαι
1006 556 1075 615 θα-

79 641 163 732 νάτῳ.
205 647 329 715 Σόλων
345 648 383 716 δέ
397 646 416 715 ὁ
428 646 609 734 Ἀθηναῖος
623 644 739 733 λαβοῦν
754 649 787 727 ἐξ
805 646 982 733 Αἰγύπτου
996 650 1076 713 τοῦ·

76 765 128 807 τον
145 740 201 809 τόν
223 745 333 831 νόμον
356 744 568 833 Ἀθηναίοισι
593 750 708 831 ἔθετο,
737 752 783 835 τῷ
809 748 931 813 ἐκείνοι
955 746 988 821 ἐς
1013 745 1076 811 αἰεὶ

75 843 228 929 χρέονται,
250 845 342 913 έόντι
361 844 608 937 ἀμόμωνόμμ.
655 850 822 932 Φιλέλλην
836 846 873 913 δὲ
894 844 1077 931 γενόμενος
1094 864 1143 919 178

74 938 230 1025 ὁἍμασις
244 941 330 1011 ἀλλα
350 973 388 1014 τε
401 949 434 1025 ές
445 944 618 1033 Ἐλλήνων
632 947 863 1032 μετεξετέρους
882 940 1074 1027 ἀπεδέξατο,

75 1042 122 1106 καὶ
132 1037 169 1125 δὴ
180 1043 234 1108 καί
245 1056 331 1110 τοῖσι
339 1042 624 1130 ἀπικνευμένοισι
634 1045 667 1121 ές
674 1052 850 1128 Δίγυπτον
861 1046 965 1111 έῦωιιε
975 1040 1075 1109 Ναύ-

74 1162 178 1216 κρατιν
192 1138 294 1207 πόλιν
315 1144 506 1230 ἐνοικῆσαι,
528 1156 614 1208 τοῖσι
637 1140 673 1207 δὲ
694 1136 739 1226 μὴ
757 1142 994 1227 βουλομένοισι
1011 1135 1075 1207 αῦ-

72 1242 131 1301 τῦν
145 1238 282 1324 οἰκέειν,
306 1239 414 1307 αῦτοῦ
433 1242 470 1308 δέ
491 1242 801 1324 ναυτιλλομένοισι,
825 1242 928 1307 ἔδωκε
943 1237 1074 1324 χτόρους

70 1336 302 1421 ἐνιδρύσασθαι
327 1337 465 1427 βωμούς
488 1342 544 1407 καί
567 1343 707 1425 τεμένεα
725 1347 846 1407 θεοίσι.
875 1336 913 1407 τό
930 1339 993 1424 μέν
1007 1360 1074 1403 νυν

69 1435 214 1516 μέγιστον
239 1434 354 1503 αύτῦν
377 1442 515 1524 τέμενος
535 1441 591 1505 καὶ
616 1434 910 1522 οῦνομαστότατον
937 1434 995 1504 ἐόν
1018 1436 1075 1502 καί

67 1532 325 1621 χρησιμώτατον,
354 1537 565 1623 καλεόμενον
588 1538 626 1604 δὲ
642 1535 834 1622 Ἑλλήνιον,
863 1540 937 1604 αλῦε
959 1536 1073 1613 πόλιός

66 1636 121 1696 εἰσι
135 1636 171 1699 αί
187 1636 366 1720 ἰῦρυμέναι
382 1642 496 1725 κοινῇ,
515 1633 641 1703 Ἰύνων
662 1636 726 1720 μὲν
739 1640 821 1711 Χίος
838 1636 893 1701 καὶ
912 1634 1001 1711 Τέως
1016 1632 1073 1700 καλ

66 1728 195 1797 Φόκαια
210 1734 266 1799 καί
282 1734 510 1820 Κλαζομεναί,
526 1736 692 1815 Δωριέων
706 1734 744 1799 δὲ
753 1729 865 1809 Ῥόδος
882 1734 938 1797 καί
948 1734 1073 1805 Κνίῦος

67 1821 376 1913 καίἈλικαρνησσός
389 1834 446 1899 καὶ
460 1832 628 1917 Φάσηλις,
653 1834 806 1898 Αἰολέων
828 1828 864 1895 ῦλ
879 1826 900 1914 ἡ
916 1834 1073 1911 Μυτιλη·

66 1929 160 1992 ναίων
181 1926 303 2014 μούνη.
336 1929 469 1998 τούτων
488 1932 552 2016 μέν
573 1933 643 1999 έστι
663 1936 763 1998 τοῦτο
786 1924 824 1996 τό
842 1930 995 2014 τέμενος,
1017 1923 1073 1993 καί

64 2023 242 2106 προστάτας
263 2033 326 2093 τοῦ
343 2030 509 2114 ἐμπορίου
532 2021 633 2096 αῦται
657 2034 694 2097 αἰ
714 2029 828 2106 πόλιές
844 2033 907 2094 εἰσι
928 2031 966 2126 αἰ
984 2049 1073 2111 παρ-

63 2122 203 2203 έχουσαι·
235 2121 315 2190 ὅσαι
339 2126 376 2191 δέ
402 2123 501 2193 ἀλλαι
527 2126 643 2204 πόλιες
667 2131 941 2211 μεταποιεῦνται,
970 2121 1072 2193 οῦῦέν

63 2238 115 2302 σφι
128 2219 250 2305 μετεὸν
263 2231 533 2308 μεταποιεῦνται.
556 2227 657 2312 χωρὶς
673 2225 709 2293 δὲ
721 2229 898 2312 Αἰγινῆται
916 2223 968 2292 ἐπ’
986 2227 1072 2292 ἑωυ-

63 2323 121 2382 τῦν
143 2317 327 2403 ίῦρύσαντο
348 2323 487 2408 τέμενος
507 2328 612 2410 Διός,
640 2327 695 2390 καὶ
716 2321 798 2391 ἀλλο
816 2324 941 2408 Σάμιοι
954 2321 1070 2408 Ἥρης,

63 2415 109 2480 καί
123 2415 287 2502 Μιλήσιοι
304 2415 527 2500 Ἀπόλλωνος.
568 2414 632 2488 Ἦν
647 2423 684 2488 δὲ
699 2418 737 2488 τό
759 2418 906 2489 παλαιόν
924 2419 1034 2507 μούνη
1049 2413 1071 2504 ἡ
1087 2438 1138 2494 179

64 2512 247 2598 Ναύκρατις
262 2517 427 2601 ἐμπόρων
441 2520 497 2586 καί
507 2517 590 2588 ἀλλο
603 2517 707 2586 οῦδὲν
717 2519 903 2603 Αἰγύπτου.
928 2523 957 2584 εἰ
971 2517 1010 2584 δέ
1021 2539 1071 2592 τις

62 2614 89 2687 ἐς
105 2617 171 2677 τῶν
195 2639 227 2681 τι
248 2611 332 2683 ἀλλο
354 2617 532 2704 στομάτων
557 2623 619 2685 τοῦ
639 2623 769 2700 Νείλου
789 2614 957 2699 ἀπίκοιτο,
985 2619 1070 2700 χρῆν

62 2705 171 2791 ὀμόσαι
188 2708 233 2798 μὴ
257 2714 320 2797 μὲν
344 2715 467 2782 ἑκόντα
490 2717 622 2800 έλθείν,
652 2712 872 2800 ἀπομόσαντα
895 2715 932 2780 δὲ
952 2719 993 2800 τῇ
1013 2737 1070 2797 νηι

62 2805 137 2894 αὐτῇ
156 2809 284 2877 κλύειν
309 2813 344 2890 ές
364 2809 402 2879 τό
419 2813 643 2901 Κανωβικόν·
664 2809 688 2900 ἢ
713 2819 743 2880 εἰ
758 2813 803 2898 μή
826 2837 865 2898 γε
887 2806 941 2878 οἷά
964 2837 1000 2877 τε
1017 2819 1067 2895 εἰη

62 2901 135 2990 πρὸς
148 2903 296 2991 ἀνέμους
306 2905 445 2988 ἀντίους
456 2910 601 2994 πλεόειν,
616 2909 657 2978 τά
674 2917 796 2998 φορτία
808 2915 879 2978 ἰῦεε
893 2909 1066 2995 περιάγειν

62 3004 93 3068 ἐν
113 3001 225 3088 βάρισι
247 3008 325 3091 περὶ
349 3004 388 3073 τό
404 3009 537 3094 Δέλτα,
559 3013 656 3096 μέχρι
677 3001 721 3076 οῦ
741 3007 893 3077 ἀπίκοιτο
914 3009 948 3084 ές
967 3005 1067 3074 Ναύ-

62 3127 175 3186 κρατιν.
200 3100 291 3168 οὕτω
305 3108 369 3189 μὲν
385 3102 426 3191 δὴ
442 3107 637 3193 Ναύκρατις
653 3109 830 3192 ἐτετίμητο.
864 3102 1067 3190 Ἀμφιιιτνό-
1082 3116 1134 3169 18⁰

62 3226 122 3265 νων
136 3198 171 3266 δέ
185 3200 437 3284 μισθωσάντων
456 3203 518 3271 τόν
539 3207 578 3272 έν
591 3214 757 3290 Δελφοῖσι
780 3211 845 3271 νῦν
867 3203 965 3270 ἐόντα
979 3198 1064 3287 νηόν

62 3306 249 3385 τριηκοσίων
258 3297 435 3365 ταλάντων
449 3297 696 3388 ἐξεργάσασθαι
705 3291 740 3387 (ἀ
754 3296 819 3386 γάρ
830 3295 992 3385 πρότερον
998 3297 1064 3368 έοῦν

63 3398 172 3468 αὐτόθι
186 3397 384 3486 αὐτομάτως
399 3402 562 3487 κατεκάη,
584 3399 666 3479 τούς
679 3396 839 3485 Δελφούς
853 3399 889 3466 δὲ
904 3401 1063 3484 ἐπέβαλλε

63 3495 309 3586 τεταρτημόριον
323 3505 385 3565 τοῦ
396 3499 616 3583 μισθώματος
625 3492 1058 3582 παρασχεῖν),πλανεόμενοι

131 3611 231 3648 mou,
254 3596 275 3647 l.
890 3596 921 3644 14
