2500 3925
140 198 203 263 230
519 206 769 265 uznonorl

139 387 222 451 σιος,
236 364 378 453 λόγιμον
389 365 487 435 έόντα
498 368 536 435 έν
546 372 592 457 τῷ
603 371 814 461 στρατοπέδω
827 368 944 455 ἀνδρα.
968 375 1110 456 πρῶτος
1120 367 1151 436 ἀλ

135 462 304 552 Ἑλλήνων
318 470 377 534 νέα
392 471 461 534 τόν
475 472 645 552 πολεμίων
660 462 727 536 εἷλε
740 464 827 556 ἀνήρ
838 465 1020 556 Ἀθηναίας
1036 476 1152 538 Λυκο·

140 563 246 652 μήθης
256 569 456 651 Αἰσχραίου,
473 566 529 633 καὶ
543 563 580 633 τό
595 562 768 653 ἀριστήιον
781 572 878 655 έλαβε
892 558 999 645 οὗτος.
1023 562 1111 643 τούς
1122 559 1150 631 θ’

140 666 177 731 έν
200 670 241 751 τῇ
260 668 427 752 ναυμαχίῃ
447 661 552 752 ταότη
573 666 773 748 ἑτεραλκέως
796 662 1071 752 ἀγωνιζομένους
1094 659 1152 742 νὺξ

139 766 330 833 ἐπελθοῦσα
342 768 482 832 διέλυσε.
495 769 531 833 οί
538 764 602 853 μέν
612 761 816 851 δήἝλληνες
826 767 879 834 ἐπὶ
888 762 926 834 τό
937 763 1148 853 Ἀρτεμίσιον

139 860 335 949 ἀπέπλωον,
351 867 386 931 οί
397 862 434 931 δὲ
444 862 610 951 βάρβαροι
625 865 658 943 ές
673 860 731 943 τάς
745 861 898 951 Ἀφετάς,
912 860 1047 932 πολλόν
1058 858 1151 947 παρά

140 961 242 1042 δόξαν
258 959 514 1049 ἀγωνισάμενοι.
543 964 581 1031 έν
595 961 700 1052 ταότη
716 970 755 1052 τῇ
770 969 936 1052 ναυμαχίη
946 960 1151 1047 Ἀντίδωρος

139 1058 287 1145 Λήμνιος
298 1067 424 1146 μοῦνος
433 1067 502 1129 τοῖν
513 1059 579 1129 σόν
588 1060 892 1150 βασιλέιἘλλήνων
904 1061 1032 1131 ἐόντων
1044 1058 1151 1129 αὖτο-

137 1163 248 1247 μολέει
262 1162 296 1239 ές
309 1157 389 1238 τούς
400 1156 579 1248 Ἕλληνας,
600 1164 705 1230 καλοί
719 1159 892 1249 Ἀθηναίοι
909 1156 964 1227 διά
986 1166 1095 1226 τοῦτο
1113 1156 1147 1225 τό

92 1276 124 1327 1²
141 1264 242 1344 ἔργον
254 1263 377 1326 ίθοσαν
390 1255 481 1350 αὐτῷ
495 1267 606 1347 χῶρον
619 1261 657 1327 έν
671 1268 846 1347 Σαλαμῖνι.
864 1257 923 1338 Ὡς
937 1261 974 1327 δὲ
989 1255 1148 1345 εὐφρόνη

137 1357 298 1445 ἐγεγόνεε,
313 1352 357 1446 ήν
371 1362 433 1446 μὲν
442 1366 501 1447 τῆς
515 1358 603 1447 ὥρης
613 1363 716 1446 μέσον
727 1362 845 1446 θέρος,
861 1361 986 1445 έγίνετο
998 1360 1037 1425 δὲ
1050 1354 1146 1441 ὕδωρ

138 1484 171 1526 τι
186 1456 330 1526 ἄπλετον
350 1456 406 1526 θιά
428 1458 536 1546 πάσης
554 1466 612 1546 τῆς
632 1457 754 1539 νυκτός
770 1463 826 1528 καλ
845 1459 985 1545 σκληραὶ
1001 1457 1147 1546 βρονταὶ

136 1554 202 1625 ἀπό
215 1564 277 1625 τοῦ
286 1563 432 1645 Πηλίου·
448 1563 482 1627 οί
492 1556 529 1627 θλ
539 1562 653 1644 νεκροί
667 1560 722 1627 καὶ
733 1555 773 1625 τά
787 1556 930 1645 ναυήγια
941 1558 1144 1644 έξιφορέον·

135 1681 172 1723 το
187 1656 221 1734 ές
234 1652 294 1734 τάς
306 1652 460 1744 Ἀφετάς,
474 1660 530 1725 καί
543 1663 623 1743 περί
634 1682 669 1725 τε
683 1654 741 1736 τάς
755 1656 892 1750 πρῴρας
906 1662 974 1725 τῶν
988 1662 1083 1723 νεῶν
1099 1659 1144 1722 τί·

135 1755 251 1822 λέοντο
265 1756 321 1822 καλ
334 1753 518 1842 ἐτάρασσον
537 1753 617 1834 τούς
631 1752 775 1842 ταρσοὺς
795 1760 863 1823 τόν
877 1757 1027 1823 κωπέων.
1060 1757 1098 1822 οί
1109 1750 1141 1819 δέ

135 1858 331 1940 στρατιῶται
341 1856 376 1921 οί
384 1854 488 1943 ταότη
499 1851 680 1935 ἀκούοντες
688 1862 792 1923 ταῦτα
803 1856 836 1933 ές
847 1854 957 1943 φόβον
967 1856 1141 1925 κατιστέαν

134 1979 181 2039 το,
196 1954 381 2033 ἐλπίζοντες
394 1951 506 2040 πόγχυ
515 1949 719 2023 ἀπολέεσθαι
731 1955 764 2032 ἐς
774 1947 828 2022 οἷα
839 1950 925 2022 ιιαιιά
937 1946 1037 2040 ήκον·
1059 1954 1134 2039 πρὶν

135 2050 199 2139 γάρ
215 2047 236 2138 ἢ
253 2055 308 2119 καί
321 2050 533 2121 ἀναπνεῦσαί
542 2074 648 2139 σφεας
663 2059 699 2122 ἐκ
714 2080 749 2122 τε
762 2059 820 2138 τῆς
834 2058 995 2140 ναυηγίης
1006 2054 1062 2120 καὶ
1080 2053 1139 2119 τοῦ

133 2158 295 2240 χειμῶνος
309 2158 370 2220 τοῦ
384 2154 570 2239 γενομένου
580 2149 663 2220 κατά
673 2150 804 2239 Πήλιον
815 2147 960 2238 ὑπέλαβε
973 2154 1137 2236 ναυμαχίη

134 2254 293 2337 καρτερή,
309 2251 346 2317 έιι
361 2249 397 2318 δέ
408 2256 466 2337 τής
477 2255 662 2337 ναυμαχίης
672 2248 796 2338 ὄμβρος
810 2275 845 2318 τε
858 2249 982 2337 λα’βρος
991 2250 1045 2316 καὶ
1056 2246 1136 2335 ῥεό-

132 2377 218 2438 ματα
233 2347 350 2436 ίσχυρά
364 2347 586 2429 έςθόλασσαν
597 2346 777 2437 ὡρμημένα
786 2356 928 2438 βρονταί
940 2374 974 2416 τε
985 2351 1133 2432 σκληραί.

88 2469 119 2522 13
134 2452 199 2519 Καὶ
214 2451 362 2519 τοότοισι
376 2450 439 2537 μὲν
453 2449 590 2536 τοιαύτη
604 2446 666 2530 νὺξ
684 2451 826 2535 ἐγίνετο,
841 2461 926 2516 τοῖσι
938 2447 974 2514 θλ
987 2454 1135 2530 ταχθεῖσι

132 2548 245 2619 αὐτῶν
258 2550 462 2635 περιπλέειν
475 2548 628 2638 Εὔβοιαν
644 2545 664 2635 ἡ
681 2545 765 2634 αὐτή
779 2571 840 2633 περ
856 2547 957 2614 ἐοῦσα
972 2541 1033 2624 νύξ
1051 2550 1133 2610 πολ-

57 2711 63 2718 .
130 2646 193 2717 λόν
208 2641 252 2734 ήν
264 2653 312 2715 ἔτι
326 2645 528 2735 ἀγριωτέρη,
543 2644 692 2736 τοσούτω
708 2642 776 2736 ὅσω
789 2647 827 2712 ἐν
842 2642 980 2730 πελάγετ
990 2643 1132 2729 φερομέ-

132 2765 220 2814 νοισι
235 2746 408 2830 ἐπέπιπτε,
424 2747 479 2813 καὶ
492 2742 529 2811 τό
547 2747 638 2823 τέλος
652 2763 712 2829 σφι
727 2743 857 2826 ἐγένετο
873 2739 984 2829 ἀχαρι·
1008 2737 1051 2820 ὡς
1066 2737 1130 2825 γάρ

131 2841 171 2931 δή
194 2841 345 2911 πλώουσι
364 2840 494 2911 αάτοίσι
514 2842 639 2929 χειμοόν
659 2868 695 2910 τε
716 2843 769 2910 ιιαλ
791 2838 827 2910 τό
851 2838 943 2926 ὕδωρ
965 2842 1129 2925 ἐπεγίνετο

131 2943 224 3011 έοῠσι
239 2938 322 3008 κατά
337 2938 377 3007 τά
392 2947 499 3009 Κοῖλα
512 2947 570 3027 τῆς
584 2939 748 3028 Εὐβοίης,
766 2937 949 3027 φερόμενοι
964 2943 1009 3028 τῷ
1026 2934 1129 3003 πνεό-

129 3067 206 3128 ματι
227 3044 282 3108 καὶ
302 3036 365 3107 οάιι
386 3038 508 3119 είθότις
524 3047 564 3129 τῇ
583 3043 761 3128 ἐφέροντο,
779 3040 952 3118 ἐξέπιπτον
969 3033 1053 3123 πρὸς
1073 3031 1128 3110 τάς
1219 3043 1220 3098 λ

128 3142 257 3226 πέτρας.
279 3138 425 3208 ἐποιέετό
438 3163 474 3207 τε
488 3145 557 3207 πᾶν
574 3136 641 3206 ὑπό
657 3165 718 3206 του
704 3144 836 3222 “θεοῦ,
858 3134 944 3212 ὅπως
958 3129 1001 3200 ἀν
1015 3134 1126 3212 ἐξισω-
1216 3175 1218 3182 <

127 3243 249 3327 θείη
220 3264 265 3304 τω
278 3234 458 3328 Ἑλληνικω
475 3235 513 3305 τό
528 3235 698 3324 Περσικόν
711 3235 795 3324 μηδὲ
815 3239 928 3326 πολλῷ
950 3233 1053 3301 πλέον
1067 3239 1122 3315 είη
1218 3259 1220 3290 ι

129 3326 232 3402 Οότοι
247 3335 309 3420 μέν
325 3360 389 3402 νυν
400 3339 476 3422 περὶ
489 3362 529 3402 τα
517 3332 698 3404 Κοῖλα
659 3361 717 3421 της
728 3332 1125 3454 Εὖβοίηςθιιφθειροντο,
1217 3360 1219 3438 η

129 3434 165 3561 οί
176 3426 281 3498 δέ’έν
275 3438 423 3521 Δφετησι
434 3431 609 3520 βαρβαροι
628 3457 673 3510 ως
683 3450 743 3519 σφι
755 3427 954 3520 ἀσμένοισι
939 3455 1041 3518 ημερη
1053 3427 1125 3497 επέ·
