<?xml version="1.0" encoding="UTF-8"?>
<!DOCTYPE html PUBLIC "-//W3C//DTD XHTML 1.0 Transitional//EN"
    "http://www.w3.org/TR/xhtml1/DTD/xhtml1-transitional.dtd">
<html xmlns="http://www.w3.org/1999/xhtml" xml:lang="en" lang="en">
 <head>
  <title>
</title>
<meta http-equiv="Content-Type" content="text/html;charset=utf-8" />
  <meta name='ocr-system' content='tesseract 3.04.00' />
  <meta name='ocr-capabilities' content='ocr_page ocr_carea ocr_par ocr_line ocrx_word'/>
</head>
<body>
  <div class='ocr_page' id='page_1' title='image "./herodotihistori00dietgoog_0116.png"; bbox 0 0 2500 3925; ppageno 0'>
   <div class='ocr_carea' id='block_1_1' title="bbox 161 234 787 320">
    <p class='ocr_par' dir='ltr' id='par_1_1' title="bbox 161 234 787 320">
     <span class='ocr_line' id='line_1_1' title="bbox 161 234 787 320; baseline 0 0"><span class='ocrx_word' id='word_1_1' title='bbox 161 257 222 320; x_wconf 90' lang='lat'><strong><em>110</em></strong></span> <span class='ocrx_word' id='word_1_2' title='bbox 435 234 438 243; x_wconf 87' lang='grc'><strong>’</strong></span> <span class='ocrx_word' id='word_1_3' title='bbox 536 261 787 320; x_wconf 66' lang='lat' dir='ltr'>monem</span> 
     </span>
    </p>
   </div>
   <div class='ocr_carea' id='block_1_2' title="bbox 52 419 1186 3599">
    <p class='ocr_par' dir='ltr' id='par_1_2' title="bbox 52 419 1186 3599">
     <span class='ocr_line' id='line_1_2' title="bbox 159 419 1157 510; baseline -0.002 -19"><span class='ocrx_word' id='word_1_4' title='bbox 159 449 234 506; x_wconf 86' lang='grc' dir='ltr'><strong><em>ριτα</em></strong></span> <span class='ocrx_word' id='word_1_5' title='bbox 247 421 429 510; x_wconf 84' lang='grc' dir='ltr'><strong><em>μαθήματα</em></strong></span> <span class='ocrx_word' id='word_1_6' title='bbox 444 420 605 508; x_wconf 76' lang='grc' dir='ltr'><em>ἐγεγόνεε.</em></span> <span class='ocrx_word' id='word_1_7' title='bbox 631 426 660 488; x_wconf 87' lang='grc' dir='ltr'><strong><em>εί</em></strong></span> <span class='ocrx_word' id='word_1_8' title='bbox 673 421 735 506; x_wconf 75' lang='grc' dir='ltr'><strong><em>μὲν</em></strong></span> <span class='ocrx_word' id='word_1_9' title='bbox 753 419 923 502; x_wconf 85' lang='grc' dir='ltr'><strong><em>ἀθάνατος</em></strong></span> <span class='ocrx_word' id='word_1_10' title='bbox 937 427 1063 503; x_wconf 81' lang='grc' dir='ltr'><strong><em>δοκέεις</em></strong></span> <span class='ocrx_word' id='word_1_11' title='bbox 1078 420 1157 492; x_wconf 81' lang='grc' dir='ltr'><strong><em>εἶναι</em></strong></span> 
     </span>
     <span class='ocr_line' id='line_1_3' title="bbox 159 517 1158 610; baseline -0.004 -19"><span class='ocrx_word' id='word_1_12' title='bbox 159 525 214 592; x_wconf 89' lang='grc' dir='ltr'><strong><em>καί</em></strong></span> <span class='ocrx_word' id='word_1_13' title='bbox 239 528 393 610; x_wconf 80' lang='grc' dir='ltr'><strong><em>στρατιῆς</em></strong></span> <span class='ocrx_word' id='word_1_14' title='bbox 415 520 571 607; x_wconf 78' lang='grc' dir='ltr'><strong><em>τοιαύτης</em></strong></span> <span class='ocrx_word' id='word_1_15' title='bbox 595 517 727 607; x_wconf 81' lang='grc' dir='ltr'><strong><em>άρχειν,</em></strong></span> <span class='ocrx_word' id='word_1_16' title='bbox 759 518 860 603; x_wconf 75' lang='grc' dir='ltr'><strong><em>ούδδη</em></strong></span> <span class='ocrx_word' id='word_1_17' title='bbox 884 518 928 590; x_wconf 82' lang='grc' dir='ltr'><strong><em>ἀν</em></strong></span> <span class='ocrx_word' id='word_1_18' title='bbox 953 533 1003 610; x_wconf 91' lang='grc' dir='ltr'><strong><em>είη</em></strong></span> <span class='ocrx_word' id='word_1_19' title='bbox 1028 529 1158 610; x_wconf 79' lang='grc' dir='ltr'><strong><em>πρῆγμα</em></strong></span> 
     </span>
     <span class='ocr_line' id='line_1_4' title="bbox 159 616 1157 709; baseline -0.002 -21"><span class='ocrx_word' id='word_1_20' title='bbox 159 618 294 709; x_wconf 82' lang='grc' dir='ltr'><strong><em>γνάμας</em></strong></span> <span class='ocrx_word' id='word_1_21' title='bbox 310 621 366 705; x_wconf 72' lang='grc' dir='ltr'><strong><em>ἐμὲ</em></strong></span> <span class='ocrx_word' id='word_1_22' title='bbox 380 621 433 690; x_wconf 82' lang='grc' dir='ltr'><strong><em>σοί</em></strong></span> <span class='ocrx_word' id='word_1_23' title='bbox 449 616 717 704; x_wconf 82' lang='grc' dir='ltr'><strong><em>ἀποφαίνεσθαι·</em></strong></span> <span class='ocrx_word' id='word_1_24' title='bbox 740 625 771 688; x_wconf 85' lang='grc' dir='ltr'><strong><em>εί</em></strong></span> <span class='ocrx_word' id='word_1_25' title='bbox 789 621 825 688; x_wconf 73' lang='grc' dir='ltr'><strong><em>δὲ</em></strong></span> <span class='ocrx_word' id='word_1_26' title='bbox 841 625 1005 709; x_wconf 77' lang='grc' dir='ltr'><strong><em>ἔγνωκας,</em></strong></span> <span class='ocrx_word' id='word_1_27' title='bbox 1028 619 1079 690; x_wconf 84' lang='grc' dir='ltr'><strong><em>ὅτι</em></strong></span> <span class='ocrx_word' id='word_1_28' title='bbox 1099 617 1157 688; x_wconf 87' lang='grc' dir='ltr'><strong><em>ἀν-</em></strong></span> 
     </span>
     <span class='ocr_line' id='line_1_5' title="bbox 158 718 1160 809; baseline -0.005 -18"><span class='ocrx_word' id='word_1_29' title='bbox 158 735 296 809; x_wconf 84' lang='grc' dir='ltr'><strong><em>θρωπος</em></strong></span> <span class='ocrx_word' id='word_1_30' title='bbox 316 724 372 789; x_wconf 87' lang='grc' dir='ltr'><strong><em>καί</em></strong></span> <span class='ocrx_word' id='word_1_31' title='bbox 391 718 435 789; x_wconf 84' lang='grc' dir='ltr'><strong><em>σύ</em></strong></span> <span class='ocrx_word' id='word_1_32' title='bbox 457 718 503 798; x_wconf 79' lang='grc' dir='ltr'><strong><em>εἷς</em></strong></span> <span class='ocrx_word' id='word_1_33' title='bbox 528 721 583 788; x_wconf 91' lang='grc' dir='ltr'><strong><em>καί</em></strong></span> <span class='ocrx_word' id='word_1_34' title='bbox 599 722 722 803; x_wconf 79' lang='grc' dir='ltr'><strong><em>ἑτέρων</em></strong></span> <span class='ocrx_word' id='word_1_35' title='bbox 738 724 877 789; x_wconf 79' lang='grc' dir='ltr'><strong><em>τοιῶνδε</em></strong></span> <span class='ocrx_word' id='word_1_36' title='bbox 901 719 1027 809; x_wconf 85' lang='grc' dir='ltr'><strong><em>άρχεις,</em></strong></span> <span class='ocrx_word' id='word_1_37' title='bbox 1055 723 1160 790; x_wconf 80' lang='grc' dir='ltr'><strong><em>ἐκεῖνο</em></strong></span> 
     </span>
     <span class='ocr_line' id='line_1_6' title="bbox 159 815 1186 932; baseline -0.003 -41"><span class='ocrx_word' id='word_1_38' title='bbox 159 829 293 912; x_wconf 79' lang='grc' dir='ltr'><strong><em>πρῶτον</em></strong></span> <span class='ocrx_word' id='word_1_39' title='bbox 302 819 404 906; x_wconf 85' lang='grc' dir='ltr'><strong><em>μάθε,</em></strong></span> <span class='ocrx_word' id='word_1_40' title='bbox 422 815 467 898; x_wconf 78' lang='grc' dir='ltr'><strong><em>ὡς</em></strong></span> <span class='ocrx_word' id='word_1_41' title='bbox 477 817 599 898; x_wconf 88' lang='grc' dir='ltr'><strong><em>κύκλος</em></strong></span> <span class='ocrx_word' id='word_1_42' title='bbox 610 825 679 886; x_wconf 76' lang='grc' dir='ltr'><strong><em>τῶν</em></strong></span> <span class='ocrx_word' id='word_1_43' title='bbox 690 815 918 907; x_wconf 75' lang='grc' dir='ltr'><strong><em>ἀνθρωπηίων</em></strong></span> <span class='ocrx_word' id='word_1_44' title='bbox 929 825 997 891; x_wconf 81' lang='grc' dir='ltr'><strong><em>ἐστί</em></strong></span> <span class='ocrx_word' id='word_1_45' title='bbox 1007 817 1186 932; x_wconf 51' lang='grc' dir='ltr'><strong><em>πρηγμά-ρ</em></strong></span> 
     </span>
     <span class='ocr_line' id='line_1_7' title="bbox 158 914 1154 1007; baseline -0.005 -18"><span class='ocrx_word' id='word_1_46' title='bbox 158 948 242 1005; x_wconf 90' lang='grc' dir='ltr'><strong><em>των,</em></strong></span> <span class='ocrx_word' id='word_1_47' title='bbox 275 915 540 1005; x_wconf 77' lang='grc' dir='ltr'><strong><em>περιφερόμενος</em></strong></span> <span class='ocrx_word' id='word_1_48' title='bbox 564 920 601 986; x_wconf 74' lang='grc' dir='ltr'><strong><em>δὲ</em></strong></span> <span class='ocrx_word' id='word_1_49' title='bbox 625 914 688 984; x_wconf 83' lang='grc' dir='ltr'><strong><em>οὐκ</em></strong></span> <span class='ocrx_word' id='word_1_50' title='bbox 712 919 750 1007; x_wconf 79' lang='grc' dir='ltr'><strong><em>ἐᾷ</em></strong></span> <span class='ocrx_word' id='word_1_51' title='bbox 773 921 836 987; x_wconf 87' lang='grc' dir='ltr'><strong><em>αίεί</em></strong></span> <span class='ocrx_word' id='word_1_52' title='bbox 861 914 939 998; x_wconf 87' lang='grc' dir='ltr'><strong><em>τοάς</em></strong></span> <span class='ocrx_word' id='word_1_53' title='bbox 959 914 1083 996; x_wconf 82' lang='grc' dir='ltr'><strong><em>αύτούς</em></strong></span> <span class='ocrx_word' id='word_1_54' title='bbox 1104 914 1154 985; x_wconf 63' lang='grc' dir='ltr'><strong><em>εύ«</em></strong></span> 
     </span>
     <span class='ocr_line' id='line_1_8' title="bbox 158 1009 1161 1106; baseline -0.006 -18"><span class='ocrx_word' id='word_1_55' title='bbox 158 1023 296 1106; x_wconf 79' lang='grc' dir='ltr'><strong><em>τυχέειν.</em></strong></span> <span class='ocrx_word' id='word_1_56' title='bbox 319 1015 382 1106; x_wconf 86' lang='grc' dir='ltr'><strong><em>ήδη</em></strong></span> <span class='ocrx_word' id='word_1_57' title='bbox 399 1009 449 1085; x_wconf 76' lang='grc' dir='ltr'><strong><em>ἀν</em></strong></span> <span class='ocrx_word' id='word_1_58' title='bbox 462 1015 527 1104; x_wconf 66' lang='lat' dir='ltr'><strong><em>ly&amp;</em></strong></span> <span class='ocrx_word' id='word_1_59' title='bbox 540 1015 681 1104; x_wconf 84' lang='grc' dir='ltr'><strong><em>γνάμην</em></strong></span> <span class='ocrx_word' id='word_1_60' title='bbox 695 1021 757 1102; x_wconf 82' lang='grc' dir='ltr'><strong><em>ἔχω</em></strong></span> <span class='ocrx_word' id='word_1_61' title='bbox 771 1018 847 1101; x_wconf 86' lang='grc' dir='ltr'><strong><em>περί</em></strong></span> <span class='ocrx_word' id='word_1_62' title='bbox 863 1023 924 1084; x_wconf 86' lang='grc' dir='ltr'><strong><em>τοῦ</em></strong></span> <span class='ocrx_word' id='word_1_63' title='bbox 938 1010 1161 1102; x_wconf 86' lang='grc' dir='ltr'><strong><em>προκειμίνόν</em></strong></span> 
     </span>
     <span class='ocr_line' id='line_1_9' title="bbox 157 1107 1160 1206; baseline -0.005 -21"><span class='ocrx_word' id='word_1_64' title='bbox 157 1117 349 1206; x_wconf 77' lang='grc' dir='ltr'><strong><em>πρήγματος</em></strong></span> <span class='ocrx_word' id='word_1_65' title='bbox 362 1115 402 1184; x_wconf 84' lang='grc' dir='ltr'><strong><em>τά</em></strong></span> <span class='ocrx_word' id='word_1_66' title='bbox 413 1124 555 1204; x_wconf 79' lang='grc' dir='ltr'><strong><em>ἔμπαλιν</em></strong></span> <span class='ocrx_word' id='word_1_67' title='bbox 564 1107 704 1202; x_wconf 82' lang='grc' dir='ltr'><strong><em>ήοῦτοι.</em></strong></span> <span class='ocrx_word' id='word_1_68' title='bbox 729 1121 759 1182; x_wconf 90' lang='grc' dir='ltr'><strong><em>εί</em></strong></span> <span class='ocrx_word' id='word_1_69' title='bbox 771 1112 836 1200; x_wconf 79' lang='grc' dir='ltr'><strong><em>γάρ</em></strong></span> <span class='ocrx_word' id='word_1_70' title='bbox 848 1112 1053 1204; x_wconf 79' lang='grc' dir='ltr'><strong><em>ἐθελήσομεν</em></strong></span> <span class='ocrx_word' id='word_1_71' title='bbox 1068 1115 1160 1181; x_wconf 73' lang='grc' dir='ltr'><strong><em>ἐσδέ-</em></strong></span> 
     </span>
     <span class='ocr_line' id='line_1_10' title="bbox 158 1208 1160 1302; baseline -0.006 -18"><span class='ocrx_word' id='word_1_72' title='bbox 158 1222 281 1298; x_wconf 78' lang='grc' dir='ltr'><strong><em>ξασθαι</em></strong></span> <span class='ocrx_word' id='word_1_73' title='bbox 300 1213 380 1294; x_wconf 82' lang='grc' dir='ltr'><strong><em>τούς</em></strong></span> <span class='ocrx_word' id='word_1_74' title='bbox 393 1221 573 1300; x_wconf 87' lang='grc' dir='ltr'><strong><em>πολεμίους</em></strong></span> <span class='ocrx_word' id='word_1_75' title='bbox 593 1216 627 1292; x_wconf 80' lang='grc' dir='ltr'><strong><em>ἐς</em></strong></span> <span class='ocrx_word' id='word_1_76' title='bbox 645 1211 708 1299; x_wconf 84' lang='grc' dir='ltr'><strong><em>τήν</em></strong></span> <span class='ocrx_word' id='word_1_77' title='bbox 723 1212 854 1300; x_wconf 82' lang='grc' dir='ltr'><strong><em>χάρην,</em></strong></span> <span class='ocrx_word' id='word_1_78' title='bbox 875 1211 933 1281; x_wconf 87' lang='grc' dir='ltr'><strong><em>όδε</em></strong></span> <span class='ocrx_word' id='word_1_79' title='bbox 947 1239 998 1281; x_wconf 92' lang='grc' dir='ltr'><strong><em>τοι</em></strong></span> <span class='ocrx_word' id='word_1_80' title='bbox 1013 1215 1050 1280; x_wconf 76' lang='grc' dir='ltr'><strong><em>ἐν</em></strong></span> <span class='ocrx_word' id='word_1_81' title='bbox 1070 1208 1160 1302; x_wconf 77' lang='grc' dir='ltr'><strong><em>αύτῷ</em></strong></span> 
     </span>
     <span class='ocr_line' id='line_1_11' title="bbox 158 1307 1160 1400; baseline -0.006 -17"><span class='ocrx_word' id='word_1_82' title='bbox 158 1319 316 1394; x_wconf 86' lang='grc' dir='ltr'><strong><em>κίνδυνος</em></strong></span> <span class='ocrx_word' id='word_1_83' title='bbox 337 1319 405 1382; x_wconf 76' lang='grc' dir='ltr'><strong><em>ἔνι·</em></strong></span> <span class='ocrx_word' id='word_1_84' title='bbox 434 1316 593 1393; x_wconf 74' lang='grc' dir='ltr'><strong><em>ἑσσωθεὶς</em></strong></span> <span class='ocrx_word' id='word_1_85' title='bbox 616 1317 679 1399; x_wconf 76' lang='grc' dir='ltr'><strong><em>μὲν</em></strong></span> <span class='ocrx_word' id='word_1_86' title='bbox 694 1311 960 1400; x_wconf 85' lang='grc' dir='ltr'><strong><em>προσαπολλύει-ς</em></strong></span> <span class='ocrx_word' id='word_1_87' title='bbox 974 1317 1085 1381; x_wconf 79' lang='grc' dir='ltr'><strong><em>πᾶσαν</em></strong></span> <span class='ocrx_word' id='word_1_88' title='bbox 1099 1307 1160 1398; x_wconf 87' lang='grc' dir='ltr'><strong><em>τήν</em></strong></span> 
     </span>
     <span class='ocr_line' id='line_1_12' title="bbox 157 1407 1160 1501; baseline -0.004 -19"><span class='ocrx_word' id='word_1_89' title='bbox 157 1411 281 1501; x_wconf 85' lang='grc' dir='ltr'><strong><em>ἀρχήν·</em></strong></span> <span class='ocrx_word' id='word_1_90' title='bbox 317 1416 403 1498; x_wconf 81' lang='grc' dir='ltr'><strong><em>δῆλα</em></strong></span> <span class='ocrx_word' id='word_1_91' title='bbox 419 1413 484 1499; x_wconf 90' lang='grc' dir='ltr'><strong><em>γάρ</em></strong></span> <span class='ocrx_word' id='word_1_92' title='bbox 504 1409 559 1498; x_wconf 86' lang='grc' dir='ltr'><strong><em>δή,</em></strong></span> <span class='ocrx_word' id='word_1_93' title='bbox 577 1407 627 1478; x_wconf 78' lang='grc' dir='ltr'><strong><em>ὅτι</em></strong></span> <span class='ocrx_word' id='word_1_94' title='bbox 644 1411 810 1490; x_wconf 78' lang='grc' dir='ltr'><strong><em>νικέοντες</em></strong></span> <span class='ocrx_word' id='word_1_95' title='bbox 828 1411 1047 1496; x_wconf 74' lang='grc' dir='ltr'><strong><em>Μασσαγέται</em></strong></span> <span class='ocrx_word' id='word_1_96' title='bbox 1064 1407 1104 1478; x_wconf 88' lang='grc' dir='ltr'><strong><em>ού</em></strong></span> <span class='ocrx_word' id='word_1_97' title='bbox 1122 1408 1160 1478; x_wconf 87' lang='grc' dir='ltr'><strong><em>τό</em></strong></span> 
     </span>
     <span class='ocr_line' id='line_1_13' title="bbox 157 1508 1160 1600; baseline -0.004 -17"><span class='ocrx_word' id='word_1_98' title='bbox 157 1513 265 1583; x_wconf 84' lang='grc' dir='ltr'><strong><em>ὀπίσω</em></strong></span> <span class='ocrx_word' id='word_1_99' title='bbox 283 1510 479 1600; x_wconf 81' lang='grc' dir='ltr'><strong><em>φεύξονται,</em></strong></span> <span class='ocrx_word' id='word_1_100' title='bbox 497 1509 571 1580; x_wconf 83' lang='grc' dir='ltr'><strong><em>ἀλλ’</em></strong></span> <span class='ocrx_word' id='word_1_101' title='bbox 590 1508 643 1578; x_wconf 81' lang='grc' dir='ltr'><strong><em>ἐπ’</em></strong></span> <span class='ocrx_word' id='word_1_102' title='bbox 658 1509 762 1600; x_wconf 81' lang='grc' dir='ltr'><strong><em>ἀρχάς</em></strong></span> <span class='ocrx_word' id='word_1_103' title='bbox 779 1508 837 1591; x_wconf 84' lang='grc' dir='ltr'><strong><em>τάς</em></strong></span> <span class='ocrx_word' id='word_1_104' title='bbox 856 1509 916 1590; x_wconf 87' lang='grc' dir='ltr'><strong><em>σάς</em></strong></span> <span class='ocrx_word' id='word_1_105' title='bbox 935 1511 1072 1580; x_wconf 78' lang='grc' dir='ltr'><strong><em>ἐλέουσι.</em></strong></span> <span class='ocrx_word' id='word_1_106' title='bbox 1107 1537 1160 1579; x_wconf 89' lang='grc' dir='ltr'><strong><em>νι-</em></strong></span> 
     </span>
     <span class='ocr_line' id='line_1_14' title="bbox 156 1609 1161 1704; baseline -0.004 -21"><span class='ocrx_word' id='word_1_107' title='bbox 156 1616 243 1684; x_wconf 80' lang='grc' dir='ltr'><strong><em>κέων</em></strong></span> <span class='ocrx_word' id='word_1_108' title='bbox 263 1613 301 1682; x_wconf 74' lang='grc' dir='ltr'><strong><em>δὲ</em></strong></span> <span class='ocrx_word' id='word_1_109' title='bbox 318 1611 360 1682; x_wconf 86' lang='grc' dir='ltr'><strong><em>ού</em></strong></span> <span class='ocrx_word' id='word_1_110' title='bbox 379 1620 473 1704; x_wconf 78' lang='grc' dir='ltr'><strong><em>νικᾷς</em></strong></span> <span class='ocrx_word' id='word_1_111' title='bbox 489 1617 629 1681; x_wconf 81' lang='grc' dir='ltr'><strong><em>τοσοῦτο</em></strong></span> <span class='ocrx_word' id='word_1_112' title='bbox 652 1609 733 1682; x_wconf 84' lang='grc' dir='ltr'><strong><em>ὅσον</em></strong></span> <span class='ocrx_word' id='word_1_113' title='bbox 757 1618 788 1680; x_wconf 90' lang='grc' dir='ltr'><strong><em>εί</em></strong></span> <span class='ocrx_word' id='word_1_114' title='bbox 804 1609 918 1698; x_wconf 82' lang='grc' dir='ltr'><strong><em>διαβάς</em></strong></span> <span class='ocrx_word' id='word_1_115' title='bbox 943 1614 977 1691; x_wconf 81' lang='grc' dir='ltr'><strong><em>ἐς</em></strong></span> <span class='ocrx_word' id='word_1_116' title='bbox 994 1610 1055 1698; x_wconf 85' lang='grc' dir='ltr'><strong><em>τήν</em></strong></span> <span class='ocrx_word' id='word_1_117' title='bbox 1074 1613 1161 1682; x_wconf 73' lang='grc' dir='ltr'><strong><em>ἐκεί-</em></strong></span> 
     </span>
     <span class='ocr_line' id='line_1_15' title="bbox 157 1708 1162 1802; baseline 0 -22"><span class='ocrx_word' id='word_1_118' title='bbox 157 1743 238 1802; x_wconf 86' lang='grc' dir='ltr'><strong><em>νων,</em></strong></span> <span class='ocrx_word' id='word_1_119' title='bbox 256 1714 377 1782; x_wconf 79' lang='grc' dir='ltr'><strong><em>νικέων</em></strong></span> <span class='ocrx_word' id='word_1_120' title='bbox 386 1713 628 1800; x_wconf 79' lang='grc' dir='ltr'><strong><em>Μασσαγέτας,</em></strong></span> <span class='ocrx_word' id='word_1_121' title='bbox 647 1715 738 1782; x_wconf 79' lang='grc' dir='ltr'><strong><em>ἕποιο</em></strong></span> <span class='ocrx_word' id='word_1_122' title='bbox 755 1712 935 1799; x_wconf 84' lang='grc' dir='ltr'><strong><em>φεύγουσι·</em></strong></span> <span class='ocrx_word' id='word_1_123' title='bbox 969 1708 1076 1781; x_wconf 83' lang='grc' dir='ltr'><strong><em>τάντό</em></strong></span> <span class='ocrx_word' id='word_1_124' title='bbox 1094 1711 1162 1800; x_wconf 87' lang='grc' dir='ltr'><strong><em>γάρ</em></strong></span> 
     </span>
     <span class='ocr_line' id='line_1_16' title="bbox 159 1811 1162 1908; baseline -0.002 -24"><span class='ocrx_word' id='word_1_125' title='bbox 159 1813 330 1903; x_wconf 79' lang='grc' dir='ltr'><strong><em>ἀντιθήσω</em></strong></span> <span class='ocrx_word' id='word_1_126' title='bbox 349 1817 484 1908; x_wconf 81' lang='grc' dir='ltr'><strong><em>ἐκείνῳ,</em></strong></span> <span class='ocrx_word' id='word_1_127' title='bbox 506 1811 556 1883; x_wconf 82' lang='grc' dir='ltr'><strong><em>ὅτι</em></strong></span> <span class='ocrx_word' id='word_1_128' title='bbox 571 1812 709 1902; x_wconf 79' lang='grc' dir='ltr'><strong><em>νικήσας</em></strong></span> <span class='ocrx_word' id='word_1_129' title='bbox 726 1812 805 1894; x_wconf 85' lang='grc' dir='ltr'><strong><em>τούς</em></strong></span> <span class='ocrx_word' id='word_1_130' title='bbox 822 1811 1063 1902; x_wconf 77' lang='grc' dir='ltr'><strong><em>ἀντιουμένους</em></strong></span> <span class='ocrx_word' id='word_1_131' title='bbox 1082 1815 1162 1904; x_wconf 78' lang='grc' dir='ltr'><strong><em>ἐλᾷς</em></strong></span> 
     </span>
     <span class='ocr_line' id='line_1_17' title="bbox 160 1910 1160 2006; baseline -0.003 -20"><span class='ocrx_word' id='word_1_132' title='bbox 160 1917 219 1987; x_wconf 83' lang='grc' dir='ltr'><strong><em>ίθό</em></strong></span> <span class='ocrx_word' id='word_1_133' title='bbox 234 1923 294 2006; x_wconf 80' lang='grc' dir='ltr'><strong><em>τῆς</em></strong></span> <span class='ocrx_word' id='word_1_134' title='bbox 312 1910 416 2005; x_wconf 80' lang='grc' dir='ltr'><strong><em>ἀρχῆς</em></strong></span> <span class='ocrx_word' id='word_1_135' title='bbox 427 1923 486 2004; x_wconf 80' lang='grc' dir='ltr'><strong><em>τῆς</em></strong></span> <span class='ocrx_word' id='word_1_136' title='bbox 505 1914 677 2006; x_wconf 90' lang='grc' dir='ltr'><strong><em>Τομύριος.</em></strong></span> <span class='ocrx_word' id='word_1_137' title='bbox 708 1921 807 2005; x_wconf 82' lang='grc' dir='ltr'><strong><em>χωρίς</em></strong></span> <span class='ocrx_word' id='word_1_138' title='bbox 820 1941 856 1985; x_wconf 90' lang='grc' dir='ltr'><strong><em>τε</em></strong></span> <span class='ocrx_word' id='word_1_139' title='bbox 868 1919 929 1984; x_wconf 84' lang='grc' dir='ltr'><strong><em>τού</em></strong></span> <span class='ocrx_word' id='word_1_140' title='bbox 942 1912 1160 2003; x_wconf 74' lang='grc' dir='ltr'><strong><em>ἀπηγημένου</em></strong></span> 
     </span>
     <span class='ocr_line' id='line_1_18' title="bbox 158 2013 1163 2105; baseline -0.002 -19"><span class='ocrx_word' id='word_1_141' title='bbox 158 2017 300 2105; x_wconf 78' lang='grc' dir='ltr'><strong><em>αἰσχρόν</em></strong></span> <span class='ocrx_word' id='word_1_142' title='bbox 328 2019 385 2086; x_wconf 86' lang='grc' dir='ltr'><strong><em>καί</em></strong></span> <span class='ocrx_word' id='word_1_143' title='bbox 414 2016 477 2087; x_wconf 85' lang='grc' dir='ltr'><strong><em>ούκ</em></strong></span> <span class='ocrx_word' id='word_1_144' title='bbox 499 2014 699 2104; x_wconf 84' lang='grc' dir='ltr'><strong><em>ἀνασχετόν,</em></strong></span> <span class='ocrx_word' id='word_1_145' title='bbox 730 2015 849 2102; x_wconf 80' lang='grc' dir='ltr'><strong><em>Κῦρόν</em></strong></span> <span class='ocrx_word' id='word_1_146' title='bbox 871 2044 910 2102; x_wconf 87' lang='grc' dir='ltr'><strong><em>γε</em></strong></span> <span class='ocrx_word' id='word_1_147' title='bbox 931 2014 993 2085; x_wconf 88' lang='grc' dir='ltr'><strong><em>τόν</em></strong></span> <span class='ocrx_word' id='word_1_148' title='bbox 1016 2013 1163 2104; x_wconf 83' lang='grc' dir='ltr'><strong><em>Καμβύ-</em></strong></span> 
     </span>
     <span class='ocr_line' id='line_1_19' title="bbox 159 2110 1164 2206; baseline -0.004 -16"><span class='ocrx_word' id='word_1_149' title='bbox 159 2140 225 2190; x_wconf 84' lang='grc' dir='ltr'><strong><em>σεω</em></strong></span> <span class='ocrx_word' id='word_1_150' title='bbox 235 2123 370 2206; x_wconf 85' lang='grc' dir='ltr'><strong><em>γυναικί</em></strong></span> <span class='ocrx_word' id='word_1_151' title='bbox 382 2122 513 2199; x_wconf 81' lang='grc' dir='ltr'><strong><em>είξαντα</em></strong></span> <span class='ocrx_word' id='word_1_152' title='bbox 526 2115 742 2204; x_wconf 76' lang='grc' dir='ltr'><strong><em>ἀποχωρήσαι</em></strong></span> <span class='ocrx_word' id='word_1_153' title='bbox 756 2124 812 2204; x_wconf 79' lang='grc' dir='ltr'><strong><em>τῆς</em></strong></span> <span class='ocrx_word' id='word_1_154' title='bbox 825 2118 941 2205; x_wconf 79' lang='grc' dir='ltr'><strong><em>χώρης.</em></strong></span> <span class='ocrx_word' id='word_1_155' title='bbox 964 2122 1030 2185; x_wconf 83' lang='grc' dir='ltr'><strong><em>νῦν</em></strong></span> <span class='ocrx_word' id='word_1_156' title='bbox 1045 2110 1094 2186; x_wconf 83' lang='grc' dir='ltr'><strong><em>άν</em></strong></span> <span class='ocrx_word' id='word_1_157' title='bbox 1104 2143 1164 2205; x_wconf 85' lang='grc' dir='ltr'><strong><em>μοι</em></strong></span> 
     </span>
     <span class='ocr_line' id='line_1_20' title="bbox 159 2211 1165 2303; baseline -0.002 -18"><span class='ocrx_word' id='word_1_158' title='bbox 159 2220 267 2286; x_wconf 78' lang='grc' dir='ltr'><strong><em>δοκέει</em></strong></span> <span class='ocrx_word' id='word_1_159' title='bbox 285 2215 465 2303; x_wconf 82' lang='grc' dir='ltr'><strong><em>διαβάντας</em></strong></span> <span class='ocrx_word' id='word_1_160' title='bbox 478 2224 677 2302; x_wconf 70' lang='grc' dir='ltr'><strong><em>προεκθεῖν,</em></strong></span> <span class='ocrx_word' id='word_1_161' title='bbox 704 2213 786 2281; x_wconf 82' lang='grc' dir='ltr'><strong><em>ὅσον</em></strong></span> <span class='ocrx_word' id='word_1_162' title='bbox 800 2211 844 2282; x_wconf 84' lang='grc' dir='ltr'><strong><em>ἀν</em></strong></span> <span class='ocrx_word' id='word_1_163' title='bbox 864 2215 989 2285; x_wconf 75' lang='grc' dir='ltr'><strong><em>ἐκεῖνον</em></strong></span> <span class='ocrx_word' id='word_1_164' title='bbox 1005 2219 1165 2302; x_wconf 83' lang='grc' dir='ltr'><strong><em>διεξίωσι,</em></strong></span> 
     </span>
     <span class='ocr_line' id='line_1_21' title="bbox 52 2314 1165 2399; baseline -0.005 -12"><span class='ocrx_word' id='word_1_165' title='bbox 52 2336 54 2339; x_wconf 53' lang='lat'><em>⁴</em></span> <span class='ocrx_word' id='word_1_166' title='bbox 158 2322 319 2387; x_wconf 80' lang='grc' dir='ltr'><strong><em>ἐνθεῦτεν</em></strong></span> <span class='ocrx_word' id='word_1_167' title='bbox 344 2314 476 2385; x_wconf 74' lang='grc' dir='ltr'><strong><em>δὲτάδε</em></strong></span> <span class='ocrx_word' id='word_1_168' title='bbox 497 2319 675 2391; x_wconf 80' lang='grc' dir='ltr'><strong><em>ποιεῦντας</em></strong></span> <span class='ocrx_word' id='word_1_169' title='bbox 700 2320 882 2399; x_wconf 84' lang='grc' dir='ltr'><strong><em>πειρᾶσθαι</em></strong></span> <span class='ocrx_word' id='word_1_170' title='bbox 908 2319 1044 2385; x_wconf 77' lang='grc' dir='ltr'><strong><em>ἐκείνων</em></strong></span> <span class='ocrx_word' id='word_1_171' title='bbox 1065 2338 1165 2398; x_wconf 87' lang='grc' dir='ltr'><strong><em>περι-</em></strong></span> 
     </span>
     <span class='ocr_line' id='line_1_22' title="bbox 157 2408 1165 2501; baseline -0.003 -18"><span class='ocrx_word' id='word_1_172' title='bbox 157 2418 326 2501; x_wconf 81' lang='grc' dir='ltr'><strong><em>γενέσθαι.</em></strong></span> <span class='ocrx_word' id='word_1_173' title='bbox 356 2410 400 2492; x_wconf 81' lang='grc' dir='ltr'><strong><em>ὡς</em></strong></span> <span class='ocrx_word' id='word_1_174' title='bbox 421 2410 485 2498; x_wconf 80' lang='grc' dir='ltr'><strong><em>γάρ</em></strong></span> <span class='ocrx_word' id='word_1_175' title='bbox 511 2408 576 2496; x_wconf 73' lang='grc' dir='ltr'><strong><em>ἐγω</em></strong></span> <span class='ocrx_word' id='word_1_176' title='bbox 598 2411 835 2498; x_wconf 82' lang='grc' dir='ltr'><strong><em>πυνθάνομαι,</em></strong></span> <span class='ocrx_word' id='word_1_177' title='bbox 858 2418 1077 2499; x_wconf 85' lang='grc' dir='ltr'><strong><em>Μασσαγέται</em></strong></span> <span class='ocrx_word' id='word_1_178' title='bbox 1099 2416 1165 2481; x_wconf 88' lang='grc' dir='ltr'><strong><em>είσί</em></strong></span> 
     </span>
     <span class='ocr_line' id='line_1_23' title="bbox 159 2508 1167 2600; baseline -0.003 -19"><span class='ocrx_word' id='word_1_179' title='bbox 159 2510 300 2600; x_wconf 77' lang='grc' dir='ltr'><strong><em>ἀγαθῶν</em></strong></span> <span class='ocrx_word' id='word_1_180' title='bbox 316 2537 351 2579; x_wconf 89' lang='grc' dir='ltr'><strong><em>τε</em></strong></span> <span class='ocrx_word' id='word_1_181' title='bbox 365 2516 542 2598; x_wconf 80' lang='grc' dir='ltr'><strong><em>Περσικῶν</em></strong></span> <span class='ocrx_word' id='word_1_182' title='bbox 556 2509 688 2599; x_wconf 76' lang='grc' dir='ltr'><strong><em>ἄπειροι</em></strong></span> <span class='ocrx_word' id='word_1_183' title='bbox 703 2512 758 2582; x_wconf 90' lang='grc' dir='ltr'><strong><em>καί</em></strong></span> <span class='ocrx_word' id='word_1_184' title='bbox 778 2516 890 2580; x_wconf 73' lang='grc' dir='ltr'><strong><em>καλιάν</em></strong></span> <span class='ocrx_word' id='word_1_185' title='bbox 903 2511 1059 2598; x_wconf 87' lang='grc' dir='ltr'><strong><em>μεγάλων</em></strong></span> <span class='ocrx_word' id='word_1_186' title='bbox 1072 2508 1167 2579; x_wconf 77' lang='grc' dir='ltr'><strong><em>ἀπα·</em></strong></span> 
     </span>
     <span class='ocr_line' id='line_1_24' title="bbox 158 2601 1168 2698; baseline -0.001 -18"><span class='ocrx_word' id='word_1_187' title='bbox 158 2612 245 2691; x_wconf 81' lang='grc' dir='ltr'><strong><em>θόες.</em></strong></span> <span class='ocrx_word' id='word_1_188' title='bbox 274 2601 422 2679; x_wconf 89' lang='grc' dir='ltr'><strong><em>τούτοισι</em></strong></span> <span class='ocrx_word' id='word_1_189' title='bbox 443 2603 493 2677; x_wconf 76' lang='grc' dir='ltr'><strong><em>ὦν</em></strong></span> <span class='ocrx_word' id='word_1_190' title='bbox 507 2624 592 2678; x_wconf 74' lang='grc' dir='ltr'><strong><em>τοῖσι</em></strong></span> <span class='ocrx_word' id='word_1_191' title='bbox 612 2608 756 2695; x_wconf 89' lang='grc' dir='ltr'><strong><em>ἀνδράσι</em></strong></span> <span class='ocrx_word' id='word_1_192' title='bbox 779 2617 848 2678; x_wconf 76' lang='grc' dir='ltr'><strong><em>τῶν</em></strong></span> <span class='ocrx_word' id='word_1_193' title='bbox 868 2610 1046 2698; x_wconf 79' lang='grc' dir='ltr'><strong><em>προβάτων</em></strong></span> <span class='ocrx_word' id='word_1_194' title='bbox 1061 2608 1168 2697; x_wconf 85' lang='grc' dir='ltr'><strong><em>ἀφει-</em></strong></span> 
     </span>
     <span class='ocr_line' id='line_1_25' title="bbox 159 2704 1165 2798; baseline 0.002 -21"><span class='ocrx_word' id='word_1_195' title='bbox 159 2710 241 2789; x_wconf 78' lang='grc' dir='ltr'><strong><em>δέως</em></strong></span> <span class='ocrx_word' id='word_1_196' title='bbox 265 2704 371 2777; x_wconf 83' lang='grc' dir='ltr'><strong><em>πολλά</em></strong></span> <span class='ocrx_word' id='word_1_197' title='bbox 389 2707 641 2792; x_wconf 73' lang='grc' dir='ltr'><strong><em>κατακόροιντας</em></strong></span> <span class='ocrx_word' id='word_1_198' title='bbox 662 2714 716 2779; x_wconf 89' lang='grc' dir='ltr'><strong><em>καί</em></strong></span> <span class='ocrx_word' id='word_1_199' title='bbox 733 2708 961 2791; x_wconf 75' lang='grc' dir='ltr'><strong><em>σκευάσαντας</em></strong></span> <span class='ocrx_word' id='word_1_200' title='bbox 981 2722 1165 2798; x_wconf 80' lang='grc' dir='ltr'><strong><em>προθεῖναι</em></strong></span> 
     </span>
     <span class='ocr_line' id='line_1_26' title="bbox 157 2805 1163 2901; baseline 0.002 -25"><span class='ocrx_word' id='word_1_201' title='bbox 157 2812 195 2876; x_wconf 76' lang='grc' dir='ltr'><strong><em>ἐν</em></strong></span> <span class='ocrx_word' id='word_1_202' title='bbox 209 2814 255 2900; x_wconf 73' lang='grc' dir='ltr'><strong><em>τῷ</em></strong></span> <span class='ocrx_word' id='word_1_203' title='bbox 270 2809 480 2900; x_wconf 79' lang='grc' dir='ltr'><strong><em>στρατοπέδῳ</em></strong></span> <span class='ocrx_word' id='word_1_204' title='bbox 500 2816 546 2900; x_wconf 75' lang='grc' dir='ltr'><strong><em>τῷ</em></strong></span> <span class='ocrx_word' id='word_1_205' title='bbox 559 2805 707 2901; x_wconf 78' lang='grc' dir='ltr'><strong><em>ἡμετέρῳ</em></strong></span> <span class='ocrx_word' id='word_1_206' title='bbox 724 2814 835 2895; x_wconf 83' lang='grc' dir='ltr'><strong><em>δαῖτα,</em></strong></span> <span class='ocrx_word' id='word_1_207' title='bbox 857 2808 942 2897; x_wconf 83' lang='grc' dir='ltr'><strong><em>πρὸς</em></strong></span> <span class='ocrx_word' id='word_1_208' title='bbox 958 2814 993 2879; x_wconf 74' lang='grc' dir='ltr'><strong><em>δὲ</em></strong></span> <span class='ocrx_word' id='word_1_209' title='bbox 1007 2812 1062 2879; x_wconf 88' lang='grc' dir='ltr'><strong><em>καί</em></strong></span> <span class='ocrx_word' id='word_1_210' title='bbox 1076 2836 1163 2899; x_wconf 88' lang='grc' dir='ltr'><strong><em>κρη-</em></strong></span> 
     </span>
     <span class='ocr_line' id='line_1_27' title="bbox 158 2903 1167 2999; baseline 0.006 -26"><span class='ocrx_word' id='word_1_211' title='bbox 158 2914 256 2993; x_wconf 80' lang='grc' dir='ltr'><strong><em>τῆρας</em></strong></span> <span class='ocrx_word' id='word_1_212' title='bbox 270 2903 433 2993; x_wconf 81' lang='grc' dir='ltr'><strong><em>ἀφειδέως</em></strong></span> <span class='ocrx_word' id='word_1_213' title='bbox 448 2917 545 2976; x_wconf 87' lang='grc' dir='ltr'><strong><em>οίνον</em></strong></span> <span class='ocrx_word' id='word_1_214' title='bbox 560 2906 707 2997; x_wconf 82' lang='grc' dir='ltr'><strong><em>ἀκρήτου</em></strong></span> <span class='ocrx_word' id='word_1_215' title='bbox 719 2910 772 2979; x_wconf 89' lang='grc' dir='ltr'><strong><em>καί</em></strong></span> <span class='ocrx_word' id='word_1_216' title='bbox 784 2916 871 2979; x_wconf 90' lang='grc' dir='ltr'><strong><em>σιτία</em></strong></span> <span class='ocrx_word' id='word_1_217' title='bbox 884 2924 1042 2999; x_wconf 83' lang='grc' dir='ltr'><strong><em>παντοία,</em></strong></span> <span class='ocrx_word' id='word_1_218' title='bbox 1060 2909 1167 2999; x_wconf 81' lang='grc' dir='ltr'><strong><em>ποιή·</em></strong></span> 
     </span>
     <span class='ocr_line' id='line_1_28' title="bbox 156 3005 1166 3098; baseline 0.004 -25"><span class='ocrx_word' id='word_1_219' title='bbox 156 3027 277 3087; x_wconf 89' lang='grc' dir='ltr'><strong><em>σοιντας</em></strong></span> <span class='ocrx_word' id='word_1_220' title='bbox 311 3008 347 3075; x_wconf 74' lang='grc' dir='ltr'><strong><em>δὲ</em></strong></span> <span class='ocrx_word' id='word_1_221' title='bbox 377 3014 498 3096; x_wconf 85' lang='grc' dir='ltr'><strong><em>ταῦτα,</em></strong></span> <span class='ocrx_word' id='word_1_222' title='bbox 531 3005 816 3097; x_wconf 77' lang='grc' dir='ltr'><strong><em>ὑπολειπομένους</em></strong></span> <span class='ocrx_word' id='word_1_223' title='bbox 846 3017 904 3098; x_wconf 81' lang='grc' dir='ltr'><strong><em>τῆς</em></strong></span> <span class='ocrx_word' id='word_1_224' title='bbox 937 3016 1092 3097; x_wconf 77' lang='grc' dir='ltr'><strong><em>στρατιῆς</em></strong></span> <span class='ocrx_word' id='word_1_225' title='bbox 1123 3008 1166 3078; x_wconf 86' lang='grc' dir='ltr'><strong><em>τό</em></strong></span> 
     </span>
     <span class='ocr_line' id='line_1_29' title="bbox 156 3102 1167 3196; baseline 0 -21"><span class='ocrx_word' id='word_1_226' title='bbox 156 3104 407 3194; x_wconf 86' lang='grc' dir='ltr'><strong><em>φλαυρότατον,</em></strong></span> <span class='ocrx_word' id='word_1_227' title='bbox 425 3104 505 3187; x_wconf 87' lang='grc' dir='ltr'><strong><em>τοδς</em></strong></span> <span class='ocrx_word' id='word_1_228' title='bbox 519 3105 657 3187; x_wconf 83' lang='grc' dir='ltr'><strong><em>λοιπούς</em></strong></span> <span class='ocrx_word' id='word_1_229' title='bbox 671 3102 765 3188; x_wconf 83' lang='grc' dir='ltr'><strong><em>αάτις</em></strong></span> <span class='ocrx_word' id='word_1_230' title='bbox 779 3111 1015 3196; x_wconf 78' lang='grc' dir='ltr'><strong><em>ἐξαναχωρέειν</em></strong></span> <span class='ocrx_word' id='word_1_231' title='bbox 1030 3111 1084 3177; x_wconf 82' lang='grc' dir='ltr'><strong><em>ἐπί</em></strong></span> <span class='ocrx_word' id='word_1_232' title='bbox 1098 3105 1167 3176; x_wconf 83' lang='grc' dir='ltr'><strong><em>τόν</em></strong></span> 
     </span>
     <span class='ocr_line' id='line_1_30' title="bbox 70 3205 1167 3297; baseline 0.005 -23"><span class='ocrx_word' id='word_1_233' title='bbox 70 3257 73 3261; x_wconf 86' lang='grc'>-</span> <span class='ocrx_word' id='word_1_234' title='bbox 155 3207 314 3294; x_wconf 86' lang='grc' dir='ltr'><strong><em>ποταμόν.</em></strong></span> <span class='ocrx_word' id='word_1_235' title='bbox 338 3205 383 3296; x_wconf 86' lang='grc' dir='ltr'><strong><em>ήν</em></strong></span> <span class='ocrx_word' id='word_1_236' title='bbox 398 3205 462 3294; x_wconf 80' lang='grc' dir='ltr'><strong><em>γάρ</em></strong></span> <span class='ocrx_word' id='word_1_237' title='bbox 477 3206 542 3296; x_wconf 77' lang='grc' dir='ltr'><strong><em>ίγώ</em></strong></span> <span class='ocrx_word' id='word_1_238' title='bbox 556 3208 692 3297; x_wconf 81' lang='grc' dir='ltr'><strong><em>γνάμης</em></strong></span> <span class='ocrx_word' id='word_1_239' title='bbox 707 3206 751 3297; x_wconf 88' lang='grc' dir='ltr'><strong><em>μή</em></strong></span> <span class='ocrx_word' id='word_1_240' title='bbox 770 3206 923 3297; x_wconf 82' lang='grc' dir='ltr'><strong><em>ἁμάρτω,</em></strong></span> <span class='ocrx_word' id='word_1_241' title='bbox 946 3212 1068 3280; x_wconf 80' lang='grc' dir='ltr'><strong><em>ἐκεῖνον</em></strong></span> <span class='ocrx_word' id='word_1_242' title='bbox 1086 3212 1167 3281; x_wconf 89' lang='grc' dir='ltr'><strong><em>ίδό-</em></strong></span> 
     </span>
     <span class='ocr_line' id='line_1_31' title="bbox 154 3303 1166 3398; baseline 0.004 -25"><span class='ocrx_word' id='word_1_243' title='bbox 154 3331 249 3391; x_wconf 87' lang='grc' dir='ltr'><strong><em>μενοι</em></strong></span> <span class='ocrx_word' id='word_1_244' title='bbox 264 3303 378 3391; x_wconf 80' lang='grc' dir='ltr'><strong><em>ἀγαθά</em></strong></span> <span class='ocrx_word' id='word_1_245' title='bbox 392 3305 500 3377; x_wconf 77' lang='grc' dir='ltr'><strong><em>πολλὰ</em></strong></span> <span class='ocrx_word' id='word_1_246' title='bbox 523 3310 705 3397; x_wconf 78' lang='grc' dir='ltr'><strong><em>τρέψονταί</em></strong></span> <span class='ocrx_word' id='word_1_247' title='bbox 725 3334 761 3377; x_wconf 88' lang='grc' dir='ltr'><strong><em>τε</em></strong></span> <span class='ocrx_word' id='word_1_248' title='bbox 780 3306 865 3398; x_wconf 80' lang='grc' dir='ltr'><strong><em>πρὸς</em></strong></span> <span class='ocrx_word' id='word_1_249' title='bbox 885 3306 987 3397; x_wconf 86' lang='grc' dir='ltr'><strong><em>αύτά,</em></strong></span> <span class='ocrx_word' id='word_1_250' title='bbox 1004 3312 1061 3379; x_wconf 86' lang='grc' dir='ltr'><strong><em>καί</em></strong></span> <span class='ocrx_word' id='word_1_251' title='bbox 1077 3306 1166 3398; x_wconf 81' lang='grc' dir='ltr'><strong><em>ήμίν</em></strong></span> 
     </span>
     <span class='ocr_line' id='line_1_32' title="bbox 153 3403 1001 3497; baseline 0.007 -26"><span class='ocrx_word' id='word_1_252' title='bbox 153 3403 190 3472; x_wconf 84' lang='grc' dir='ltr'><strong><em>τό</em></strong></span> <span class='ocrx_word' id='word_1_253' title='bbox 207 3406 367 3473; x_wconf 79' lang='grc' dir='ltr'><strong><em>ἐνθεῦτεν</em></strong></span> <span class='ocrx_word' id='word_1_254' title='bbox 382 3413 529 3476; x_wconf 87' lang='grc' dir='ltr'><strong><em>λείπεται</em></strong></span> <span class='ocrx_word' id='word_1_255' title='bbox 545 3406 698 3490; x_wconf 85' lang='grc' dir='ltr'><strong><em>ἀπόδεξις</em></strong></span> <span class='ocrx_word' id='word_1_256' title='bbox 712 3414 820 3497; x_wconf 78' lang='grc' dir='ltr'><strong><em>ἔργων</em></strong></span> <span class='ocrx_word' id='word_1_257' title='bbox 837 3410 1001 3497; x_wconf 87' lang='grc' dir='ltr'><strong><em>μεγάλων.</em></strong></span> 
     </span>
     <span class='ocr_line' id='line_1_33' title="bbox 86 3500 1166 3599; baseline 0.007 -28"><span class='ocrx_word' id='word_1_258' title='bbox 86 3520 137 3575; x_wconf 79' lang='lat'><strong><em>208</em></strong></span> <span class='ocrx_word' id='word_1_259' title='bbox 236 3510 372 3593; x_wconf 78' lang='grc' dir='ltr'><strong><em>Γνῶμαι</em></strong></span> <span class='ocrx_word' id='word_1_260' title='bbox 383 3510 445 3593; x_wconf 73' lang='grc' dir='ltr'><strong><em>μὲν</em></strong></span> <span class='ocrx_word' id='word_1_261' title='bbox 457 3500 555 3578; x_wconf 80' lang='grc' dir='ltr'><strong><em>αὗται</em></strong></span> <span class='ocrx_word' id='word_1_262' title='bbox 566 3510 790 3597; x_wconf 76' lang='grc' dir='ltr'><strong><em>συνέστασαν,</em></strong></span> <span class='ocrx_word' id='word_1_263' title='bbox 810 3516 918 3598; x_wconf 83' lang='grc' dir='ltr'><strong><em>Κύρος</em></strong></span> <span class='ocrx_word' id='word_1_264' title='bbox 930 3510 966 3578; x_wconf 74' lang='grc' dir='ltr'><strong><em>δὲ</em></strong></span> <span class='ocrx_word' id='word_1_265' title='bbox 976 3512 1084 3597; x_wconf 75' lang='grc' dir='ltr'><strong><em>μετεὶς</em></strong></span> <span class='ocrx_word' id='word_1_266' title='bbox 1095 3508 1166 3599; x_wconf 87' lang='grc' dir='ltr'><strong><em>τήν</em></strong></span> 
     </span>
    </p>
   </div>
   <div class='ocr_carea' id='block_1_3' title="bbox 0 0 1254 3925">
    <p class='ocr_par' dir='ltr' id='par_1_3' title="bbox 0 0 1254 3925">
     <span class='ocr_line' id='line_1_34' title="bbox 0 0 1254 3925; baseline 0 1"><span class='ocrx_word' id='word_1_267' title='bbox 0 0 1254 3925; x_wconf 95' lang='lat' dir='ltr'><strong><em> </em></strong></span> 
     </span>
    </p>
   </div>
  </div>
 </body>
</html>
