2500 3925
163 198 226 261 210
541 200 794 259 HERODOTI

163 364 258 429 αὐτοί
271 361 337 449 γάρ
351 380 457 448 σφεας
470 365 505 429 οί
518 364 674 447 Ἓλληνες
689 361 940 449 ἐπεκαλέσαντο,
955 366 1114 447 λέγοντες
1130 357 1175 426 δι’

163 460 315 550 άγγέλων
347 460 392 542 άς
425 458 518 531 αὐτοὶ
540 461 603 547 μέν
620 458 736 547 ἥκοιεν
756 462 941 549 πρόδρομοι
962 469 1031 530 τῶν
1047 459 1177 547 ἄλλων,

165 567 199 633 oc
214 569 250 633 δέ
261 567 372 632 λοιποὶ
382 569 450 631 τόν
461 560 645 648 συμμάχων
653 558 875 649 προσδόκιμοι
886 568 999 630 πᾶσαν
1011 560 1081 631 είευ
1092 558 1178 648 ἡμέ-

28 664 31 671 ’
164 685 246 749 ρην,
263 657 284 747 ἡ
299 659 456 729 θάλασσά
471 661 509 727 τέ
522 679 582 745 σφι
600 666 651 746 είη
663 661 700 726 έν
711 666 846 747 φυλακῇ
860 656 921 728 ὐπ’
933 656 1131 747 Ἀθηναίων
1143 685 1179 727 τε

165 764 400 850 φρουρεομένη
421 762 476 827 καί
491 759 699 844 Αἰγινητέων
718 759 774 825 κιά
793 763 862 824 τῶν
882 760 915 838 ές
935 756 996 827 τόν
1009 755 1181 827 ναυτικόν

165 857 307 946 στρατόν
321 861 529 945 ταχθέντων,
553 861 613 925 καί
624 876 685 941 σφι
701 865 752 941 είη
773 852 888 924 δεινόν
902 851 1019 925 οὐδέν·
1049 854 1095 926 οὐ
1111 853 1180 942 γάρ

164 954 251 1026 θεόν
265 956 349 1025 εἶναι
363 954 423 1025 τόν
435 955 571 1025 ἐπιόντα
582 956 634 1023 ἐπὶ
645 950 865 1041 τὴνἙλλάδα,
878 952 952 1025 ἀλλ’
967 956 1179 1043 ἄνθρωπον·

166 1052 251 1122 εἶναι
267 1054 303 1123 δέ
318 1051 449 1141 θνητόν
463 1050 586 1121 οὐδένα
601 1047 681 1121 οὐδὲ
697 1056 851 1139 έσεσθαι,
872 1058 918 1143 τῷ
940 1051 1047 1121 κακόν
1061 1048 1135 1133 έξ’
1114 1078 1181 1140 αρ-

165 1158 223 1239 χῆς
236 1148 459 1244 γινομένω’
419 1177 462 1221 ον
481 1156 684 1238 συνεμίχθη,
705 1165 790 1220 τοῖσι
806 1153 842 1219 δέ
861 1121 1045 1239 μεγίστοισι
1059 1152 1183 1222 αὐτῶν

166 1252 319 1340 μέγιστα·
349 1243 548 1338 ὀφείλειυ’
519 1277 569 1319 ων
590 1250 700 1319 καί
666 1276 726 1319 τον
741 1249 985 1339 ἐπελαύνοντα,
1009 1246 1054 1331 ὦς
1076 1251 1182 1322 έόυτα

165 1360 314 1439 θνητην,
338 1346 404 1419 άπδ
428 1354 486 1438 τῆς
503 1348 602 1472 δόξης
625 1374 666 1419 πε
668 1364 750 1419 σείυ.
790 1352 835 1419 Οί
856 1348 1016 1418 δὲταῦτα
1034 1360 1182 1419 πυνθα-

99 1470 149 1523 204
165 1450 300 1540 νόμενοι
318 1450 509 1538 ἐβάθεον’
492 1479 525 1531 ες
542 1477 605 1538 την
627 1460 784 1540 Τρηχίυα.
822 1448 975 1519 Τοότοισι
1001 1442 1092 1537 ησαν
1114 1450 1183 1537 μέν

165 1581 232 1624 υυν
248 1553 305 1621 καὶ
313 1551 408 1621 ἄλλοι
421 1552 597 1642 στρατηγοί
614 1549 697 1619 κατά
711 1549 807 1629 πόλις
826 1550 991 1641 ἑκάστων,
1009 1548 1027 1618 ὁ
1047 1549 1087 1619 δέ
1101 1560 1180 1619 θω-

164 1652 348 1738 μαζόμενος
361 1650 503 1737 μάλιστα
518 1652 574 1718 καί
593 1652 718 1728 παντὸς
733 1654 794 1717 τοῦ
811 1654 1055 1737 στρατεύματος
1070 1650 1178 1739 ἡγεό-

164 1773 265 1835 μενος
275 1748 540 1836 Λακεδαιμόυιος
556 1741 600 1834 ἦν
613 1751 784 1833 Λεωνίδης
801 1744 1096 1839 ὁἈυαξανδρίδεω
1112 1761 1177 1821 τοῦ

164 1847 308 1924 Λέοντος
323 1852 385 1915 τοῦ
395 1844 655 1935 Εὐρυκρατίδεω
666 1851 727 1914 τοῦ
737 1842 965 1935 Ἀναξάνδρου
981 1856 1042 1919 τοῦ
1052 1848 1175 1938 Εὐρυ-

165 1945 303 2034 κράτεος
318 1952 379 2014 τοῦ
393 1947 604 2032 Πολυδώρου
619 1952 681 2014 τού
693 1940 909 2032 Ἀλκαμένεος
923 1954 986 2015 τοῦ
999 1950 1178 2036 Τηλέκλου

165 2070 226 2114 του
211 2042 394 2133 Ἀρχέλεω
408 2073 468 2115 του
454 2044 664 2134 Ἡγησίλεω
679 2051 740 2112 τοῦ
757 2045 940 2132 Δορόσσου
957 2072 1018 2114 του
1004 2049 1179 2136 Λεωβά-

164 2143 271 2232 βότεω
284 2150 346 2211 τοῦ
359 2141 574 2232 Ἐχεστράτου
587 2170 650 2213 τον
636 2142 775 2231 ’Ἤγιος
786 2170 849 2212 του
834 2141 1099 2231 Ἐὐρυσθένεος
1112 2155 1179 2216 τοῦ

161 2239 403 2331 Ἀριστοδήμου
416 2251 477 2311 τοῦ
490 2242 729 2364 Ἀριστομάχου
743 2268 802 2312 τον
789 2248 1005 2313 Κλεοδαίου
1018 2271 1082 2314 του
1066 2243 1181 2316 Ὕλ-

165 2349 228 2410 λου
237 2367 298 2410 του
284 2338 495 2428 ’Ἡρακλέος
507 2341 713 2429 κτησαμενος
723 2368 785 2428 τηυ
795 2350 973 2431 βασιληίην
985 2345 1179 2438 ἐνΣπάρτη

92 2456 148 2510 205
164 2441 197 2520 ἐξ
213 2436 476 2527 άπροσδοκητου.
514 2446 629 2521 Διξων
648 2439 713 2528 γάρ
734 2465 753 2507 ο
754 2441 912 2510 [ἐόντων
933 2445 1180 2532 πρεσβυτέρων

166 2537 341 2629 ὐδελφεων
360 2541 567 2628 Κλεομένεός
592 2566 628 2608 τε
649 2540 704 2607 καί
725 2541 886 2627 Δωριέος,
901 2538 1090 2630 ἀπελήλατο
1118 2553 1180 2631 τῆς

166 2644 345 2726 φροντίδος
358 2643 485 2726 περί
447 2667 505 2728 της
518 2645 701 2728 βασιληίης.
724 2635 959 2721 ἀποθανόντος
974 2639 1009 2710 δέ
1021 2648 1179 2729 Κλεομέ-

165 2764 241 2818 νεος
255 2737 396 2816 ἄπαιδος
410 2744 544 2825 ἔρσενος
559 2739 684 2825 γόνου,
700 2741 852 2827 Δωριέος
866 2767 901 2808 τε
919 2737 1030 2810 οὐκέτι
1045 2742 1178 2840 ἐόντος,

166 2836 250 2909 άλλά
266 2835 523 2924 τελευτήσαντος
536 2843 591 2907 καί
611 2839 734 2908 τούτου
749 2839 785 2906 έν
802 2845 955 2926 Σικελίῃ,
974 2838 1065 2906 οὕτω
1084 2839 1128 2928 δη
1147 2844 1179 2919 ἐς

166 2943 341 3025 Λεωνίδην
355 2933 541 3023 άυέβαινε’
524 2966 545 3026 η
560 2944 732 3027 βασιληίη,
750 2937 805 3005 καί
820 2937 906 3005 διότι
920 2937 1086 3024 πρότερος
1101 2942 1178 3025 ἐγε-

62 3091 65 3094 -
164 3039 263 3127 γόυεε
275 3036 539 3124 Κλεομβρότου
542 3063 642 3116 ουτος
653 3062 717 3124 γαρ
728 3062 772 3123 ην
783 3060 946 3114 υεωτατος
956 3032 1177 3156 Ἀναξανδρί-

166 3143 231 3207 δεω
242 3149 332 3214 παῖς
335 3185 345 3223 ,
359 3137 414 3204 καί
426 3133 466 3223 δη
478 3139 533 3204 καί
544 3133 607 3221 είχε
618 3136 824 3223 Κλεομένεος
833 3124 1015 3254 θυγατέρα
1031 3131 1143 3213 Ός’
1101 3160 1177 3202 τοτε
1241 3157 1242 3196 ι

165 3259 217 3322 ηιε
228 3233 489 3321 έςΘερμοπυλας
500 3233 733 3320 ἐπιλεξάμενος
743 3233 869 3322 αυδρας
879 3259 914 3301 τε
926 3259 1006 3311 τους
1017 3253 1176 3300 κατεστε
1241 3233 1242 3284 ί

167 3355 252 3408 ωτας
271 3335 482 3418 τριηκοσίους
517 3330 572 3398 καί
601 3344 684 3398 τοῖσι
711 3330 894 3418 ἐτύγχανον
914 3335 1029 3409 παῖδες
1050 3330 1175 3409 έόντες.

163 3425 370 3515 παραλαβὼν
384 3430 421 3496 δέ
431 3425 566 3497 ἀπίκετο
581 3430 636 3497 καὶ
647 3437 804 3518 Θηβαίων
815 3428 895 3510 τούς
906 3433 938 3510 ές
950 3427 1009 3498 τόυ
1021 3425 1176 3518 ἀριθμόν
