2500 3925
156 256 218 319 194
542 264 793 322 HERODOTl
1226 341 1232 402 Ι

156 416 279 487 αύτόθι
294 417 379 487 εἰναι
395 426 463 487 τῶν
480 446 515 487 τε
529 418 636 507 ἀρχὴν
652 417 712 489 τόν
732 420 946 508 λαβύρινθον
966 426 1094 488 τοῦτον
1117 420 1170 485 οἰ-

156 520 439 603 κοδομησαμένων
459 522 623 605 βασιλέων
647 520 702 587 καὶ
725 524 793 586 τῶν
817 524 901 605 ίραν
922 522 1170 605 κροκοδείλων.

156 611 245 681 οὕτω
256 620 325 681 τῶν
338 616 401 701 μὲν
414 615 504 683 κάτω
514 618 591 702 πέρι
604 615 795 703 οἰκημάτων
810 614 894 705 ἀκοῇ
907 614 1172 701 παραλαβόντες

155 713 313 797 λέγομεν,
334 709 375 779 τό
393 711 430 780 δὲ
449 709 521 780 άνω
541 716 662 798 μέζονα
682 711 910 801 ἀνθρωπηίων
931 719 1042 800 ἔργων
1066 708 1171 779 αὐτοὶ

156 804 312 893 ὦρέομεν.
335 811 374 875 αἵ
387 834 424 876 τε
437 806 503 895 γάρ
517 812 624 889 ἔξοδοι
642 807 698 878 διά
712 817 780 878 τῶν
795 814 938 897 στεγέων
953 814 1060 879 καλοί
1079 812 1172 875 εἰλι-
1233 806 1234 831 ’

154 909 232 993 γμοί
243 904 298 973 διά
309 913 378 973 τῶν
388 905 520 976 αύλέων
534 908 646 987 ἐόντες
656 908 890 977 ποικιλώτατοι
906 911 1009 993 θύμα
1033 912 1171 993 μυρίον
1233 920 1234 927 ’

155 1011 351 1091 παρείχοντο
368 1008 401 1086 ἐξ
416 1003 520 1092 αὐλῆς
534 1032 570 1074 τε
591 1009 624 1085 ἐς
638 1005 679 1074 τά
695 1008 859 1094 οἰκήματα
876 1012 1036 1087 διεξιοῦσι
1053 1006 1116 1071 καὶ
1132 1006 1171 1070 έκ

153 1108 222 1169 τῶν
237 1102 427 1189 οἰκημάτων
444 1105 477 1182 ές
491 1104 677 1190 παστάδας,
702 1108 735 1183 ές
752 1108 868 1190 στέγας
878 1129 913 1171 τε
924 1101 1026 1180 ἄλλας
1042 1104 1081 1169 ἐκ
1094 1106 1170 1167 τῶν
1233 1152 1234 1186 ,

153 1200 334 1268 παστάδων
347 1204 402 1269 καί
417 1204 450 1279 ές
461 1199 566 1281 αόλάς
575 1200 678 1281 άλλας
692 1205 728 1271 ἐκ
741 1208 810 1271 τῶν
822 1202 1021 1289 οἰκημάτων.
1047 1197 1168 1287 ὀροφὴ
1226 1208 1234 1285 :ss3

153 1297 190 1364 δὲ
209 1297 347 1365 πάντων
366 1298 497 1366 τούτων
519 1305 652 1385 λιθίνη,
684 1298 833 1387 κατάπερ
870 1301 905 1365 οἰ
921 1311 1043 1382 τοῖχοι,
1068 1300 1108 1363 οἰ
1131 1296 1170 1362 δὲ
1229 1314 1234 1383 ἓ,

153 1411 256 1482 τοῖχοι
284 1396 400 1463 τύπων
424 1399 702 1484 ἐγγεγλυμμένων
723 1399 835 1481 πλέοι,
864 1391 949 1481 αύλὴ
973 1394 1010 1461 δὲ
1035 1392 1167 1479 ἑκάστη

153 1499 350 1580 περίστυλος
365 1500 467 1562 λίθου
484 1500 608 1562 λευκοῦ
624 1492 838 1579 ἁρμοσμένου
859 1490 899 1559 τά
916 1492 1070 1577 μάλιστα.
1105 1497 1170 1577 τῆς

153 1592 190 1657 δέ
204 1595 328 1675 γωνίης
337 1588 568 1669 τελευτέοντος
580 1596 642 1658 τοῦ
656 1597 868 1677 λαβυρίνθου
889 1596 995 1676 ἔχεται
1011 1592 1169 1675 πυραμὶς
1233 1648 1234 1677 f

152 1688 526 1775 τεσσερακοντόργυιος,
555 1691 592 1755 έν
612 1694 653 1775 τῇ
678 1693 742 1777 ζῷα
767 1686 895 1773 μεγάλα
919 1686 1168 1772 ἐγγέγλυπται·
1233 1744 1234 1779 3

81 1811 130 1865 149
152 1780 232 1863 όδδς
248 1780 281 1851 δ’
300 1786 333 1863 ἐς
347 1782 454 1871 αὐτὴν
467 1781 535 1852 ύπδ
550 1790 616 1871 γῆν
630 1790 813 1869 πεποίηται.
859 1790 927 1851 Τοῦ
942 1782 979 1851 δὲ
992 1788 1170 1870 λαβυρίν-
1233 1874 1234 1877 ¹

150 1893 221 1951 θου
237 1883 361 1951 τούτου
376 1884 489 1962 ἐόντος
499 1875 657 1950 τοιούτου
681 1887 782 1970 θύμα
809 1888 857 1949 ἔτι
867 1885 965 1968 μέζον
978 1884 1169 1969 παρέχεται

150 1979 171 2066 ἡ
184 1988 330 2068 Μοίριος
346 1983 531 2068 καλεομένη
546 1987 664 2067 λίμνη,
685 1977 765 2066 παρ’
779 1977 852 2067 ἢνὸ
867 1979 1081 2068 λαβύρινθος
1099 1974 1170 2048 ού-
1233 2041 1234 2052 ,

152 2103 208 2156 τος
228 2079 462 2164 οἰκοδόμηται,
474 2085 542 2163 ’τῆς
558 2075 596 2144 τό
618 2085 817 2165 περίμετρον
838 2083 896 2164 τῆς
912 2077 1078 2165 περιόδου
1098 2081 1169 2146 εἰσὶ
1233 2131 1234 2178 ,

150 2174 280 2242 στάδιοι
296 2174 462 2254 ἑξακόσιοι
478 2177 534 2241 καί
546 2181 736 2262 τρισχίλιοι,
754 2181 897 2260 σχοίνων
907 2175 1069 2262 ἑξήκοντα
1080 2174 1169 2244 έόν-

149 2279 238 2358 των,
258 2282 325 2341 ἰσοι
338 2277 393 2340 καί
407 2270 510 2359 αύτῆς
519 2275 696 2360 Αἰγύπτου
709 2271 747 2341 τό
758 2271 848 2359 παρά
862 2273 1060 2343 θάλασσαν·
1082 2277 1168 2343 κέε-
1233 2325 1234 2372 η

148 2401 202 2442 ται
219 2375 256 2442 δέ
272 2370 381 2459 μακρὴ
403 2371 425 2460 ἡ
442 2381 543 2460 λίμνη
557 2371 642 2459 πρός
656 2377 779 2462 βορέην
792 2397 828 2440 τε
841 2377 897 2441 καί
910 2374 1028 2459 νότον,
1052 2378 1167 2442 έοῦσα
1233 2391 1234 2462 η

147 2471 272 2557 βάθος,
293 2476 334 2558 τῇ
354 2470 529 2557 βαθυτάτη
550 2467 634 2556 αύτὴ
657 2473 796 2556 ἑαυτάς,
818 2471 1164 2560 πεντηκοντόργυιος.
1233 2477 1234 2500 ³

146 2568 199 2639 ότι
213 2571 251 2638 δέ
263 2567 490 2655 χειροποίητός
506 2572 575 2637 έστι
589 2572 644 2635 καί
655 2565 798 2654 ὀρυκτή,
814 2566 897 2656 αὐτὴ
910 2575 1014 2657 δηλοῖ.
1038 2572 1078 2638 έν
1089 2569 1165 2656 γάρ

146 2673 230 2758 μέση
248 2674 289 2756 τῇ
309 2673 409 2754 λίμνῃ
430 2666 573 2753 μάλιστά
593 2693 636 2753 κη
654 2667 764 2732 ἑστᾶσι
780 2666 845 2733 δύο
865 2671 1069 2753 πυραμίδες,
1092 2677 1165 2736 τοῦ

149 2763 267 2842 ῦδατος
288 2759 510 2848 ὑπερέχουσαι
531 2762 737 2848 πεντήκοντα
755 2759 895 2849 ὀργυιάς
919 2767 1075 2851 ἑκατέρη,
1101 2769 1164 2833 καὶ

145 2860 182 2930 τό
205 2859 279 2930 κατ’
301 2860 424 2940 ῦδατος
449 2861 663 2947 οἰκοδόμηται
684 2863 801 2948 ἓτερον
823 2870 982 2949 τοσοῦτο,
1015 2867 1074 2931 καί
1099 2863 1161 2932 ἐπ’

145 2960 351 3049 όμφοτέρησι
366 2966 476 3028 ἔπεστι
493 2957 654 3036 κολοσσός
664 2965 796 3038 λῦθινος
810 2961 996 3047 κατήμενος
1008 2963 1046 3028 έν
1062 2963 1163 3050 θρό·

125 3082 202 3150 νην.
229 3057 318 3126 οὕτω
333 3063 370 3126 αἰ
381 3060 443 3144 μὲν
460 3061 644 3144 πυραμίδες
659 3060 721 3125 εἰσί
736 3057 854 3125 όκατδν
871 3055 1048 3145 ὀργυιέων,
1066 3065 1107 3129 αἰ
1123 3059 1161 3130 δ’

143 3156 268 3238 ἑκατόν,
277 3153 410 3242 ὀργυιαὶ
424 3160 552 3224 δίκαιαί
564 3161 627 3224 εἰσι
641 3154 779 3222 στάδιον
795 3155 940 3235 ἑξάπλεθ
963 3180 1015 3243 ον,
1034 3159 1162 3239 ἑξαπέ-

144 3257 207 3319 δου
221 3255 284 3337 μέν
296 3260 354 3338 τῆς
370 3251 508 3340 ὀργυιῆς
524 3254 744 3339 μετρεομένης
761 3254 816 3321 καί
827 3181 1067 3342 τετραπδγχεος,
1082 3264 1162 3326 τῶν

142 3353 258 3416 ποδαν
274 3349 336 3433 μὲν
350 3356 640 3434 τετραπαλαίστων
656 3351 798 3437 ἐόντων,
814 3358 875 3419 τοῦ
889 3349 926 3418 δὲ
937 3352 1158 3438 πηχεοςὲξα-

144 3452 336 3514 παλαίστου.
358 3444 395 3513 τό
408 3442 444 3511 δέ
455 3445 548 3531 ύδωρ
561 3445 599 3514 τό
612 3451 650 3514 έν
664 3454 704 3536 τῇ
715 3455 815 3536 λίμνη
826 3447 997 3533 αύτιγενὲς
1009 3450 1074 3534 μὲν
1088 3450 1157 3519 οὐκ
