2500 3925
166 225 208 287 90
546 223 800 282 HERODOTI

164 385 227 476 τήν
238 384 350 475 ’Λσίην
360 383 560 473 Δημάρητος
573 384 629 451 καὶ
640 381 777 472 τοιαότη
786 380 993 471 χρησάμενος
1003 383 1100 473 τάχη,
1117 379 1186 451 άλ«

166 497 208 559 λα
217 514 253 557 τε
260 490 554 572 Λακεδαιμονίοισι
565 481 672 572 συχνά
680 489 808 570 ἔργοισί
816 509 852 552 τε
862 485 917 551 καί
923 482 1076 574 γυόμησι
1089 480 1189 553 άπο·

164 595 414 675 λαμπρυνθείς,
435 588 472 654 ἐν
489 584 526 655 δέ
541 582 582 674 δή
600 585 656 653 καὶ
668 581 874 670 Ὀλυμπιάδα
893 602 955 671 σφι
970 580 1184 671 ἀνελόμενος

165 691 340 778 τεθρίππῳ
351 687 554 772 προσέβαλε,
571 689 698 770 μοῦνος
708 689 807 751 τοῦτο
821 682 960 752 πάντων
974 680 1015 772 δή
1031 689 1104 751 τῶν
1120 707 1187 770 γε-

164 785 319 870 νομένων
332 783 498 872 βασιλέωυ
511 784 548 851 έν
560 782 703 870 Σπάρτῃ
716 781 865 868 ποιήσας.

116 903 149 961 '11
250 888 455 970 Λευτυχίδης
480 883 517 952 δέ
540 881 557 951 ὁ
577 881 756 966 Μενάρεος
773 881 980 971 Δημαρήτου
999 911 1186 956 καταπαυ-

163 985 285 1063 θέντος
296 986 462 1062 διεδέξατο
473 978 536 1069 τήν
545 986 731 1071 βασιληίην.
752 986 811 1049 καί
819 984 853 1048 οί
861 986 987 1067 γίνεται
998 997 1078 1064 παῖς
1088 993 1186 1054 Ζευ-

165 1087 310 1170 ξίδημος,
324 1078 385 1149 τόν
396 1078 437 1169 δή
449 1087 621 1150 Κυνίσκον
632 1082 833 1168 μετεξέτεροι
843 1089 1086 1170 Σπαρτιητέων
1098 1083 1185 1152 έκάό

163 1190 252 1252 λεου.
268 1173 367 1261 οὗτος
381 1178 613 1268 όΖευξίδημος
628 1175 691 1247 οὐκ
706 1180 898 1266 ἐβασίλευσε
908 1181 1087 1269 Σπάρτης·
1112 1177 1183 1269 πρὸ

165 1285 377 1369 Λευτυχίδεω
386 1276 452 1368 γάρ
463 1285 611 1368 τελευτᾷ,
622 1273 732 1346 λιποδν
742 1282 844 1346 παῖδα
856 1275 1064 1366 Ἀρχίδημον.
1074 1287 1183 1358 ,Λευ-

163 1383 298 1466 τυχίδης
318 1377 548 1465 δέ’στερηθείς
563 1375 773 1462 Ζευξιδήμου
789 1375 904 1461 γαμέει
925 1379 1091 1463 δευτέρην
1115 1403 1184 1463 γυ-

164 1491 265 1547 ναίκα
278 1474 505 1565 Εὐρυδάμην,
521 1477 645 1543 έοῦσαν
659 1478 793 1542 Μενίου
806 1471 870 1560 μὲν
884 1470 1072 1561 άδελφεήν,
1088 1484 1184 1544 Δια-

164 1580 325 1664 ιιτορίδεω
339 1576 375 1643 δὲ
395 1576 584 1662 θυγατέρα,
607 1575 644 1642 ἐκ
660 1578 717 1660 τῆς
735 1576 769 1640 οί
781 1576 878 1658 ἔρσεν
894 1573 957 1658 μὲν
970 1578 1102 1659 γίνεται
1118 1571 1184 1642 οὐ·

165 1674 235 1760 δέν,
251 1671 407 1760 θυγάτηρ
422 1672 459 1742 δέ
470 1677 643 1761 Λαμπιτώ,
658 1667 951 1758 τήυὶἎρχίδημοςὸ
962 1672 1183 1760 Ζευξιδήμου

110 1792 144 1848 72
165 1775 280 1861 γαμέει
295 1771 413 1850 δόντος
432 1767 523 1862 αὐτῷ
537 1772 757 1855 Λευτυχίδεω.
797 1765 849 1836 Οὐ
866 1770 929 1855 μὲν
946 1767 1026 1838 οὐδὲ
1040 1779 1183 1839 Λευτυ-

164 1877 257 1960 χίδης
271 1871 436 1960 κατεγήρα
450 1873 487 1939 ἐν
497 1868 656 1957 Σπάρτη,
673 1863 756 1936 άλλά
767 1873 854 1936 τίσιν
864 1867 998 1956 τοιήνδε
1010 1865 1089 1936 τινὰ
1102 1878 1180 1955 Δη·

164 1969 300 2063 μαρήτφ
314 1972 451 2050 ἐξέτισε·
466 1965 986 2053 ἐστρατήγησεΛακεδαιμονίοισι
997 1969 1031 2047 ἐς
1042 1976 1181 2037 Θεσσα-

163 2077 257 2156 λίην,
272 2064 400 2153 παρεόν
414 2069 454 2137 δέ
464 2072 499 2135 οί
512 2064 685 2150 ὑποχείρια
702 2064 812 2133 πάντα
825 2064 1032 2153 ποιήσασθαι
1048 2069 1182 2156 ἐδωρο-

164 2169 285 2256 δόκησε
297 2164 462 2254 άργόριου
477 2166 614 2236 πολλόν.
638 2163 691 2233 ἐπ’
705 2163 891 2257 αὐτοφόρφ
903 2168 939 2235 δὲ
953 2163 1058 2247 ἁλοδς
1070 2167 1182 2238 αὐτοῦ

165 2269 203 2335 έν
217 2270 264 2355 τῷ
279 2265 489 2356 στρατοπέδῳ
518 2262 758 2349 ἐπικατήμενος
767 2268 884 2351 χειρίδι
899 2269 983 2355 πλέη
994 2264 1180 2356 άργυρίου,

165 2369 271 2450 ἔφυγε
283 2363 320 2430 ἐκ
331 2360 490 2449 Σπάρτης
503 2357 569 2429 όπδ
584 2359 801 2448 δικαστήριον
815 2358 987 2453 ὑπαχθείς,
1003 2369 1059 2435 καὶ
1071 2363 1114 2435 τά
1128 2373 1181 2436 οί-

164 2467 221 2530 κία
242 2463 276 2528 οί
291 2458 499 2545 κατεσκάφη·
523 2464 628 2545 ἐφυγε
652 2458 688 2526 δὲ
712 2460 745 2537 ἐς
763 2460 888 2546 Τεγέην
905 2462 960 2529 καί
980 2463 1180 2552 ἐτελεύτησε

166 2562 203 2629 έν
217 2558 329 2647 ταύτη.

115 2673 150 2731 ’λθ
250 2661 363 2723 Ταῦτα
383 2655 446 2741 μέν
466 2653 506 2741 δή
522 2656 652 2742 ἐγένετο
669 2654 780 2745 χρόνῳ
795 2653 954 2746 ὕστερον,
978 2660 1055 2728 τότε
1077 2665 1117 2732 δὲ
1134 2661 1180 2743 ὡς

163 2760 209 2848 τῷ
222 2752 407 2839 Κλεομένει
417 2745 581 2840 εόωδοόθη
605 2751 642 2821 τό
665 2756 698 2833 ἐς
717 2751 778 2821 τόν
798 2757 1004 2844 Δημάρητον
1024 2766 1179 2849 πρῆγμα,

163 2852 283 2927 αὐτίκα
296 2851 501 2942 παραλαβοδν
514 2859 723 2942 Λευτυχίδην
739 2852 791 2943 ἤιε
811 2856 863 2923 ἐπί
883 2855 964 2937 τούς
979 2862 1178 2951 Αἰγινήτας,

164 2952 279 3025 δεινόν
293 2951 370 3023 τινά
384 2973 445 3038 σφι
462 2958 601 3040 ἔγκοτον
617 2951 673 3020 δεδι
694 2949 755 3021 τόν
775 2956 1056 3044 προπηλακισμόν
1079 2967 1176 3048 ἔχων.

164 3052 254 3123 οὕτω
278 3049 318 3139 δή
343 3049 420 3119 οὔτε
442 3057 477 3120 οί
494 3057 670 3138 Λίγιυῆται
693 3048 893 3137 ἀμφοτέρων
915 3064 984 3124 τῶν
1005 3066 1178 3146 βασιλέων

162 3150 317 3242 ἡκόντων
337 3146 390 3217 ἐπ’
408 3147 532 3230 αὐτοδς
556 3152 724 3218 έδικαίευν
736 3155 782 3217 ἐτι
804 3146 1027 3243 ἀντιβαίνειν,
1052 3160 1179 3232 ἐκεῖνοί

163 3276 199 3317 τε
214 3247 442 3335 ἐπιλεξάμενοι
456 3247 582 3334 ἄνδρας
600 3250 680 3317 δέκα
694 3250 903 3334 Αἰγινητέων
917 3249 996 3332 τοδς
1013 3264 1178 3330 πλείστου
1248 3302 1249 3317 1

164 3344 276 3424 άξίους
291 3348 346 3413 καί
359 3347 493 3440 πλοότφ
507 3348 561 3415 καὶ
572 3340 775 3434 γέυείήγον,
795 3348 850 3413 καί
861 3343 985 3429 άλλους
995 3355 1049 3421 καὶ
1064 3355 1108 3443 δή
1122 3363 1174 3429 καλ

165 3440 271 3525 Κρῖόν
280 3467 315 3509 τε
326 3439 387 3509 τόν
395 3450 608 3532 Πολυκρίτου
619 3446 673 3512 καί
684 3444 871 3529 Κάσαμβον
885 3441 945 3513 τδν
955 3442 1177 3541 Ἀριστοκρά-
