2500 3925
336 211 425 267 ΗΒ.
457 210 505 267 lv.
538 211 638 269 CAP.
670 216 813 273 32-36.
1015 210 1081 275 3⁰⁹

94 366 155 436 ιλδα
167 369 284 449 ταύτας
297 369 475 455 ποιεύσας,
497 374 573 457 τῇσι
587 368 624 437 δέ
634 372 838 456 παρθένοισι
850 372 991 461 ταύτησι
1004 380 1080 463 τῇσι

92 466 352 558 έξὙπερβορέων
374 468 635 559 τελευτησάσῃσι
658 471 697 537 έν
716 468 819 561 Δήλφ
840 478 1008 559 κείρονται
1023 475 1080 543 κτλ

93 573 246 657 αίκοὺραι
265 570 371 637 καλοί
389 572 505 647 παῖδες
518 572 554 637 oc
565 574 721 655 Δηλίων·
744 574 782 638 αί
798 569 861 656 μὲν
880 568 946 658 πρό
967 570 1080 657 γάμον

92 670 246 756 πλόκαμον
263 666 539 756 ἀποταμνόμεναι
560 671 616 738 καλ
637 673 714 755 περὶ
734 667 900 758 ἀτρακτον
920 674 1079 751 εἱλίξασαι

93 770 134 835 iul
147 765 180 836 τό
194 775 283 856 σῆμα
297 778 421 837 τνθελσι
435 764 488 857 (τό
505 768 542 836 δὲ
557 769 648 855 σῆμά
662 771 731 837 έστι
749 773 814 836 έσω
828 769 862 847 ές
878 765 915 837 τό
930 766 1079 855 ’Λρτεμί-

90 886 150 933 σιον
162 867 283 935 ἐσιόντι
300 864 475 954 ἀριστερῆς
498 862 624 953 χειρός,
648 868 834 954 ἐπιπέφυκε
854 868 895 936 δέ
907 871 942 936 οί
957 868 1077 951 ἐλαίη),

91 970 116 1032 ιί
125 966 157 1033 δὲ
166 970 280 1045 παῖδες
290 972 360 1035 τῶν
369 970 509 1053 Δηλίων
520 966 596 1054 περλ
608 966 714 1054 χλόην
727 964 804 1034 τινὰ
818 969 997 1046 εἱλίξαντες
1010 972 1079 1033 τῶν

89 1070 191 1149 τριχῶν
206 1074 398 1152 προτιθεῖσι
412 1067 468 1133 καλ
484 1056 580 1133 οὑτοι
595 1066 650 1134 έπλ
664 1062 703 1133 τό
720 1072 817 1153 σήμα.
841 1057 941 1134 αὑται
955 1064 1018 1153 μὲν
1035 1060 1077 1151 δή

88 1160 196 1249 ταύτην
215 1160 281 1251 τήν
301 1161 402 1252 τιμήν
428 1169 542 1251 έχουσι
557 1161 644 1252 πρός
662 1170 731 1233 τόν
746 1162 865 1252 Δήλου
879 1164 1076 1252 οἰκητόρων,

87 1260 155 1343 φασλ
167 1261 202 1329 δὲ
216 1267 253 1331 οί
266 1260 362 1333 αύτολ
375 1265 431 1333 καλ
443 1261 507 1352 τήν
514 1263 644 1353 ’Λργην
652 1290 690 1333 τε
702 1267 759 1333 καλ
767 1262 831 1352 τήν
840 1256 942 1333 Ὦπιν
955 1262 1076 1341 έούσας
1089 1280 1126 1334 ³5

87 1362 266 1445 παρθένους
286 1365 320 1442 ἐξ
335 1360 567 1451 Ὑπερβορέων
588 1360 673 1432 κατὰ
693 1358 773 1441 τούς
793 1357 917 1441 αύτούς
936 1362 1079 1441 τούτους

87 1452 279 1544 ἀνθρώπους
292 1464 523 1549 πορευομένας
543 1459 726 1530 ἀπικέσθαι
747 1464 781 1539 ές
793 1466 910 1547 Δῆλον
930 1465 979 1529 ἔτι
991 1458 1079 1547 πρό-

85 1582 168 1645 τερον
181 1556 364 1648 Ὑπερόχης
386 1588 423 1632 τε
442 1566 498 1632 καλ
517 1565 694 1649 Λαοδίκης.
728 1559 852 1641 ταύτας
871 1564 935 1649 μίν
954 1587 1022 1629 νυν
1037 1565 1079 1648 τῇ

88 1660 247 1747 Είλενθνίη
258 1655 496 1757 ἀποφερούσας
507 1658 582 1729 ἀντλ
593 1665 656 1728 τοῦ
664 1655 838 1726 άκυτόκου
848 1656 910 1727 τόν
920 1656 1078 1739 ἐτάξαντο

85 1756 179 1844 φόρον
192 1755 394 1849 ἀπικέσθαι,
416 1760 479 1851 τήν
494 1763 531 1832 δλ
546 1760 672 1849 ’Ἀργην
691 1786 727 1829 τε
743 1760 800 1827 καλ
820 1756 883 1846 τήν
893 1754 995 1827 Ὦπιν
1008 1757 1078 1845 ἅμα

84 1851 197 1925 αὐτοῖσι
219 1870 307 1926 τοῖσι
329 1869 441 1930 θεοῖσι
462 1859 645 1929 ἀπικέσθαι
665 1858 801 1945 λέγουσι
820 1863 881 1925 καί
899 1876 962 1942 σφι
982 1852 1079 1941 τιμάς

84 1952 170 2036 ἀλλος
184 1954 350 2028 δεδόσθαι
370 1957 455 2045 πρός
470 1958 601 2047 σφέων·
624 1958 681 2026 καλ
692 1953 758 2043 γάρ
780 1951 928 2043 ἀγείρειν
942 1973 1004 2044 σφι
1019 1950 1079 2034 τάς
1137 2039 1145 2054 ι

84 2069 231 2141 γυναῖκας
247 2057 541 2147 ἐπουνομαζούσας
550 2055 592 2126 τά
603 2054 775 2142 οὐνόματα
786 2059 824 2124 έν
834 2060 881 2146 τῷ
894 2053 1002 2146 ὑμνφ,
1016 2053 1078 2124 τόν

83 2173 132 2237 σφι
141 2149 245 2241 Ὠλήν
260 2150 346 2243 ἀνήρ
357 2157 484 2236 Λύκιος
496 2159 647 2243 ἐποίησε,
664 2153 755 2239 παρά
767 2154 804 2223 δὲ
814 2155 929 2241 σφέων
942 2153 1078 2241 μαθόν-

82 2278 129 2332 τας
140 2253 307 2341 νησιιότας
320 2281 357 2324 τε
370 2253 550 2336 καλἼωνας
567 2252 707 2342 ὑμνέειν
715 2246 816 2322 Ὦπίν
831 2279 868 2321 τε
881 2253 938 2320 καλ
948 2250 1077 2338 ’Ἄργην

82 2349 320 2440 οὑνομάζοντάς
333 2381 369 2424 τε
390 2356 447 2423 καλ
461 2351 658 2443 ἀγείροντας
679 2344 794 2443 (οὗτος
811 2351 847 2420 δὲ
863 2348 881 2419 ό
898 2348 1002 2439 Ὠλήν
1020 2354 1076 2418 καλ

82 2448 149 2530 τούς
169 2450 295 2533 ἄλλους
310 2450 390 2533 τοὺς
411 2451 575 2532 παλαιούς
594 2450 726 2539 ὑμνους
746 2454 881 2538 ἐποίησε
895 2455 933 2520 έκ
950 2456 1078 2536 Λυκίης

82 2549 182 2618 ἐλθόν
202 2549 284 2630 τοὺς
308 2550 526 2641 ἀειδομένους
553 2555 591 2620 έν
613 2550 749 2637 Δήλῳ),
777 2552 924 2618 καὶτῶν
947 2554 1077 2637 μηρίων

82 2652 340 2738 καταγιζομένων
355 2654 408 2720 έπλ
421 2659 467 2744 τῷ
477 2658 580 2743 βωμῷ
595 2649 659 2737 τήν
672 2645 801 2718 σποδόν
811 2648 937 2736 ταύτην
948 2649 1001 2718 έκλ
1014 2644 1077 2734 τήν

80 2747 181 2834 θήκην
198 2747 262 2837 τήν
272 2747 393 2828 Ὤπιός
406 2775 443 2818 τε
459 2753 515 2818 καλ
526 2748 650 2836 ’Ἀργης
661 2745 925 2834 ἀναισιμοῦσθαι
938 2749 1076 2833 ἐπιβαλ-

83 2851 224 2935 λομένην.
248 2845 269 2935 ή
287 2850 324 2918 δὲ
336 2849 429 2936 θήκη
441 2845 571 2917 αὑτέων
587 2849 656 2917 ἐστὶ
666 2846 788 2916 ὄπισθε
798 2853 860 2915 τού
870 2844 1077 2932 Ἀρτεμισίου

81 2943 153 3031 πρός
171 2944 222 3035 ήιὶ
236 2949 444 3037 τετραμμένη
459 2947 631 3037 ἀγχοτάτω
651 2954 714 3017 τοὺ
727 2953 845 3034 Κηίων
861 2949 1073 3032 ίστιητορίου.

153 3049 220 3116 Καλ
235 3055 341 3117 ταῦτα
356 3051 419 3136 μὲν
426 3047 658 3137 Ὑπερβορέων
671 3048 747 3134 πέρι
758 3043 915 3133 εἰρήσθω.
937 3035 1074 3126 τόνγάρ
1089 3056 1124 3112 δσ

82 3149 146 3228 περὶ
163 3143 318 3234 Ἀβάριος
338 3147 443 3234 λόγον
463 3153 524 3215 τοῦ
546 3148 731 3233 λεγομένου
755 3144 841 3212 ελναι
853 3138 1076 3227 Ὑπερβορέου

83 3241 116 3311 οὐ
134 3245 235 3334 λέγω,
250 3248 394 3333 λέγοντα
404 3239 450 3326 ύς
460 3242 645 3316 τὸνόϊστόυ
665 3247 843 3334 περιέφερε
859 3239 943 3312 κατὰ
963 3246 1076 3310 πᾶσαν

81 3339 134 3428 τήν
146 3351 212 3432 γῆν
227 3343 331 3416 οὐδέν
344 3347 545 3436 σιτεόμενος.
577 3353 607 3416 εί
626 3349 667 3415 δέ
683 3350 750 3413 είσί
764 3369 853 3423 τινες
873 3339 1076 3429 ὑπερβόρεοι

81 3439 266 3535 ἅνθρωποι,
290 3449 352 3517 είσὶ
372 3449 428 3516 καλ
448 3446 645 3539 ὑπερνότιοι
665 3443 770 3513 ἀλλοι.
790 3440 895 3527 γελέω
911 3439 947 3509 δὲ
968 3437 1077 3524 ὁρέων
