2500 3925
355 213 439 269 LIB.
471 212 527 268 vll.
562 212 662 270 CAP.
693 215 834 273 λίι-δλλ
1003 259 1006 267 .
1036 209 1097 274 139

91 377 160 439 τῶν
171 369 263 460 ήμελς
275 375 373 456 ίδμεν
383 396 465 457 μετα
479 373 525 440 σί.
560 368 725 459 Θωμάσας
746 371 783 439 δὲ
792 377 861 439 τῶν
872 372 979 446 ἐπέων
988 370 1026 440 τό
1040 399 1095 441 τε·
1110 389 1145 444 28

92 481 246 541 λευταλον
259 472 381 557 Ξέρξης
397 467 498 551 αύτος
513 467 653 557 δεύτερα
667 479 773 557 είρετο
783 469 933 557 Πύθιον,
950 467 1053 538 ὁκόσα
1065 474 1099 540 οί

92 579 142 656 εἴη
155 567 314 658 χρήματα.
340 565 358 636 ὁ
375 572 411 636 δὲ
427 565 513 636 εἶπε·
531 560 571 636 Ὠ
584 574 741 656 βασιλεῦ,
754 567 832 638 οῦτε
846 588 884 639 σε
899 567 1095 658 ἀποκρύψω,

89 666 170 737 οῦτε
183 663 353 756 σκήψομαι
367 664 404 735 τό
420 663 464 754 μή
481 670 604 736 είδέυαι
613 665 677 754 τήν
688 669 858 754 ἐμεωυτοῦ
868 668 1003 758 οὐσίην,
1019 667 1093 738 ἀλλ’

90 762 308 854 ἐπιστάμενός
321 793 373 834 τοι
386 763 548 852 ἀτρεκέως
562 767 737 846 καταλέξω.
760 767 869 836 ἐπείτε
882 765 947 856 γάρ
959 766 1096 855 τάχιστά

89 886 128 935 σε
140 866 318 954 ἐπυθόμην
329 868 381 934 ἐπὶ
391 866 570 936 θάλασσαν
580 873 825 955 καταβαίνοντα
837 866 1093 958 τήνἙλληνίδα,
1194 946 1196 950 ,

89 964 297 1053 βουλόμενός
315 992 366 1036 τοι
384 970 504 1035 δοῦναι
519 969 553 1045 ἐς
571 963 633 1035 τὸν
652 965 801 1055 πόλεμον
813 966 963 1056 χρήματα
978 969 1095 1054 ἐξέμα-

48 1130 55 1136 ,
88 1075 173 1151 θον,
194 1069 250 1134 καὶ
265 1058 367 1153 εῦρον
380 1065 592 1152 λογιζόμενος
606 1062 771 1154 ἀργυρίου
785 1070 848 1154 μὲν
868 1067 930 1137 δύο
943 1067 1094 1155 χιλιάδας

88 1163 208 1244 ἐούσας
221 1190 279 1250 μοι
291 1163 482 1252 ταλάντων,
495 1170 637 1253 χρυσίου
652 1167 688 1234 δδ
702 1172 915 1254 τετρακοσίας
928 1165 1094 1255 μυριάδας

88 1262 456 1352 στατήρωνΔαρεικῦν,
465 1264 661 1344 ἐπιδεούσας
672 1262 753 1333 ἕπτά
763 1264 932 1352 χιλιάδων.
949 1265 1094 1335 καὶτοῦ·

87 1369 177 1430 τοισί
188 1382 225 1430 σε
242 1361 306 1450 ἐγοδ
322 1367 505 1454 δωρέομαι,
527 1362 618 1456 αύτῷ
634 1362 666 1432 δ’
690 1366 762 1450 ἐμοὶ
782 1360 847 1432 ἀπό
869 1361 1093 1453 ἀνδραπόδων

88 1490 124 1530 τε
138 1467 193 1531 καλ
206 1467 398 1550 γεωπεδίων
413 1461 544 1550 ἀρκέων
557 1465 625 1532 ἐστὶ
640 1468 722 1551 βίος.
750 1459 788 1530 ‘0
802 1463 865 1550 μὲν
874 1469 978 1532 ταῦτα
989 1468 1091 1548 ἔλεγε,

88 1564 209 1649 Ξέρξης
220 1558 382 1650 δδήσδεδς
392 1577 476 1632 τοῖσι
488 1565 690 1651 εἰρημένοισι
700 1561 786 1632 εἷπε·
806 1567 902 1642 Ξετνε
912 1563 1014 1649 Λυδὲ,
1026 1559 1090 1649 ἐγώ
1104 1572 1139 1629 29

88 1662 197 1728 ἐπείτε
215 1663 358 1750 ἐξῆλθον
368 1659 430 1750 τήν
443 1666 593 1749 Περσίδα
605 1661 736 1750 χοόρην,
752 1658 866 1730 ούδενί
880 1658 977 1748 ἀνδρὶ
991 1667 1092 1732 συνέ-

87 1763 164 1848 μιξα
175 1763 208 1841 ἐς
218 1761 305 1848 τόδε,
326 1761 416 1844 ὅστις
425 1761 572 1852 ήδίλησε
586 1767 691 1844 ξείνια
706 1773 886 1851 προθεῖναι
901 1769 1030 1855 στρατῷ
1045 1773 1091 1855 τῷ

87 1862 171 1952 ἐμῷ,
189 1857 268 1929 οῦδὲ
279 1859 369 1941 όστις
380 1865 413 1942 ἐς
423 1861 504 1944 ὄψιν
515 1860 577 1949 τήν
592 1860 676 1951 ἐμήν
690 1860 853 1944 καταστάς
864 1861 1091 1951 αὐτεπάγγελ-

85 1988 142 2039 τος
156 1961 190 2039 ἐς
203 1957 263 2030 τόν
277 1960 426 2049 πόλεμον
437 1965 509 2050 ἐμοὶ
521 1959 670 2051 ήδέλησε
680 1959 913 2051 συμβαλέσθαι
927 1954 1089 2053 χρήματα,

86 2067 148 2141 ἔξω
164 2067 234 2131 σεῦ.
257 2060 300 2130 σύ
316 2064 353 2131 δὲ
367 2066 423 2131 καί
439 2066 598 2144 ἐξείνισας
612 2062 764 2150 μεγάλως
778 2062 921 2151 στρατόν
934 2060 995 2132 τδν
1009 2058 1091 2149 ἐμδν

85 2166 140 2231 καί
155 2162 305 2251 χρήματα
324 2161 453 2250 μεγάλα
467 2165 691 2251 ἐπαγγέλλεαι.
722 2165 775 2231 σοὶ
793 2154 842 2230 ἀν
859 2158 923 2248 ἐγώ
938 2159 1013 2231 ἀντὶ
1026 2158 1091 2230 αῦ-

84 2266 151 2327 τῦν
170 2264 269 2349 γίρεα
283 2261 396 2330 τοιάδε
417 2265 553 2349 δίδωμι·
580 2260 692 2341 ξεῖνόν
706 2264 746 2330 τό
762 2280 800 2329 σε
820 2267 978 2348 ποιεῦμαι
996 2259 1088 2350 ἐμόν,

85 2360 138 2427 καὶ
149 2356 208 2437 τὰς
217 2355 430 2444 τετρακοσίας
440 2360 606 2449 μυριάδας
615 2385 668 2429 τοι
677 2365 747 2427 τῶν
757 2357 930 2449 στατήρων
937 2356 1090 2447 ἀποπλή-

83 2474 138 2542 σω,
149 2454 229 2544 παρ’
247 2458 415 2542 ἐμεωυτοῦ
430 2456 511 2536 δούς
530 2455 590 2536 τάς
611 2454 692 2525 ἐπτά
711 2456 877 2544 χιλιάδας,
898 2460 956 2525 ἵνα
975 2454 1021 2543 μή
1037 2482 1089 2523 τοι

85 2556 226 2632 ἐπιδεέες
249 2559 328 2623 ἐωσι
349 2560 386 2623 αλ
404 2556 614 2646 τετρακόσιαι
634 2556 795 2643 μυριάδες
816 2554 896 2624 ἐκτά
917 2556 1087 2642 χιλιάδων,

81 2648 156 2720 ἀλλ’
167 2644 253 2741 ήτοι
264 2648 480 2741 ἀπαρτιλογίη
492 2652 552 2722 ὑπ’
566 2656 642 2742 ἐμέο
653 2659 904 2743 πεπληρωμένη.
912 2652 1053 2742 κέκτησό
1057 2680 1091 2722 τε

81 2746 182 2828 αῦτδς
195 2748 238 2817 τά
251 2774 313 2839 περ
326 2748 426 2831 αῦτδς
441 2752 598 2841 ἐκτήσαο,
619 2754 776 2823 ἐπίστασό
790 2779 826 2823 τε
840 2752 925 2823 εἶναι
939 2757 1003 2824 αίεδ
1017 2781 1087 2844 τοι·

80 2857 195 2929 οῦτος·
215 2846 257 2917 ού
268 2850 333 2937 γάρ
344 2876 396 2919 τοι
407 2858 510 2919 ταῦτα
525 2858 678 2921 ποιεῦντι
689 2851 766 2922 οῦτε
777 2855 810 2933 ἐς
821 2850 858 2921 τδ
870 2850 998 2943 παρεὸν
1009 2852 1088 2922 υῦτε

79 2952 113 3029 ἐς
125 2947 250 3037 χρόνον
264 2947 489 3036 μεταμελήσει.

167 3052 280 3115 Ταῦτα
294 3048 330 3117 δὲ
341 3057 435 3127 είπας
445 3052 501 3118 καὶ
515 3054 663 3121 ἐπιτελέα
673 3049 815 3138 ποιήσας
828 3051 1006 3139 ἐπορεύετο
1021 3053 1085 3119 αίελ
1099 3068 1133 3123 30

79 3146 117 3215 τό
132 3144 257 3231 πρόσω.
277 3144 407 3215 ’Ἀυαυα
422 3146 459 3216 δὲ
473 3152 680 3238 καλεομένην
694 3155 841 3239 Φρυγῶν
857 3148 958 3220 πόλιν
975 3173 1086 3235 παρα-

78 3245 277 3335 μειβόμενος
292 3249 347 3314 καὶ
359 3252 491 3335 λίμνην,
510 3251 546 3317 ἐκ
560 3256 617 3337 τῆς
632 3248 709 3330 άλες
725 3256 886 3337 γίνονται,
902 3245 1037 3318 ἀπίκετο
1052 3251 1085 3328 ἐς

79 3339 255 3423 Κολοσσάς
269 3342 369 3413 πόλιν
382 3346 533 3433 μεγάλην
544 3355 703 3437 Φρυγίης,
715 3351 752 3417 ἐν
761 3349 801 3437 τῇ
812 3347 929 3429 Λύκος
938 3345 1085 3434 ποταμός

81 3444 113 3521 ἐς
125 3441 236 3529 χάσμα
248 3447 309 3529 γής
324 3444 495 3531 ἐσβάλλων
511 3443 713 3537 ἀφανίζεται,
729 3451 858 3516 ἔπειτεν
870 3444 925 3516 διά
940 3450 1084 3516 σταδίων
