2500 3925
177 252 238 318 178
551 263 804 324 HERODOTI

172 413 232 495 τάς
245 414 355 498 δεξιάς
375 423 556 507 παρηίδας,
579 423 739 490 έπνθέντα
760 425 797 492 δὲ
817 423 878 493 τὸν
901 429 1007 494 νέκυν
1032 427 1088 494 έπί
1108 422 1196 505 τούς

122 529 127 536 “
172 512 274 593 ὅνους
288 512 493 585 άπελαύυειν
512 515 565 586 ἐπ’
581 527 696 607 ολκου,
720 522 951 593 ἐπιτελέσαντα
968 531 1009 616 τῇ
1023 527 1129 614 μητρὶ
1152 525 1194 594 τά

55 643 60 651 ·
145 617 432 702 επροσταχθέντα.
481 612 551 684 Τόν
571 615 608 685 δέ
623 620 778 707 βασιλέα,
801 618 845 699 ῶς
868 619 959 713 αὐτῷ
985 620 1195 711 ἀπηγγέλθη

171 719 232 781 τοῦ
248 711 391 800 φωρόςὸ
404 717 503 794 νέκυς
518 719 792 805 ἐκκεκλεμμένος,
815 723 910 788 δεινα
925 721 1069 807 ποιέειν,
1094 721 1195 790 πάν-

171 839 235 893 τως
252 812 289 883 δέ
309 813 521 901 βουλόμενον
542 811 726 902 εὑρεθῆναι
747 814 839 897 ὅστις
863 817 939 888 κοτέ
959 828 1010 906 είη
1034 818 1053 887 ὁ
1076 827 1193 888 ταῦτα

171 911 430 1003 μηχανεόμενος,
458 921 599 1002 ποιῆσαί
619 941 680 1003 μιν
704 916 801 1005 τάδε,
823 919 896 1005 έμοί
915 918 979 1004 μέν
998 915 1041 986 οὐ
1062 918 1192 987 πιστά·

168 1012 230 1102 τήν
246 1016 418 1101 θυγατέρα
432 1012 495 1100 τήν
509 1017 638 1082 ἑαυτοῦ
652 1022 783 1084 κατίσαι
797 1013 851 1084 ἐπ’
867 1016 1056 1105 οἰκήματος,
1075 1019 1192 1085 έντει-

168 1113 314 1200 λάμενον
329 1112 455 1191 πάντας
465 1137 501 1181 τε
514 1110 637 1199 ὁμοίως
647 1117 910 1201 προσδέκεσθαι,
928 1117 983 1183 καί
997 1117 1081 1201 πρίν
1096 1135 1192 1202 συγ-
1241 1173 1243 1206 ,

167 1214 342 1298 γενέσθαι,
376 1209 576 1298 ἀναγκάζειν
596 1213 707 1296 λέγειν
722 1209 808 1300 αὐτῇ
827 1210 848 1280 ό
866 1238 899 1280 τι
920 1209 961 1300 δή
984 1214 1023 1280 έν
1045 1217 1096 1302 τῷ
1120 1220 1192 1303 βίμ
1242 1209 1243 1212 “

167 1315 323 1395 ἔργασται
342 1305 433 1399 αύτῷ
453 1307 651 1394 σοφάτατου
677 1312 731 1379 καί
751 1307 996 1398 άνοσιάτατον,
1018 1308 1057 1390 ὃς
1076 1308 1111 1379 δ’
1144 1307 1191 1380 άκ
1242 1343 1243 1346 “

166 1403 375 1495 άπηγήσηται
385 1403 426 1474 τά
437 1410 513 1491 περί
527 1404 588 1474 τόν
602 1415 701 1493 φῶρα
713 1410 937 1495 γεγενημένα,
952 1415 1078 1476 τοῦτον
1094 1416 1192 1476 συλ-

164 1504 349 1592 λαμβάνειν
362 1509 416 1574 ιιαί
431 1503 475 1592 μή
491 1502 624 1572 άπιέναι
640 1509 711 1586 έξω.
742 1504 787 1585 ὡς
800 1506 837 1574 δέ
852 1504 915 1593 τήν
928 1509 1032 1573 παῖδα
1046 1505 1190 1574 ποιέειν

164 1600 204 1671 τά
221 1606 257 1671 έκ
272 1611 333 1673 τοῦ
352 1601 478 1691 πατρός
491 1606 759 1690 προσταχθέντα,
779 1602 841 1672 τόν
858 1610 956 1691 φῶρα
971 1600 1189 1688 πυθόμενον

165 1709 232 1770 τῶν
247 1707 375 1773 εἵνεκεν
391 1709 495 1771 ταῦτα
509 1700 708 1790 ἐπρήσσετο,
729 1705 943 1790 βουληθέντα
965 1709 1189 1791 πολυτροπίῃ

162 1809 223 1869 τοῦ
237 1801 389 1889 βασιλέος
404 1800 642 1886 περιγενέσθαι
658 1801 785 1867 ποιέειν
798 1799 894 1874 τάδε·
924 1804 1051 1886 νεκροῦ,
1067 1817 1189 1886 προσ-

163 1898 273 1986 φάτου
293 1896 507 1986 ἀποταμόντα
527 1899 565 1966 έν
588 1903 635 1988 τῷ
662 1895 740 1988 άμφ
759 1895 821 1985 τήν
840 1909 935 1984 χείρα
955 1897 1043 1965 ίέναι
1068 1891 1188 1964 αὐτὸν

160 2009 277 2090 ἔχοντα
295 1999 404 2088 αύτήν
420 1994 489 2069 ύπό
507 2005 554 2091 τῷ
579 2003 715 2091 έματίφ,
742 1996 925 2067 έσελθόντα
948 1992 988 2063 δέ
1005 1992 1096 2082 πρὸς
1119 1997 1188 2063 τοῦ

159 2101 311 2187 βασιλέος
328 2100 391 2188 τήν
406 2102 579 2190 θυγατέρα
602 2099 660 2167 καί
677 2096 917 2188 είροτεόμενυν
934 2093 1040 2183 τάπερ
1066 2094 1134 2163 καὶ
1154 2097 1189 2163 οί
1240 2158 1241 2167 ,

158 2199 270 2288 ἄλλοι,
292 2198 530 2286 ἀπηγήσασθαι
551 2194 596 2275 ῶς
609 2194 837 2264 άνοσιάτατου
853 2196 916 2279 μέν
931 2202 981 2277 είη
1003 2192 1185 2277 έργασμέ-
1239 2258 1240 2281 ,

158 2321 232 2384 νος,
261 2294 316 2364 ὅτε
340 2303 401 2364 τοῦ
418 2293 585 2381 ἀδελφεοῦ
611 2296 650 2363 έν
670 2300 717 2383 τῷ
739 2299 903 2383 θησαυρῷ
928 2297 989 2359 τοῶ
1012 2290 1185 2377 βασιλέος

157 2391 224 2462 ὑπό
239 2391 348 2480 πάγης
363 2392 504 2472 ἁλόντος
518 2391 685 2478 άποτάμοι
698 2389 760 2477 τήν
774 2388 943 2479 κεφαλήν,
966 2387 1184 2476 σοφώτατον
1237 2456 1238 2489 ¹

157 2490 211 2572 δέ,
241 2489 292 2559 ότι
315 2488 395 2570 τούς
420 2490 595 2577 φυλάκους
619 2487 856 2575 καταμεθύσας
880 2487 1083 2558 καταλύσειε
1112 2493 1184 2554 τοῦ
1220 2490 1238 2559 ,ε

155 2582 323 2671 άδελφεοῦ
338 2587 547 2673 κρεμαμένου
573 2582 634 2652 τόν
658 2585 770 2652 νέκυν.
803 2583 866 2672 τήν
883 2585 938 2669 δέ,
967 2582 1013 2663 ὡς
1027 2580 1183 2673 ήκουσε,
1230 2558 1237 2641 έ

155 2678 322 2750 ἅπτεσθαι
336 2678 457 2749 αὐτοῦ·
489 2677 551 2749 τόν
570 2680 608 2749 δέ
622 2687 721 2768 φῶρα
741 2682 778 2749 έν
798 2687 845 2771 τῷ
862 2680 976 2749 σκότει
990 2695 1184 2768 προτεῖναι
1235 2648 1236 2728 έ

155 2773 239 2866 αὐτῇ
252 2785 313 2847 τοῦ
328 2785 453 2867 νεκροῦ
465 2776 529 2866 τήν
540 2792 650 2866 χεῖρα·
670 2776 733 2866 τήν
747 2778 784 2846 δὲ
798 2781 1049 2867 ἐπιλαβομένην
1067 2786 1184 2880 ἔχειν,

154 2879 357 2960 νομίζουσαν
378 2874 484 2944 αὐτοῦ
504 2878 636 2945 ἐκείνου
656 2884 713 2963 τῆς
732 2874 843 2963 χειρός
862 2874 1086 2963 ἀντέχεσθαι·
1115 2881 1186 2953 τὸυ

154 2971 192 3038 δὲ
213 2977 312 3057 φῶρα
338 2977 526 3059 προέμενον
548 2972 633 3063 αὐτῇ
656 2983 807 3059 οίχεσθαι
835 2972 891 3043 διὰ
912 2978 1059 3064 θυρέων
1082 2982 1188 3066 φεύ-

126 3077 265 3154 ζγοντα.
305 3067 364 3149 Ὡς
377 3068 415 3139 δέ
435 3073 492 3140 καί
511 3080 614 3141 ταῦτα
635 3075 668 3152 ές
681 3071 741 3141 τόν
754 3079 894 3161 βασιλέα
909 3073 1186 3173 άνενηνελχθαι,

155 3167 381 3251 ἐκπεπλῆχθαι
394 3166 457 3252 μὲν
470 3170 524 3237 έπί
537 3175 577 3257 τῇ
591 3170 834 3261 πολυφροσύνῃ
849 3198 884 3241 τε
895 3174 1075 3266 καίτόλμη
1090 3178 1187 3251 τάν-

154 3259 315 3347 θράπου,
347 3262 441 3341 τέλος
465 3265 503 3330 δὲ
526 3267 753 3352 διαπέμποντα
779 3270 813 3348 ές
844 3258 954 3350 πάσας
980 3270 1044 3352 τὰς
1073 3276 1186 3359 πόλις

155 3357 417 3440 ἐπαγγέλλεσθαι
429 3357 544 3426 άδειαν
563 3387 599 3428 τε
619 3361 755 3431 διδόντα
776 3368 832 3433 καί
846 3365 978 3452 μεγάλα
995 3366 1187 3445 ὑποδεκό-

153 3474 258 3535 μενον
272 3450 408 3519 έλθόυτι
418 3455 453 3532 ές
463 3452 544 3535 ὅφιν
553 3455 615 3543 τήν
626 3460 768 3527 ἑαυτοῦ·
790 3460 850 3531 τὸν
862 3464 899 3533 δέ
910 3472 1015 3555 φῶρα
1028 3475 1185 3544 πιστεύ-
