<?xml version="1.0" encoding="UTF-8"?>
<!DOCTYPE html PUBLIC "-//W3C//DTD XHTML 1.0 Transitional//EN"
    "http://www.w3.org/TR/xhtml1/DTD/xhtml1-transitional.dtd">
<html xmlns="http://www.w3.org/1999/xhtml" xml:lang="en" lang="en">
 <head>
  <title>
</title>
<meta http-equiv="Content-Type" content="text/html;charset=utf-8" />
  <meta name='ocr-system' content='tesseract 3.04.00' />
  <meta name='ocr-capabilities' content='ocr_page ocr_carea ocr_par ocr_line ocrx_word'/>
</head>
<body>
  <div class='ocr_page' id='page_1' title='image "./herodotihistori00dietgoog_0150.png"; bbox 0 0 2500 3925; ppageno 0'>
   <div class='ocr_carea' id='block_1_1' title="bbox 139 262 768 328">
    <p class='ocr_par' dir='ltr' id='par_1_1' title="bbox 139 262 768 328">
     <span class='ocr_line' id='line_1_1' title="bbox 139 262 768 328; baseline -0.014 0"><span class='ocrx_word' id='word_1_1' title='bbox 139 264 200 328; x_wconf 76' lang='lat'><strong><em>146</em></strong></span> <span class='ocrx_word' id='word_1_2' title='bbox 516 262 768 322; x_wconf 67' lang='lat' dir='ltr'>flnssonom</span> 
     </span>
    </p>
   </div>
   <div class='ocr_carea' id='block_1_2' title="bbox 83 417 1242 3896">
    <p class='ocr_par' dir='ltr' id='par_1_2' title="bbox 83 417 1242 3896">
     <span class='ocr_line' id='line_1_2' title="bbox 137 417 1145 515; baseline -0.006 -19"><span class='ocrx_word' id='word_1_3' title='bbox 137 432 199 515; x_wconf 72' lang='grc' dir='ltr'><strong><em>μὲν</em></strong></span> <span class='ocrx_word' id='word_1_4' title='bbox 213 431 269 496; x_wconf 83' lang='grc' dir='ltr'><strong><em>καλ</em></strong></span> <span class='ocrx_word' id='word_1_5' title='bbox 288 421 530 513; x_wconf 75' lang='grc' dir='ltr'><strong><em>προθυμότατα</em></strong></span> <span class='ocrx_word' id='word_1_6' title='bbox 550 423 584 501; x_wconf 74' lang='grc' dir='ltr'><strong><em>ἐς</em></strong></span> <span class='ocrx_word' id='word_1_7' title='bbox 596 420 789 508; x_wconf 80' lang='grc' dir='ltr'><strong><em>Βούβαστιν</em></strong></span> <span class='ocrx_word' id='word_1_8' title='bbox 803 421 904 490; x_wconf 86' lang='grc' dir='ltr'><strong><em>πόλιν</em></strong></span> <span class='ocrx_word' id='word_1_9' title='bbox 917 429 957 509; x_wconf 79' lang='grc' dir='ltr'><strong><em>τῇ</em></strong></span> <span class='ocrx_word' id='word_1_10' title='bbox 967 417 1145 510; x_wconf 76' lang='grc' dir='ltr'><strong><em>Ἀρτέμιδι,</em></strong></span> 
     </span>
     <span class='ocr_line' id='line_1_3' title="bbox 138 518 1146 611; baseline -0.006 -17"><span class='ocrx_word' id='word_1_11' title='bbox 138 527 277 611; x_wconf 86' lang='grc' dir='ltr'><strong><em>δεύτερα</em></strong></span> <span class='ocrx_word' id='word_1_12' title='bbox 297 527 330 604; x_wconf 80' lang='grc' dir='ltr'><strong><em>ἐς</em></strong></span> <span class='ocrx_word' id='word_1_13' title='bbox 343 522 507 609; x_wconf 78' lang='grc' dir='ltr'><strong><em>Βούσιριν</em></strong></span> <span class='ocrx_word' id='word_1_14' title='bbox 520 520 622 589; x_wconf 84' lang='grc' dir='ltr'><strong><em>πόλιν</em></strong></span> <span class='ocrx_word' id='word_1_15' title='bbox 638 527 679 609; x_wconf 82' lang='grc' dir='ltr'><strong><em>τῇ</em></strong></span> <span class='ocrx_word' id='word_1_16' title='bbox 693 519 774 589; x_wconf 84' lang='grc' dir='ltr'><strong><em>Ἴσι·</em></strong></span> <span class='ocrx_word' id='word_1_17' title='bbox 797 523 834 588; x_wconf 80' lang='grc' dir='ltr'><strong><em>ἐν</em></strong></span> <span class='ocrx_word' id='word_1_18' title='bbox 848 519 952 609; x_wconf 86' lang='grc' dir='ltr'><strong><em>ταύτη</em></strong></span> <span class='ocrx_word' id='word_1_19' title='bbox 967 518 1032 607; x_wconf 85' lang='grc' dir='ltr'><strong><em>γάρ</em></strong></span> <span class='ocrx_word' id='word_1_20' title='bbox 1047 519 1088 608; x_wconf 79' lang='grc' dir='ltr'><strong><em>δὴ</em></strong></span> <span class='ocrx_word' id='word_1_21' title='bbox 1101 527 1146 610; x_wconf 80' lang='grc' dir='ltr'><strong><em>τῇ</em></strong></span> 
     </span>
     <span class='ocr_line' id='line_1_4' title="bbox 135 616 1145 709; baseline -0.005 -16"><span class='ocrx_word' id='word_1_22' title='bbox 135 623 214 693; x_wconf 87' lang='grc' dir='ltr'><strong><em>πόλι</em></strong></span> <span class='ocrx_word' id='word_1_23' title='bbox 229 626 296 692; x_wconf 76' lang='grc' dir='ltr'><strong><em>ἐστὶ</em></strong></span> <span class='ocrx_word' id='word_1_24' title='bbox 310 618 489 709; x_wconf 77' lang='grc' dir='ltr'><strong><em>μέγιστον”</em></strong></span> <span class='ocrx_word' id='word_1_25' title='bbox 483 628 575 699; x_wconf 87' lang='grc' dir='ltr'><strong><em>Ισιος</em></strong></span> <span class='ocrx_word' id='word_1_26' title='bbox 590 617 684 706; x_wconf 89' lang='grc' dir='ltr'><strong><em>ίρὸν,</em></strong></span> <span class='ocrx_word' id='word_1_27' title='bbox 705 621 838 705; x_wconf 76' lang='grc' dir='ltr'><strong><em>ἵδρυται</em></strong></span> <span class='ocrx_word' id='word_1_28' title='bbox 855 616 925 687; x_wconf 42' lang='grc' dir='ltr'><strong><em>δὲ(</em></strong></span> <span class='ocrx_word' id='word_1_29' title='bbox 908 647 929 706; x_wconf 88' lang='grc' dir='ltr'><strong><em>η</em></strong></span> <span class='ocrx_word' id='word_1_30' title='bbox 947 617 1043 698; x_wconf 81' lang='grc' dir='ltr'><strong><em>πόλις</em></strong></span> <span class='ocrx_word' id='word_1_31' title='bbox 1058 618 1145 706; x_wconf 85' lang='grc' dir='ltr'><strong><em>αῦτη</em></strong></span> 
     </span>
     <span class='ocr_line' id='line_1_5' title="bbox 133 711 1141 810; baseline -0.007 -19"><span class='ocrx_word' id='word_1_32' title='bbox 133 731 191 810; x_wconf 84' lang='grc' dir='ltr'><strong><em>τῆς</em></strong></span> <span class='ocrx_word' id='word_1_33' title='bbox 204 721 381 807; x_wconf 76' lang='grc' dir='ltr'><strong><em>Αἰγύπτου</em></strong></span> <span class='ocrx_word' id='word_1_34' title='bbox 394 721 432 787; x_wconf 76' lang='grc' dir='ltr'><strong><em>ἐν</em></strong></span> <span class='ocrx_word' id='word_1_35' title='bbox 445 721 581 810; x_wconf 77' lang='grc' dir='ltr'><strong><em>μέσρι</em></strong></span> <span class='ocrx_word' id='word_1_36' title='bbox 548 745 594 786; x_wconf 87' lang='grc' dir='ltr'><strong><em>τω</em></strong></span> <span class='ocrx_word' id='word_1_37' title='bbox 581 719 738 803; x_wconf 82' lang='grc' dir='ltr'><strong><em>Δέλτα,</em></strong></span> <span class='ocrx_word' id='word_1_38' title='bbox 754 711 839 795; x_wconf 86' lang='grc' dir='ltr'><strong><em>Ισις</em></strong></span> <span class='ocrx_word' id='word_1_39' title='bbox 848 721 886 807; x_wconf 82' lang='grc' dir='ltr'><strong><em>δέ</em></strong></span> <span class='ocrx_word' id='word_1_40' title='bbox 898 721 967 786; x_wconf 76' lang='grc' dir='ltr'><strong><em>ἐστι</em></strong></span> <span class='ocrx_word' id='word_1_41' title='bbox 981 716 1065 786; x_wconf 86' lang='grc' dir='ltr'><strong><em>κατά</em></strong></span> <span class='ocrx_word' id='word_1_42' title='bbox 1080 715 1141 805; x_wconf 81' lang='grc' dir='ltr'><strong><em>τὴν</em></strong></span> 
     </span>
     <span class='ocr_line' id='line_1_6' title="bbox 126 786 1240 928; baseline -0.008 -38"><span class='ocrx_word' id='word_1_43' title='bbox 126 819 297 928; x_wconf 81' lang='grc' dir='ltr'><strong><em>Ἑλλήνων</em></strong></span> <span class='ocrx_word' id='word_1_44' title='bbox 309 824 467 906; x_wconf 86' lang='grc' dir='ltr'><strong><em>γλασσαν</em></strong></span> <span class='ocrx_word' id='word_1_45' title='bbox 480 786 655 903; x_wconf 81' lang='grc' dir='ltr'><strong><em>Δημήτηρ</em></strong></span> <span class='ocrx_word' id='word_1_46' title='bbox 679 812 819 902; x_wconf 88' lang='grc' dir='ltr'><strong><em>τρίταδ’</em></strong></span> <span class='ocrx_word' id='word_1_47' title='bbox 836 818 869 894; x_wconf 79' lang='grc' dir='ltr'><strong><em>ἐς</em></strong></span> <span class='ocrx_word' id='word_1_48' title='bbox 883 814 973 884; x_wconf 77' lang='grc' dir='ltr'><strong><em>Σάιν</em></strong></span> <span class='ocrx_word' id='word_1_49' title='bbox 988 813 1088 884; x_wconf 87' lang='grc' dir='ltr'><strong><em>πάλιν</em></strong></span> <span class='ocrx_word' id='word_1_50' title='bbox 1101 821 1142 903; x_wconf 81' lang='grc' dir='ltr'><strong><em>τῇ</em></strong></span> <span class='ocrx_word' id='word_1_51' title='bbox 1239 839 1240 848; x_wconf 66' lang='grc'>’</span> 
     </span>
     <span class='ocr_line' id='line_1_7' title="bbox 128 905 1242 1007; baseline -0.007 -20.949"><span class='ocrx_word' id='word_1_52' title='bbox 128 905 290 1007; x_wconf 78' lang='grc' dir='ltr'><strong><em>Ἀθηναίῃ</em></strong></span> <span class='ocrx_word' id='word_1_53' title='bbox 305 921 587 1003; x_wconf 78' lang='grc' dir='ltr'><strong><em>πανηγυρίζουσι,</em></strong></span> <span class='ocrx_word' id='word_1_54' title='bbox 604 917 791 1001; x_wconf 81' lang='grc' dir='ltr'><strong><em>τέταρταδὲ</em></strong></span> <span class='ocrx_word' id='word_1_55' title='bbox 806 913 857 994; x_wconf 81' lang='grc' dir='ltr'><strong><em>ἐς</em></strong></span> <span class='ocrx_word' id='word_1_56' title='bbox 856 922 965 984; x_wconf 87' lang='grc' dir='ltr'><strong><em>Ηλίου</em></strong></span> <span class='ocrx_word' id='word_1_57' title='bbox 978 913 1080 983; x_wconf 88' lang='grc' dir='ltr'><strong><em>πόλιν</em></strong></span> <span class='ocrx_word' id='word_1_58' title='bbox 1094 918 1141 1004; x_wconf 77' lang='grc' dir='ltr'><strong><em>τῷ</em></strong></span> <span class='ocrx_word' id='word_1_59' title='bbox 1241 975 1242 978; x_wconf 74' lang='grc'><strong><em>,</em></strong></span> 
     </span>
     <span class='ocr_line' id='line_1_8' title="bbox 125 981 1141 1105; baseline -0.006 -20.958"><span class='ocrx_word' id='word_1_60' title='bbox 125 1014 242 1105; x_wconf 78' lang='grc' dir='ltr'><strong><em>Ἡλίῳ,</em></strong></span> <span class='ocrx_word' id='word_1_61' title='bbox 264 1020 395 1102; x_wconf 80' lang='grc' dir='ltr'><strong><em>πέμπτα</em></strong></span> <span class='ocrx_word' id='word_1_62' title='bbox 416 1018 453 1082; x_wconf 73' lang='grc' dir='ltr'><strong><em>δὲ</em></strong></span> <span class='ocrx_word' id='word_1_63' title='bbox 469 1017 502 1093; x_wconf 78' lang='grc' dir='ltr'><strong><em>ἐς</em></strong></span> <span class='ocrx_word' id='word_1_64' title='bbox 514 1021 671 1084; x_wconf 81' lang='grc' dir='ltr'><strong><em>Βουτοῦν</em></strong></span> <span class='ocrx_word' id='word_1_65' title='bbox 691 1013 793 1084; x_wconf 89' lang='grc' dir='ltr'><strong><em>πόλιν</em></strong></span> <span class='ocrx_word' id='word_1_66' title='bbox 807 1042 847 1103; x_wconf 86' lang='grc' dir='ltr'><strong><em>τη</em></strong></span> <span class='ocrx_word' id='word_1_67' title='bbox 833 1016 1027 1102; x_wconf 81' lang='grc' dir='ltr'><strong><em>Λητοῖ,”</em></strong></span> <span class='ocrx_word' id='word_1_68' title='bbox 1006 1039 1084 1082; x_wconf 89' lang='grc' dir='ltr'><strong><em>εκτα</em></strong></span> <span class='ocrx_word' id='word_1_69' title='bbox 1104 981 1141 1078; x_wconf 75' lang='grc' dir='ltr'><strong><em>δὲ</em></strong></span> 
     </span>
     <span class='ocr_line' id='line_1_9' title="bbox 87 1111 1140 1205; baseline -0.007 -20"><span class='ocrx_word' id='word_1_70' title='bbox 87 1131 122 1185; x_wconf 84' lang='lat'><strong><em>60</em></strong></span> <span class='ocrx_word' id='word_1_71' title='bbox 132 1119 165 1194; x_wconf 83' lang='grc' dir='ltr'><strong><em>ἐς</em></strong></span> <span class='ocrx_word' id='word_1_72' title='bbox 176 1114 360 1203; x_wconf 87' lang='grc' dir='ltr'><strong><em>Παπρημιυ</em></strong></span> <span class='ocrx_word' id='word_1_73' title='bbox 380 1113 481 1183; x_wconf 89' lang='grc' dir='ltr'><strong><em>πόλιν</em></strong></span> <span class='ocrx_word' id='word_1_74' title='bbox 504 1121 550 1205; x_wconf 78' lang='grc' dir='ltr'><strong><em>τῷ</em></strong></span> <span class='ocrx_word' id='word_1_75' title='bbox 567 1112 668 1201; x_wconf 70' lang='grc' dir='ltr'><strong><em>Ἄρεϊ.</em></strong></span> <span class='ocrx_word' id='word_1_76' title='bbox 710 1111 761 1193; x_wconf 80' lang='grc' dir='ltr'><strong><em>Ἐς</em></strong></span> <span class='ocrx_word' id='word_1_77' title='bbox 778 1118 842 1201; x_wconf 77' lang='grc' dir='ltr'><strong><em>μέν</em></strong></span> <span class='ocrx_word' id='word_1_78' title='bbox 861 1141 928 1182; x_wconf 90' lang='grc' dir='ltr'><strong><em>νυν</em></strong></span> <span class='ocrx_word' id='word_1_79' title='bbox 948 1112 1140 1200; x_wconf 77' lang='grc' dir='ltr'><strong><em>Βούβαστιν</em></strong></span> 
     </span>
     <span class='ocr_line' id='line_1_10' title="bbox 130 1211 1140 1300; baseline -0.006 -16"><span class='ocrx_word' id='word_1_80' title='bbox 130 1217 231 1286; x_wconf 91' lang='grc' dir='ltr'><strong><em>πόλιν</em></strong></span> <span class='ocrx_word' id='word_1_81' title='bbox 253 1212 356 1283; x_wconf 82' lang='grc' dir='ltr'><strong><em>ἐπεάν</em></strong></span> <span class='ocrx_word' id='word_1_82' title='bbox 379 1219 594 1300; x_wconf 87' lang='grc' dir='ltr'><strong><em>κομίζωνται,</em></strong></span> <span class='ocrx_word' id='word_1_83' title='bbox 607 1219 749 1281; x_wconf 86' lang='grc' dir='ltr'><strong><em>ποιεῦσι</em></strong></span> <span class='ocrx_word' id='word_1_84' title='bbox 769 1213 899 1282; x_wconf 89' lang='grc' dir='ltr'><strong><em>τοιάδε·</em></strong></span> <span class='ocrx_word' id='word_1_85' title='bbox 932 1211 1087 1283; x_wconf 82' lang='grc' dir='ltr'><strong><em>πλάουσί</em></strong></span> <span class='ocrx_word' id='word_1_86' title='bbox 1102 1235 1140 1279; x_wconf 87' lang='grc' dir='ltr'><strong><em>τε</em></strong></span> 
     </span>
     <span class='ocr_line' id='line_1_11' title="bbox 130 1311 1138 1402; baseline -0.004 -21"><span class='ocrx_word' id='word_1_87' title='bbox 130 1313 195 1400; x_wconf 85' lang='grc' dir='ltr'><strong><em>γάρ</em></strong></span> <span class='ocrx_word' id='word_1_88' title='bbox 211 1311 252 1402; x_wconf 77' lang='grc' dir='ltr'><strong><em>δὴ</em></strong></span> <span class='ocrx_word' id='word_1_89' title='bbox 268 1312 337 1400; x_wconf 78' lang='grc' dir='ltr'><strong><em>ἅμα</em></strong></span> <span class='ocrx_word' id='word_1_90' title='bbox 351 1311 472 1400; x_wconf 84' lang='grc' dir='ltr'><strong><em>ἀνδρες</em></strong></span> <span class='ocrx_word' id='word_1_91' title='bbox 484 1314 635 1400; x_wconf 79' lang='grc' dir='ltr'><strong><em>γυναιξί,</em></strong></span> <span class='ocrx_word' id='word_1_92' title='bbox 656 1315 713 1380; x_wconf 83' lang='grc' dir='ltr'><strong><em>καλ</em></strong></span> <span class='ocrx_word' id='word_1_93' title='bbox 727 1311 855 1381; x_wconf 91' lang='grc' dir='ltr'><strong><em>πολλόν</em></strong></span> <span class='ocrx_word' id='word_1_94' title='bbox 870 1338 901 1380; x_wconf 93' lang='grc' dir='ltr'><strong><em>τι</em></strong></span> <span class='ocrx_word' id='word_1_95' title='bbox 915 1319 1046 1400; x_wconf 84' lang='grc' dir='ltr'><strong><em>πλῆθος</em></strong></span> <span class='ocrx_word' id='word_1_96' title='bbox 1060 1313 1138 1398; x_wconf 56' lang='lat' dir='ltr'><strong><em>§auf</em></strong></span> 
     </span>
     <span class='ocr_line' id='line_1_12' title="bbox 129 1407 1137 1499; baseline -0.004 -19"><span class='ocrx_word' id='word_1_97' title='bbox 129 1416 236 1499; x_wconf 73' lang='grc' dir='ltr'><strong><em>τάρων</em></strong></span> <span class='ocrx_word' id='word_1_98' title='bbox 250 1414 288 1479; x_wconf 77' lang='grc' dir='ltr'><strong><em>ἐν</em></strong></span> <span class='ocrx_word' id='word_1_99' title='bbox 302 1411 423 1498; x_wconf 84' lang='grc' dir='ltr'><strong><em>ἑκάστη</em></strong></span> <span class='ocrx_word' id='word_1_100' title='bbox 439 1409 536 1497; x_wconf 88' lang='grc' dir='ltr'><strong><em>βάρι·</em></strong></span> <span class='ocrx_word' id='word_1_101' title='bbox 558 1413 596 1477; x_wconf 87' lang='grc' dir='ltr'><strong><em>αί</em></strong></span> <span class='ocrx_word' id='word_1_102' title='bbox 606 1411 669 1495; x_wconf 81' lang='grc' dir='ltr'><strong><em>μέν</em></strong></span> <span class='ocrx_word' id='word_1_103' title='bbox 684 1434 773 1487; x_wconf 87' lang='grc' dir='ltr'><strong><em>τινες</em></strong></span> <span class='ocrx_word' id='word_1_104' title='bbox 786 1417 854 1478; x_wconf 78' lang='grc' dir='ltr'><strong><em>τῶν</em></strong></span> <span class='ocrx_word' id='word_1_105' title='bbox 870 1417 1043 1495; x_wconf 76' lang='grc' dir='ltr'><strong><em>γυναικῶν</em></strong></span> <span class='ocrx_word' id='word_1_106' title='bbox 1056 1407 1137 1496; x_wconf 88' lang='grc' dir='ltr'><strong><em>κρό-</em></strong></span> 
     </span>
     <span class='ocr_line' id='line_1_13' title="bbox 130 1508 1242 1599; baseline -0.002 -19"><span class='ocrx_word' id='word_1_107' title='bbox 130 1522 212 1581; x_wconf 88' lang='grc' dir='ltr'><strong><em>ταλα</em></strong></span> <span class='ocrx_word' id='word_1_108' title='bbox 228 1518 362 1599; x_wconf 75' lang='grc' dir='ltr'><strong><em>ἔχουσαι</em></strong></span> <span class='ocrx_word' id='word_1_109' title='bbox 377 1516 625 1595; x_wconf 76' lang='grc' dir='ltr'><strong><em>κροταλίζουσι,</em></strong></span> <span class='ocrx_word' id='word_1_110' title='bbox 648 1515 682 1580; x_wconf 82' lang='grc' dir='ltr'><strong><em>ολ</em></strong></span> <span class='ocrx_word' id='word_1_111' title='bbox 698 1511 734 1579; x_wconf 78' lang='grc' dir='ltr'><strong><em>δὲ</em></strong></span> <span class='ocrx_word' id='word_1_112' title='bbox 755 1508 915 1580; x_wconf 82' lang='grc' dir='ltr'><strong><em>αύλέουσι</em></strong></span> <span class='ocrx_word' id='word_1_113' title='bbox 929 1509 1012 1580; x_wconf 86' lang='grc' dir='ltr'><strong><em>κατά</em></strong></span> <span class='ocrx_word' id='word_1_114' title='bbox 1028 1509 1137 1580; x_wconf 84' lang='grc' dir='ltr'><strong><em>πάντα</em></strong></span> <span class='ocrx_word' id='word_1_115' title='bbox 1241 1573 1242 1594; x_wconf 61' lang='grc'><strong><em>,</em></strong></span> 
     </span>
     <span class='ocr_line' id='line_1_14' title="bbox 131 1610 1137 1699; baseline -0.001 -17"><span class='ocrx_word' id='word_1_116' title='bbox 131 1614 189 1683; x_wconf 85' lang='grc' dir='ltr'><strong><em>τὸν</em></strong></span> <span class='ocrx_word' id='word_1_117' title='bbox 210 1611 334 1698; x_wconf 86' lang='grc' dir='ltr'><strong><em>πλόον,</em></strong></span> <span class='ocrx_word' id='word_1_118' title='bbox 356 1616 393 1679; x_wconf 85' lang='grc' dir='ltr'><strong><em>αί</em></strong></span> <span class='ocrx_word' id='word_1_119' title='bbox 412 1614 448 1679; x_wconf 76' lang='grc' dir='ltr'><strong><em>δὲ</em></strong></span> <span class='ocrx_word' id='word_1_120' title='bbox 467 1616 580 1681; x_wconf 80' lang='grc' dir='ltr'><strong><em>λοιπαὶ</em></strong></span> <span class='ocrx_word' id='word_1_121' title='bbox 594 1628 752 1699; x_wconf 78' lang='grc' dir='ltr'><strong><em>γυναῖκες</em></strong></span> <span class='ocrx_word' id='word_1_122' title='bbox 772 1616 827 1682; x_wconf 83' lang='grc' dir='ltr'><strong><em>καλ</em></strong></span> <span class='ocrx_word' id='word_1_123' title='bbox 846 1613 967 1696; x_wconf 87' lang='grc' dir='ltr'><strong><em>ἀνδρες</em></strong></span> <span class='ocrx_word' id='word_1_124' title='bbox 986 1610 1137 1681; x_wconf 76' lang='grc' dir='ltr'><strong><em>ἀείδουσι</em></strong></span> 
     </span>
     <span class='ocr_line' id='line_1_15' title="bbox 130 1708 1136 1798; baseline -0.004 -17"><span class='ocrx_word' id='word_1_125' title='bbox 130 1716 184 1782; x_wconf 84' lang='grc' dir='ltr'><strong><em>καλ</em></strong></span> <span class='ocrx_word' id='word_1_126' title='bbox 197 1710 257 1790; x_wconf 86' lang='grc' dir='ltr'><strong><em>τάς</em></strong></span> <span class='ocrx_word' id='word_1_127' title='bbox 268 1725 380 1798; x_wconf 77' lang='grc' dir='ltr'><strong><em>χεῖρας</em></strong></span> <span class='ocrx_word' id='word_1_128' title='bbox 393 1713 578 1797; x_wconf 80' lang='grc' dir='ltr'><strong><em>κροτέουσι.</em></strong></span> <span class='ocrx_word' id='word_1_129' title='bbox 612 1708 716 1778; x_wconf 72' lang='grc' dir='ltr'><strong><em>ἐπεάν</em></strong></span> <span class='ocrx_word' id='word_1_130' title='bbox 731 1712 767 1778; x_wconf 74' lang='grc' dir='ltr'><strong><em>δὲ</em></strong></span> <span class='ocrx_word' id='word_1_131' title='bbox 781 1710 949 1790; x_wconf 79' lang='grc' dir='ltr'><strong><em>κλύοντες</em></strong></span> <span class='ocrx_word' id='word_1_132' title='bbox 962 1710 1047 1778; x_wconf 91' lang='grc' dir='ltr'><strong><em>κατά</em></strong></span> <span class='ocrx_word' id='word_1_133' title='bbox 1060 1736 1136 1778; x_wconf 90' lang='grc' dir='ltr'><strong><em>τινα</em></strong></span> 
     </span>
     <span class='ocr_line' id='line_1_16' title="bbox 129 1807 1136 1898; baseline -0.002 -19"><span class='ocrx_word' id='word_1_134' title='bbox 129 1810 230 1881; x_wconf 88' lang='grc' dir='ltr'><strong><em>πόλιν</em></strong></span> <span class='ocrx_word' id='word_1_135' title='bbox 249 1807 355 1896; x_wconf 86' lang='grc' dir='ltr'><strong><em>ἀλλην</em></strong></span> <span class='ocrx_word' id='word_1_136' title='bbox 375 1810 556 1896; x_wconf 82' lang='grc' dir='ltr'><strong><em>γίνωνται,</em></strong></span> <span class='ocrx_word' id='word_1_137' title='bbox 578 1811 818 1896; x_wconf 67' lang='grc' dir='ltr'><strong><em>ἐγχρίμψαντες</em></strong></span> <span class='ocrx_word' id='word_1_138' title='bbox 839 1808 901 1896; x_wconf 79' lang='grc' dir='ltr'><strong><em>τὴν</em></strong></span> <span class='ocrx_word' id='word_1_139' title='bbox 915 1817 1017 1896; x_wconf 86' lang='grc' dir='ltr'><strong><em>βάριν</em></strong></span> <span class='ocrx_word' id='word_1_140' title='bbox 1038 1817 1079 1898; x_wconf 83' lang='grc' dir='ltr'><strong><em>τῇ</em></strong></span> <span class='ocrx_word' id='word_1_141' title='bbox 1092 1815 1136 1898; x_wconf 76' lang='grc' dir='ltr'><strong><em>γῇ</em></strong></span> 
     </span>
     <span class='ocr_line' id='line_1_17' title="bbox 129 1906 1137 1997; baseline 0.001 -20"><span class='ocrx_word' id='word_1_142' title='bbox 129 1915 262 1978; x_wconf 83' lang='grc' dir='ltr'><strong><em>ποιεῦσι</em></strong></span> <span class='ocrx_word' id='word_1_143' title='bbox 281 1906 411 1977; x_wconf 89' lang='grc' dir='ltr'><strong><em>τοιάδε·</em></strong></span> <span class='ocrx_word' id='word_1_144' title='bbox 434 1911 471 1976; x_wconf 82' lang='grc' dir='ltr'><strong><em>αλ</em></strong></span> <span class='ocrx_word' id='word_1_145' title='bbox 489 1910 552 1994; x_wconf 80' lang='grc' dir='ltr'><strong><em>μέν</em></strong></span> <span class='ocrx_word' id='word_1_146' title='bbox 568 1934 658 1988; x_wconf 90' lang='grc' dir='ltr'><strong><em>τινες</em></strong></span> <span class='ocrx_word' id='word_1_147' title='bbox 670 1914 739 1977; x_wconf 79' lang='grc' dir='ltr'><strong><em>τῶν</em></strong></span> <span class='ocrx_word' id='word_1_148' title='bbox 758 1917 931 1997; x_wconf 73' lang='grc' dir='ltr'><strong><em>γυναικοῖν</em></strong></span> <span class='ocrx_word' id='word_1_149' title='bbox 940 1915 1072 1980; x_wconf 86' lang='grc' dir='ltr'><strong><em>ποιεῦσι</em></strong></span> <span class='ocrx_word' id='word_1_150' title='bbox 1079 1908 1137 1979; x_wconf 86' lang='grc' dir='ltr'><strong><em>τά·</em></strong></span> 
     </span>
     <span class='ocr_line' id='line_1_18' title="bbox 129 2006 1136 2097; baseline -0.005 -18"><span class='ocrx_word' id='word_1_151' title='bbox 129 2037 190 2094; x_wconf 88' lang='grc' dir='ltr'><strong><em>περ</em></strong></span> <span class='ocrx_word' id='word_1_152' title='bbox 213 2020 346 2097; x_wconf 73' lang='grc' dir='ltr'><strong><em>εἴρηκα,</em></strong></span> <span class='ocrx_word' id='word_1_153' title='bbox 368 2013 405 2077; x_wconf 87' lang='grc' dir='ltr'><strong><em>αί</em></strong></span> <span class='ocrx_word' id='word_1_154' title='bbox 430 2008 467 2076; x_wconf 68' lang='grc' dir='ltr'><strong><em>δὲ</em></strong></span> <span class='ocrx_word' id='word_1_155' title='bbox 491 2007 681 2089; x_wconf 75' lang='grc' dir='ltr'><strong><em>τωθάζουσι</em></strong></span> <span class='ocrx_word' id='word_1_156' title='bbox 699 2014 836 2094; x_wconf 90' lang='grc' dir='ltr'><strong><em>βοεῦσαι</em></strong></span> <span class='ocrx_word' id='word_1_157' title='bbox 855 2006 914 2087; x_wconf 83' lang='grc' dir='ltr'><strong><em>τάς</em></strong></span> <span class='ocrx_word' id='word_1_158' title='bbox 939 2012 977 2077; x_wconf 69' lang='grc' dir='ltr'><strong><em>ἐν</em></strong></span> <span class='ocrx_word' id='word_1_159' title='bbox 995 2016 1036 2097; x_wconf 78' lang='grc' dir='ltr'><strong><em>τῇ</em></strong></span> <span class='ocrx_word' id='word_1_160' title='bbox 1055 2006 1136 2076; x_wconf 88' lang='grc' dir='ltr'><strong><em>πόλι</em></strong></span> 
     </span>
     <span class='ocr_line' id='line_1_19' title="bbox 128 2104 1135 2197; baseline -0.002 -20"><span class='ocrx_word' id='word_1_161' title='bbox 128 2110 232 2197; x_wconf 86' lang='grc' dir='ltr'><strong><em>ταύτη</em></strong></span> <span class='ocrx_word' id='word_1_162' title='bbox 256 2122 435 2194; x_wconf 79' lang='grc' dir='ltr'><strong><em>γυναῖκας,</em></strong></span> <span class='ocrx_word' id='word_1_163' title='bbox 457 2111 496 2176; x_wconf 83' lang='grc' dir='ltr'><strong><em>αί</em></strong></span> <span class='ocrx_word' id='word_1_164' title='bbox 518 2106 550 2174; x_wconf 89' lang='grc' dir='ltr'><strong><em>δ’</em></strong></span> <span class='ocrx_word' id='word_1_165' title='bbox 573 2104 762 2194; x_wconf 75' lang='grc' dir='ltr'><strong><em>ὀρχέονται,</em></strong></span> <span class='ocrx_word' id='word_1_166' title='bbox 785 2114 822 2177; x_wconf 78' lang='grc' dir='ltr'><strong><em>αἱ</em></strong></span> <span class='ocrx_word' id='word_1_167' title='bbox 843 2107 875 2177; x_wconf 88' lang='grc' dir='ltr'><strong><em>δ’</em></strong></span> <span class='ocrx_word' id='word_1_168' title='bbox 906 2107 1135 2192; x_wconf 78' lang='grc' dir='ltr'><strong><em>ἀνασύρονται</em></strong></span> 
     </span>
     <span class='ocr_line' id='line_1_20' title="bbox 128 2201 1136 2294; baseline 0 -21"><span class='ocrx_word' id='word_1_169' title='bbox 128 2204 355 2291; x_wconf 87' lang='grc' dir='ltr'><strong><em>ἀνιστάμεναι.</em></strong></span> <span class='ocrx_word' id='word_1_170' title='bbox 389 2210 493 2271; x_wconf 87' lang='grc' dir='ltr'><strong><em>ταῦτα</em></strong></span> <span class='ocrx_word' id='word_1_171' title='bbox 513 2201 603 2289; x_wconf 78' lang='grc' dir='ltr'><strong><em>παρὰ</em></strong></span> <span class='ocrx_word' id='word_1_172' title='bbox 624 2212 736 2273; x_wconf 86' lang='grc' dir='ltr'><strong><em>πάσαν</em></strong></span> <span class='ocrx_word' id='word_1_173' title='bbox 755 2206 856 2276; x_wconf 89' lang='grc' dir='ltr'><strong><em>πόλιν</em></strong></span> <span class='ocrx_word' id='word_1_174' title='bbox 876 2211 1136 2294; x_wconf 89' lang='grc' dir='ltr'><strong><em>παραποταμίην</em></strong></span> 
     </span>
     <span class='ocr_line' id='line_1_21' title="bbox 128 2298 1136 2392; baseline 0.004 -23"><span class='ocrx_word' id='word_1_175' title='bbox 128 2309 269 2370; x_wconf 87' lang='grc' dir='ltr'><strong><em>ποιεῦσι.</em></strong></span> <span class='ocrx_word' id='word_1_176' title='bbox 294 2299 396 2369; x_wconf 76' lang='grc' dir='ltr'><strong><em>ἐπεάν</em></strong></span> <span class='ocrx_word' id='word_1_177' title='bbox 412 2304 449 2368; x_wconf 75' lang='grc' dir='ltr'><strong><em>δὲ</em></strong></span> <span class='ocrx_word' id='word_1_178' title='bbox 470 2298 655 2369; x_wconf 82' lang='grc' dir='ltr'><strong><em>ἀπίκωνται</em></strong></span> <span class='ocrx_word' id='word_1_179' title='bbox 677 2305 710 2382; x_wconf 82' lang='grc' dir='ltr'><strong><em>ἐς</em></strong></span> <span class='ocrx_word' id='word_1_180' title='bbox 728 2302 790 2391; x_wconf 79' lang='grc' dir='ltr'><strong><em>τήν</em></strong></span> <span class='ocrx_word' id='word_1_181' title='bbox 803 2305 1010 2392; x_wconf 89' lang='grc' dir='ltr'><strong><em>Βούβαστιν,</em></strong></span> <span class='ocrx_word' id='word_1_182' title='bbox 1032 2302 1136 2391; x_wconf 84' lang='grc' dir='ltr'><strong><em>ὁρτά-</em></strong></span> 
     </span>
     <span class='ocr_line' id='line_1_22' title="bbox 129 2396 1137 2487; baseline 0.001 -19"><span class='ocrx_word' id='word_1_183' title='bbox 129 2408 220 2481; x_wconf 87' lang='grc' dir='ltr'><strong><em>ζουσι</em></strong></span> <span class='ocrx_word' id='word_1_184' title='bbox 241 2398 387 2486; x_wconf 79' lang='grc' dir='ltr'><strong><em>μεγάλας</em></strong></span> <span class='ocrx_word' id='word_1_185' title='bbox 405 2396 589 2485; x_wconf 83' lang='grc' dir='ltr'><strong><em>άνάγοντες</em></strong></span> <span class='ocrx_word' id='word_1_186' title='bbox 608 2406 748 2486; x_wconf 86' lang='grc' dir='ltr'><strong><em>θυσίας,</em></strong></span> <span class='ocrx_word' id='word_1_187' title='bbox 771 2405 826 2469; x_wconf 80' lang='grc' dir='ltr'><strong><em>καλ</em></strong></span> <span class='ocrx_word' id='word_1_188' title='bbox 840 2400 929 2480; x_wconf 79' lang='grc' dir='ltr'><strong><em>οἶνος</em></strong></span> <span class='ocrx_word' id='word_1_189' title='bbox 953 2398 1137 2487; x_wconf 79' lang='grc' dir='ltr'><strong><em>ἀμπέλινος</em></strong></span> 
     </span>
     <span class='ocr_line' id='line_1_23' title="bbox 127 2495 1136 2590; baseline 0.002 -25"><span class='ocrx_word' id='word_1_190' title='bbox 127 2496 362 2583; x_wconf 85' lang='grc' dir='ltr'><strong><em>ἀναισιμοῦται</em></strong></span> <span class='ocrx_word' id='word_1_191' title='bbox 382 2500 493 2566; x_wconf 81' lang='grc' dir='ltr'><strong><em>πλέων</em></strong></span> <span class='ocrx_word' id='word_1_192' title='bbox 512 2501 550 2566; x_wconf 82' lang='grc' dir='ltr'><strong><em>ἐν</em></strong></span> <span class='ocrx_word' id='word_1_193' title='bbox 568 2505 609 2587; x_wconf 77' lang='grc' dir='ltr'><strong><em>τῇ</em></strong></span> <span class='ocrx_word' id='word_1_194' title='bbox 629 2496 712 2587; x_wconf 76' lang='grc' dir='ltr'><strong><em>ὁρτῇ</em></strong></span> <span class='ocrx_word' id='word_1_195' title='bbox 731 2497 835 2588; x_wconf 77' lang='grc' dir='ltr'><strong><em>ταύτῃ</em></strong></span> <span class='ocrx_word' id='word_1_196' title='bbox 855 2495 930 2586; x_wconf 80' lang='grc' dir='ltr'><strong><em>ἢέν</em></strong></span> <span class='ocrx_word' id='word_1_197' title='bbox 949 2507 994 2590; x_wconf 75' lang='grc' dir='ltr'><strong><em>τῷ</em></strong></span> <span class='ocrx_word' id='word_1_198' title='bbox 1009 2498 1136 2571; x_wconf 78' lang='grc' dir='ltr'><strong><em>ἅπαντι</em></strong></span> 
     </span>
     <span class='ocr_line' id='line_1_24' title="bbox 127 2594 1135 2686; baseline 0.002 -23"><span class='ocrx_word' id='word_1_199' title='bbox 127 2599 269 2685; x_wconf 79' lang='grc' dir='ltr'><strong><em>ἐνιαυτῷ</em></strong></span> <span class='ocrx_word' id='word_1_200' title='bbox 288 2600 334 2684; x_wconf 80' lang='grc' dir='ltr'><strong><em>τῷ</em></strong></span> <span class='ocrx_word' id='word_1_201' title='bbox 355 2596 523 2686; x_wconf 64' lang='grc' dir='ltr'><strong><em>ἐπιλοίπῳ.</em></strong></span> <span class='ocrx_word' id='word_1_202' title='bbox 547 2594 884 2684; x_wconf 70' lang='grc' dir='ltr'><strong><em>συμφοιτέουσιδὲ,ὄ</em></strong></span> <span class='ocrx_word' id='word_1_203' title='bbox 907 2623 939 2665; x_wconf 96' lang='grc' dir='ltr'><strong><em>τι</em></strong></span> <span class='ocrx_word' id='word_1_204' title='bbox 966 2594 1052 2684; x_wconf 73' lang='grc' dir='ltr'><strong><em>ἀνὴρ</em></strong></span> <span class='ocrx_word' id='word_1_205' title='bbox 1078 2601 1135 2665; x_wconf 77' lang='grc' dir='ltr'><strong><em>καὶ</em></strong></span> 
     </span>
     <span class='ocr_line' id='line_1_25' title="bbox 126 2690 1135 2782; baseline 0.001 -23"><span class='ocrx_word' id='word_1_206' title='bbox 126 2691 215 2780; x_wconf 76' lang='grc' dir='ltr'><strong><em>γυνή</em></strong></span> <span class='ocrx_word' id='word_1_207' title='bbox 232 2695 300 2759; x_wconf 80' lang='grc' dir='ltr'><strong><em>ἐστι</em></strong></span> <span class='ocrx_word' id='word_1_208' title='bbox 314 2690 404 2779; x_wconf 80' lang='grc' dir='ltr'><strong><em>πλὴν</em></strong></span> <span class='ocrx_word' id='word_1_209' title='bbox 417 2697 578 2779; x_wconf 85' lang='grc' dir='ltr'><strong><em>παιδίων,</em></strong></span> <span class='ocrx_word' id='word_1_210' title='bbox 595 2695 698 2772; x_wconf 75' lang='grc' dir='ltr'><strong><em>καλάς</em></strong></span> <span class='ocrx_word' id='word_1_211' title='bbox 713 2694 940 2782; x_wconf 83' lang='grc' dir='ltr'><strong><em>ἑβδομήκοντα</em></strong></span> <span class='ocrx_word' id='word_1_212' title='bbox 954 2695 1135 2781; x_wconf 82' lang='grc' dir='ltr'><strong><em>μυριάδας,</em></strong></span> 
     </span>
     <span class='ocr_line' id='line_1_26' title="bbox 128 2786 1136 2881; baseline 0.001 -23"><span class='ocrx_word' id='word_1_213' title='bbox 128 2786 173 2869; x_wconf 79' lang='grc' dir='ltr'><strong><em>ὡς</em></strong></span> <span class='ocrx_word' id='word_1_214' title='bbox 188 2794 222 2857; x_wconf 82' lang='grc' dir='ltr'><strong><em>ολ</em></strong></span> <span class='ocrx_word' id='word_1_215' title='bbox 236 2788 406 2876; x_wconf 75' lang='grc' dir='ltr'><strong><em>ἐπιχώριοι</em></strong></span> <span class='ocrx_word' id='word_1_216' title='bbox 419 2793 563 2875; x_wconf 76' lang='grc' dir='ltr'><strong><em>λέγουσι.</em></strong></span> <span class='ocrx_word' id='word_1_217' title='bbox 597 2797 709 2859; x_wconf 86' lang='grc' dir='ltr'><strong><em>Ταῦτα</em></strong></span> <span class='ocrx_word' id='word_1_218' title='bbox 720 2792 782 2876; x_wconf 75' lang='grc' dir='ltr'><strong><em>μὲν</em></strong></span> <span class='ocrx_word' id='word_1_219' title='bbox 797 2790 837 2879; x_wconf 84' lang='grc' dir='ltr'><strong><em>δὴ</em></strong></span> <span class='ocrx_word' id='word_1_220' title='bbox 855 2793 959 2881; x_wconf 75' lang='grc' dir='ltr'><strong><em>ταύτῃ</em></strong></span> <span class='ocrx_word' id='word_1_221' title='bbox 973 2796 1136 2872; x_wconf 83' lang='grc' dir='ltr'><strong><em>ποιέεται,</em></strong></span> 
     </span>
     <span class='ocr_line' id='line_1_27' title="bbox 83 2886 1137 2978; baseline -0.001 -18"><span class='ocrx_word' id='word_1_222' title='bbox 83 2907 114 2960; x_wconf 79' lang='grc' dir='ltr'><strong><em>σι</em></strong></span> <span class='ocrx_word' id='word_1_223' title='bbox 128 2890 165 2955; x_wconf 86' lang='grc' dir='ltr'><strong><em>ἐν</em></strong></span> <span class='ocrx_word' id='word_1_224' title='bbox 181 2886 218 2955; x_wconf 71' lang='grc' dir='ltr'><strong><em>δὲ</em></strong></span> <span class='ocrx_word' id='word_1_225' title='bbox 226 2893 367 2973; x_wconf 90' lang='grc' dir='ltr'><strong><em>Βουσίρι</em></strong></span> <span class='ocrx_word' id='word_1_226' title='bbox 383 2888 462 2956; x_wconf 91' lang='grc' dir='ltr'><strong><em>πόλι</em></strong></span> <span class='ocrx_word' id='word_1_227' title='bbox 477 2886 521 2967; x_wconf 82' lang='grc' dir='ltr'><strong><em>ὡς</em></strong></span> <span class='ocrx_word' id='word_1_228' title='bbox 535 2886 701 2975; x_wconf 91' lang='grc' dir='ltr'><strong><em>ἀνάγουσι</em></strong></span> <span class='ocrx_word' id='word_1_229' title='bbox 714 2896 754 2977; x_wconf 79' lang='grc' dir='ltr'><strong><em>τῇ</em></strong></span> <span class='ocrx_word' id='word_1_230' title='bbox 765 2888 829 2958; x_wconf 82' lang='grc' dir='ltr'><strong><em>Ἴσι</em></strong></span> <span class='ocrx_word' id='word_1_231' title='bbox 839 2890 902 2978; x_wconf 77' lang='grc' dir='ltr'><strong><em>τὴν</em></strong></span> <span class='ocrx_word' id='word_1_232' title='bbox 913 2889 1027 2978; x_wconf 77' lang='grc' dir='ltr'><strong><em>ὁρτὴν,</em></strong></span> <span class='ocrx_word' id='word_1_233' title='bbox 1041 2899 1137 2976; x_wconf 86' lang='grc' dir='ltr'><strong><em>είρη-</em></strong></span> 
     </span>
     <span class='ocr_line' id='line_1_28' title="bbox 126 2982 1136 3074; baseline 0.003 -21"><span class='ocrx_word' id='word_1_234' title='bbox 126 3011 179 3054; x_wconf 86' lang='grc' dir='ltr'><strong><em>ται</em></strong></span> <span class='ocrx_word' id='word_1_235' title='bbox 193 2984 360 3071; x_wconf 87' lang='grc' dir='ltr'><strong><em>πρότερόν</em></strong></span> <span class='ocrx_word' id='word_1_236' title='bbox 374 3010 441 3069; x_wconf 89' lang='grc' dir='ltr'><strong><em>μοι.</em></strong></span> <span class='ocrx_word' id='word_1_237' title='bbox 470 2985 652 3053; x_wconf 87' lang='grc' dir='ltr'><strong><em>τύπτονται</em></strong></span> <span class='ocrx_word' id='word_1_238' title='bbox 666 2987 728 3071; x_wconf 69' lang='grc' dir='ltr'><strong><em>μὲν</em></strong></span> <span class='ocrx_word' id='word_1_239' title='bbox 747 2982 813 3073; x_wconf 82' lang='grc' dir='ltr'><strong><em>γάρ</em></strong></span> <span class='ocrx_word' id='word_1_240' title='bbox 830 2985 871 3074; x_wconf 79' lang='grc' dir='ltr'><strong><em>δὴ</em></strong></span> <span class='ocrx_word' id='word_1_241' title='bbox 889 2986 970 3073; x_wconf 82' lang='grc' dir='ltr'><strong><em>μετά</em></strong></span> <span class='ocrx_word' id='word_1_242' title='bbox 984 2986 1048 3074; x_wconf 76' lang='grc' dir='ltr'><strong><em>τὴν</em></strong></span> <span class='ocrx_word' id='word_1_243' title='bbox 1062 2998 1136 3056; x_wconf 87' lang='grc' dir='ltr'><strong><em>θυ-</em></strong></span> 
     </span>
     <span class='ocr_line' id='line_1_29' title="bbox 126 3082 1135 3171; baseline 0.002 -18"><span class='ocrx_word' id='word_1_244' title='bbox 126 3090 203 3170; x_wconf 90' lang='grc' dir='ltr'><strong><em>σίην</em></strong></span> <span class='ocrx_word' id='word_1_245' title='bbox 215 3082 338 3161; x_wconf 84' lang='grc' dir='ltr'><strong><em>πάντες</em></strong></span> <span class='ocrx_word' id='word_1_246' title='bbox 352 3086 407 3150; x_wconf 81' lang='grc' dir='ltr'><strong><em>καὶ</em></strong></span> <span class='ocrx_word' id='word_1_247' title='bbox 421 3089 541 3168; x_wconf 83' lang='grc' dir='ltr'><strong><em>πᾶσαι,</em></strong></span> <span class='ocrx_word' id='word_1_248' title='bbox 559 3083 720 3171; x_wconf 86' lang='grc' dir='ltr'><strong><em>μυριάδες</em></strong></span> <span class='ocrx_word' id='word_1_249' title='bbox 734 3083 840 3166; x_wconf 86' lang='grc' dir='ltr'><strong><em>κάρτα</em></strong></span> <span class='ocrx_word' id='word_1_250' title='bbox 853 3089 973 3154; x_wconf 81' lang='grc' dir='ltr'><strong><em>πολλαὶ</em></strong></span> <span class='ocrx_word' id='word_1_251' title='bbox 989 3083 1135 3171; x_wconf 75' lang='grc' dir='ltr'><strong><em>ἀνθρά-</em></strong></span> 
     </span>
     <span class='ocr_line' id='line_1_30' title="bbox 124 3178 1134 3269; baseline 0.002 -20"><span class='ocrx_word' id='word_1_252' title='bbox 124 3205 208 3249; x_wconf 83' lang='grc' dir='ltr'><strong><em>πων.</em></strong></span> <span class='ocrx_word' id='word_1_253' title='bbox 231 3178 292 3248; x_wconf 82' lang='grc' dir='ltr'><strong><em>τὸν</em></strong></span> <span class='ocrx_word' id='word_1_254' title='bbox 306 3179 343 3247; x_wconf 76' lang='grc' dir='ltr'><strong><em>δὲ</em></strong></span> <span class='ocrx_word' id='word_1_255' title='bbox 356 3180 554 3265; x_wconf 82' lang='grc' dir='ltr'><strong><em>τύπτονται,</em></strong></span> <span class='ocrx_word' id='word_1_256' title='bbox 576 3180 618 3251; x_wconf 91' lang='grc' dir='ltr'><strong><em>οῦ</em></strong></span> <span class='ocrx_word' id='word_1_257' title='bbox 634 3207 690 3267; x_wconf 91' lang='grc' dir='ltr'><strong><em>μοι</em></strong></span> <span class='ocrx_word' id='word_1_258' title='bbox 705 3178 802 3250; x_wconf 83' lang='grc' dir='ltr'><strong><em>ὅσιόν</em></strong></span> <span class='ocrx_word' id='word_1_259' title='bbox 817 3184 885 3249; x_wconf 82' lang='grc' dir='ltr'><strong><em>ἐστι</em></strong></span> <span class='ocrx_word' id='word_1_260' title='bbox 904 3186 1025 3269; x_wconf 82' lang='grc' dir='ltr'><strong><em>λέγειν.</em></strong></span> <span class='ocrx_word' id='word_1_261' title='bbox 1056 3183 1134 3253; x_wconf 82' lang='grc' dir='ltr'><strong><em>ὅσοι</em></strong></span> 
     </span>
     <span class='ocr_line' id='line_1_31' title="bbox 126 3276 1136 3376; baseline 0.005 -26"><span class='ocrx_word' id='word_1_262' title='bbox 126 3284 162 3350; x_wconf 68' lang='grc' dir='ltr'><strong><em>δὲ</em></strong></span> <span class='ocrx_word' id='word_1_263' title='bbox 176 3287 301 3366; x_wconf 77' lang='grc' dir='ltr'><strong><em>Καρῶν</em></strong></span> <span class='ocrx_word' id='word_1_264' title='bbox 316 3281 379 3347; x_wconf 80' lang='grc' dir='ltr'><strong><em>είσδ</em></strong></span> <span class='ocrx_word' id='word_1_265' title='bbox 391 3282 428 3347; x_wconf 76' lang='grc' dir='ltr'><strong><em>ἐν</em></strong></span> <span class='ocrx_word' id='word_1_266' title='bbox 442 3279 602 3371; x_wconf 77' lang='grc' dir='ltr'><strong><em>Αἰγύπτῳ</em></strong></span> <span class='ocrx_word' id='word_1_267' title='bbox 617 3286 798 3369; x_wconf 80' lang='grc' dir='ltr'><strong><em>οἰκέοντες,</em></strong></span> <span class='ocrx_word' id='word_1_268' title='bbox 821 3276 914 3352; x_wconf 86' lang='grc' dir='ltr'><strong><em>οῦτοι</em></strong></span> <span class='ocrx_word' id='word_1_269' title='bbox 930 3285 967 3353; x_wconf 71' lang='grc' dir='ltr'><strong><em>δὲ</em></strong></span> <span class='ocrx_word' id='word_1_270' title='bbox 980 3287 1136 3376; x_wconf 71' lang='grc' dir='ltr'><strong><em>τοσούτῳ</em></strong></span> 
     </span>
     <span class='ocr_line' id='line_1_32' title="bbox 124 3378 1242 3471; baseline 0.006 -25"><span class='ocrx_word' id='word_1_271' title='bbox 124 3384 171 3446; x_wconf 83' lang='grc' dir='ltr'><strong><em>ἔτι</em></strong></span> <span class='ocrx_word' id='word_1_272' title='bbox 187 3382 277 3447; x_wconf 82' lang='grc' dir='ltr'><strong><em>πλέω</em></strong></span> <span class='ocrx_word' id='word_1_273' title='bbox 291 3384 423 3445; x_wconf 83' lang='grc' dir='ltr'><strong><em>ποιεῦσι</em></strong></span> <span class='ocrx_word' id='word_1_274' title='bbox 442 3378 589 3466; x_wconf 82' lang='grc' dir='ltr'><strong><em>τούτων,</em></strong></span> <span class='ocrx_word' id='word_1_275' title='bbox 611 3378 680 3471; x_wconf 75' lang='grc' dir='ltr'><strong><em>ὅσῳ</em></strong></span> <span class='ocrx_word' id='word_1_276' title='bbox 701 3382 756 3448; x_wconf 76' lang='grc' dir='ltr'><strong><em>καὶ</em></strong></span> <span class='ocrx_word' id='word_1_277' title='bbox 775 3378 815 3448; x_wconf 81' lang='grc' dir='ltr'><strong><em>τὰ</em></strong></span> <span class='ocrx_word' id='word_1_278' title='bbox 829 3383 964 3468; x_wconf 81' lang='grc' dir='ltr'><strong><em>μέτωπα</em></strong></span> <span class='ocrx_word' id='word_1_279' title='bbox 985 3383 1136 3452; x_wconf 83' lang='grc' dir='ltr'><strong><em>κόπτον-</em></strong></span> <span class='ocrx_word' id='word_1_280' title='bbox 1241 3454 1242 3465; x_wconf 58' lang='grc'><strong><em>,</em></strong></span> 
     </span>
     <span class='ocr_line' id='line_1_33' title="bbox 123 3476 1135 3567; baseline 0.009 -26"><span class='ocrx_word' id='word_1_281' title='bbox 123 3500 175 3542; x_wconf 93' lang='grc' dir='ltr'><strong><em>ται</em></strong></span> <span class='ocrx_word' id='word_1_282' title='bbox 193 3479 388 3561; x_wconf 84' lang='grc' dir='ltr'><strong><em>μαχαίρησι,</em></strong></span> <span class='ocrx_word' id='word_1_283' title='bbox 409 3480 464 3544; x_wconf 79' lang='grc' dir='ltr'><strong><em>καλ</em></strong></span> <span class='ocrx_word' id='word_1_284' title='bbox 477 3479 585 3567; x_wconf 77' lang='grc' dir='ltr'><strong><em>τούτῳ</em></strong></span> <span class='ocrx_word' id='word_1_285' title='bbox 600 3480 663 3546; x_wconf 76' lang='grc' dir='ltr'><strong><em>εἰσὶ·</em></strong></span> <span class='ocrx_word' id='word_1_286' title='bbox 683 3483 776 3562; x_wconf 79' lang='grc' dir='ltr'><strong><em>δῆλοι</em></strong></span> <span class='ocrx_word' id='word_1_287' title='bbox 798 3476 848 3546; x_wconf 81' lang='grc' dir='ltr'><strong><em>ὅτι</em></strong></span> <span class='ocrx_word' id='word_1_288' title='bbox 869 3484 931 3549; x_wconf 80' lang='grc' dir='ltr'><strong><em>εἰσὶ</em></strong></span> <span class='ocrx_word' id='word_1_289' title='bbox 951 3484 1056 3560; x_wconf 73' lang='grc' dir='ltr'><strong><em>ξεῖνοι</em></strong></span> <span class='ocrx_word' id='word_1_290' title='bbox 1077 3488 1135 3551; x_wconf 82' lang='grc' dir='ltr'><strong><em>καὶ</em></strong></span> 
     </span>
     <span class='ocr_line' id='line_1_34' title="bbox 1241 3636 1242 3691; baseline 0 0"><span class='ocrx_word' id='word_1_291' title='bbox 1241 3636 1242 3691; x_wconf 73' lang='grc' dir='ltr'><strong><em>λ</em></strong></span> 
     </span>
     <span class='ocr_line' id='line_1_35' title="bbox 1241 3704 1242 3755; baseline 0 0"><span class='ocrx_word' id='word_1_292' title='bbox 1241 3704 1242 3755; x_wconf 73' lang='grc' dir='ltr'><strong><em>λ</em></strong></span> 
     </span>
     <span class='ocr_line' id='line_1_36' title="bbox 1241 3848 1242 3896; baseline 0 0"><span class='ocrx_word' id='word_1_293' title='bbox 1241 3848 1242 3896; x_wconf 73' lang='grc' dir='ltr'><strong><em>λ</em></strong></span> 
     </span>
    </p>
   </div>
   <div class='ocr_carea' id='block_1_3' title="bbox 0 0 1254 3925">
    <p class='ocr_par' dir='ltr' id='par_1_3' title="bbox 0 0 1254 3925">
     <span class='ocr_line' id='line_1_37' title="bbox 0 0 1254 3925; baseline 0 2"><span class='ocrx_word' id='word_1_294' title='bbox 0 0 1254 3925; x_wconf 95' lang='lat' dir='ltr'><strong><em> </em></strong></span> 
     </span>
    </p>
   </div>
  </div>
 </body>
</html>
