2500 3925
183 222 224 288 76
558 221 811 280 HERODOTI

182 383 446 472 ἀπηλλάχθησαν
468 389 528 450 καί
543 407 603 468 μιν
622 384 657 447 oc
671 378 842 464 Δόλογκοι
862 378 1052 469 κατήγαγον
1074 375 1199 447 ὀπίσω.

180 490 284 552 ταῦτα
299 485 361 568 μὲν
372 480 413 568 δή
427 488 527 571 τρίτῳ
541 485 608 548 ἔτει
617 477 784 565 πρότερον
795 479 949 564 ἐγεγόνεε
958 487 1027 549 τῶν
1041 479 1119 548 τότε
1134 506 1200 565 μιν

133 595 165 650 41
181 581 407 667 κατεχόντων,
421 581 496 648 τότε
511 580 547 647 δὲ
564 575 826 661 πυνθανόμενος
843 574 929 645 εἶναι
939 574 1020 656 τούς
1030 581 1202 655 Φοίνικας

180 683 217 748 έν
227 679 368 769 Τενέδῳ,
375 677 553 765 πληράσας
562 676 718 763 τριήρεας
728 677 828 744 πέντε
836 675 1016 762 χρημάτων
1026 681 1096 742 τῶν
1103 700 1200 759 παρ-

179 779 307 846 εόντων
324 776 479 847 ἀπέπλωε
493 779 527 854 ἐς
540 771 600 853 τάς
616 772 772 861 Ἀθήνας.
795 774 852 840 καλ
868 770 979 860 ὥσπερ
995 770 1141 859 ὡρμήθη
1157 775 1199 838 ἐκ

179 881 329 965 Καρδίης
343 876 476 964 πόλιος,
500 882 607 944 ἔπλωε
626 869 683 942 διά
699 879 761 941 τού
774 875 933 951 Μέλανος
956 870 1086 939 κόλπου
1101 893 1196 954 uap-

179 979 333 1066 αμείβετό
353 1004 389 1045 τε
408 974 471 1064 τήν
486 975 722 1061 Χερσόνησον,
745 977 801 1042 καί
816 977 851 1041 οί
865 974 1021 1050 Φοίνικός
1041 975 1075 1038 οί
1093 995 1196 1052 περι-

178 1083 338 1146 πίπτουσι
350 1084 426 1165 τῇσι
439 1083 548 1164 νηυσί.
572 1071 674 1154 αὐτὸς
690 1076 752 1161 μὲν
767 1071 809 1159 δή
825 1071 1016 1158 Μιλτιάδης
1033 1068 1099 1138 σύν
1115 1078 1195 1158 τῇσι

177 1177 417 1261 τέσσερσιτιόν
443 1182 532 1242 νεῶν
552 1172 758 1260 καταφεύγει
780 1174 813 1250 ἐς
828 1169 985 1257 Ἴμβρον,
1008 1166 1071 1254 τήν
1097 1171 1140 1236 δέ
1159 1171 1193 1237 o!

177 1275 330 1360 πέμπτην
346 1280 415 1340 τῶν
431 1278 519 1340 νεῶν
534 1278 688 1338 κατείλου
701 1269 879 1347 διώκοντες
896 1272 930 1336 οἱ
941 1273 1108 1345 Φοίνικες.
1132 1272 1193 1352 τῆς

178 1372 214 1438 δὲ
228 1367 305 1449 υεδς
318 1371 441 1457 ταύτης
455 1375 549 1455 ἔτυχε
562 1375 632 1437 τῶν
648 1367 843 1437 Μιλτιάδεω
860 1369 990 1434 παίδων
1005 1361 1023 1432 ὁ
1037 1365 1186 1449 πρεσβύ

176 1492 272 1547 τατος
287 1465 400 1554 ἀρχωυ
410 1475 595 1554 Μητίοχος,
614 1464 678 1534 ούκ
688 1469 726 1534 ἐκ
740 1472 799 1552 τῆς
810 1463 952 1552 Ὀλόρου
966 1472 1029 1533 τού
1040 1461 1190 1551 Θρήικος

175 1562 241 1633 ἐάν
260 1564 451 1653 θυγατρός,
476 1563 550 1634 ἀλλ’
573 1568 607 1646 ἐξ
628 1563 741 1651 ἀλλης.
773 1566 829 1632 καὶ
849 1570 971 1632 τοῦτον
988 1562 1056 1650 ἅμα
1073 1570 1114 1651 τῇ
1131 1569 1193 1648 νηλ

116 1659 121 1670 “
178 1656 268 1730 εἷλον
283 1668 317 1731 οί
330 1670 503 1751 Φοίνικες,
518 1671 578 1732 καί
588 1689 649 1750 μιν
662 1661 855 1749 πυθόμενοι
869 1659 914 1740 ἀς
929 1672 980 1748 είη
991 1661 1191 1731 Μιλτιάδεω

174 1773 269 1846 παῖς,
284 1758 456 1849 ἀνήγαγον
475 1761 566 1848 παρὰ
582 1766 738 1852 βασιλέα,
760 1763 933 1842 δοκέοντες
948 1764 1067 1851 χάριτα
1080 1763 1190 1850 μεγά-

174 1868 239 1945 λην
252 1862 523 1951 καταθήσεσθαι,
535 1862 587 1932 ότι
598 1861 640 1949 δή
651 1861 842 1950 Μιλτιάδης
853 1863 995 1950 γνάμην
1005 1861 1189 1943 ἀπεδέξατο

175 1962 212 2029 ἐν
225 1957 408 2031 τοῑσιἼωσι
421 1969 602 2031 πείθεσθαι
617 1960 767 2031 κελεύων
780 1975 866 2029 τοῖσι
879 1960 1056 2052 Σκύθησι,
1082 1959 1140 2030 ὅτε
1154 1965 1191 2031 οέ

174 2057 313 2127 Σκύθαι
327 2060 548 2144 προσεδέοντο
566 2060 734 2137 λύσαντας
753 2057 816 2145 τήν
836 2065 971 2147 σχεδίην
990 2058 1188 2130 ἀποπλάειν

175 2161 208 2236 ές
221 2154 284 2242 τήν
301 2160 446 2227 ἑωυτόν.
485 2168 631 2243 Δαρεῖος
651 2158 705 2243 δὲ,
727 2155 773 2237 ὡς
791 2162 827 2227 σί
841 2164 996 2238 Φοίνικες
1010 2165 1188 2246 Μητίοχον

173 2256 234 2326 τόν
244 2256 440 2328 Μιλτιάδεω
451 2254 635 2345 ἀνήγαγον,
651 2260 786 2343 ἐποίησε
800 2256 907 2325 κακὸν
916 2259 979 2345 μὲν
990 2256 1092 2327 οὐδὲν
1102 2265 1187 2345 Μη-

173 2362 301 2441 τίοχον,
314 2352 428 2441 ἀγαθά
440 2354 477 2423 δὲ
488 2355 611 2441 συχνά·
634 2354 765 2442 καὶγὰρ
777 2354 872 2423 οίκου
881 2358 937 2425 καὶ
948 2363 1066 2449 κτῆσιν
1079 2358 1186 2425 ἔδωκε

173 2456 229 2522 καὶ
238 2457 388 2541 Περσίδα
396 2468 557 2541 γυναῖκα,
573 2457 609 2523 ἐκ
619 2461 679 2540 τῆς
691 2460 724 2522 oc
732 2457 832 2523 τέκνα
842 2457 985 2540 ἐγένετο,
996 2454 1038 2523 τά
1049 2459 1083 2535 ές
1092 2459 1186 2543 Πέρ-

173 2574 234 2634 σας
243 2556 471 2640 κεκοσμέαται.
503 2554 694 2638 Μιλτιάδης
708 2552 745 2620 δδ
759 2550 937 2640 έξἽμβρου
947 2550 1140 2626 ἀπικνέεται
1150 2561 1185 2637 ἐς

172 2650 232 2732 τάς
241 2650 395 2739 Ἀθήνας.
540 2670 542 2677 “

125 2762 159 2816 42
259 2752 324 2818 Καὶ
344 2748 426 2819 κατά
442 2750 479 2820 τό
503 2757 575 2830 ἔτος
588 2758 688 2821 τοῦτο
705 2754 741 2819 ἐκ
762 2758 830 2819 τῶν
842 2755 1002 2837 Περσέων
1017 2752 1120 2824 οὐδὲν
1133 2764 1183 2827 ἔτι

173 2853 276 2917 πλέον
293 2850 424 2934 ἐγένετο
438 2849 569 2919 τούτων
584 2853 617 2928 ἐς
631 2864 742 2929 νεῖκος
757 2854 863 2936 φόρου
873 2849 981 2940 Ἴωσι,
999 2851 1085 2924 ἀλλά
1102 2857 1182 2924 τάδε
1246 2911 1247 2922 ,

172 2948 234 3035 μὲν
247 2945 392 3034 χρήσιμα
406 2949 511 3034 κάρτα
524 2961 610 3017 τοῖσι
615 2948 709 3018 Ἴωσι
723 2951 854 3036 ἐγένετο
864 2953 988 3021 τούτου
1000 2962 1063 3023 τοῦ
1073 2961 1180 3035 έτεος·
1246 2937 1247 2970 ¹

170 3044 396 3137 Ἀρταφέρνης
409 3043 428 3114 ὁ
441 3050 601 3134 Σαρδίων
614 3045 763 3134 ὕπαρχος
773 3051 1071 3139 μεταπεμψάμενος
1080 3051 1180 3140 ἀγγέ-

173 3157 254 3227 λους
268 3150 306 3215 έκ
320 3154 389 3215 τῶν
403 3154 532 3217 πολίων
542 3147 717 3234 συνθήκας
728 3156 823 3235 σφίσι
834 3147 965 3219 αάτοίσι
977 3150 1180 3237 τοάςἼωυας

172 3243 342 3333 ήνάγκασε
352 3249 542 3333 ποιέεσθαι,
557 3249 614 3313 ἵνα
626 3250 798 3315 δωσίδικοι
812 3246 879 3315 εἶεν
890 3248 946 3315 καὶ
957 3246 1003 3336 μή
1014 3246 1180 3338 ἀλλήλους
1244 3301 1245 3376 ,

174 3344 310 3427 φέροιέν
323 3366 359 3409 τε
373 3344 429 3410 καὶ
441 3339 566 3429 ἀγοιευ.
596 3345 702 3413 ταῦτά
716 3371 752 3412 τε
769 3342 945 3431 ήνάγκασε·
956 3348 1100 3434 ποιέειν,
1123 3350 1177 3416 καί
1243 3429 1244 3438 ,

172 3438 232 3519 τάς
243 3440 354 3526 χάρας
368 3444 483 3529 σφέων
496 3444 661 3532 μετρήσας
674 3443 758 3514 κατά
772 3445 1007 3535 παρασάγγας,
1020 3449 1101 3527 τούς
1116 3476 1177 3515 κα·

1210 3874 1213 3878 -
1239 3811 1242 3906 λ
