2500 3925
326 241 414 298 LlB.
446 241 468 299 1.
502 240 602 299 (ίΑΡ.
637 248 816 307 λλλ-Ηί.
1034 240 1075 307 λθ

66 399 129 466 ἐστι
150 401 282 487 μέρεα,
307 401 464 490 Πελλήνη
490 404 612 489 μένγε
636 402 751 492 πρότη
778 402 864 494 πρός
884 414 1074 495 Σικυῶνος,

65 495 143 593 μετὰ
158 498 198 569 δὲ
213 506 358 588 Αίγειρα
375 504 431 571 καὶ
446 505 565 589 Αἰγαί,
580 504 618 571 έν
633 509 674 592 τῇ
683 510 818 589 Κρᾶθις
832 505 980 595 ποταμός
1001 505 1074 577 det·

64 598 141 677 ναός
167 602 257 685 έστι,
284 595 343 667 ὐπ’
373 599 453 673 ότευ
480 598 499 669 ὁ
526 602 564 669 έν
579 598 700 691 Ἰταλίη
719 602 868 691 ποταμός
890 604 928 675 τό
943 604 1075 693 οὔνομα

64 704 152 785 ίσγε,
182 700 242 767 καὶ
254 706 371 787 Βοῦρα
390 702 445 771 καί
469 697 596 786 Ἑλίκη,
622 704 657 781 ἐς
671 697 735 788 τὴν
751 706 945 792 κατέφυγον
958 704 1074 785 Ἴωνες

63 794 125 866 ὐπὸ
143 793 290 883 Ἀχαιοῑν
308 798 396 889 μάχη
419 803 641 887 ἑσσωθέντες,
670 804 726 870 καί
744 810 870 890 Αίγιον
888 806 945 873 καί
958 803 1075 885 Ῥύκες

62 901 114 966 καί
126 901 281 983 ,Πατρέες
294 901 350 967 καί
365 900 492 983 Φαρέες
506 903 562 969 καί
578 897 738 989 Ὤλενος,
760 903 798 969 έν
811 908 858 993 τῷ
871 910 996 991 Πεῖρος
1008 928 1073 971 πο-

61 994 162 1085 ταμός
184 1000 289 1085 μέγας
303 999 387 1087 έστί,
414 1000 471 1071 καί
484 999 587 1087 Δύμη
609 1002 666 1069 καί
685 1001 869 1088 Τριταιέες,
894 1007 930 1071 οί
950 1007 1074 1089 μοῦνοι

60 1098 192 1168 τούτων
223 1097 399 1185 μεσόγαιοι
430 1102 588 1169 οἰκέουσι.
655 1106 768 1169 Ταῦτα
792 1100 947 1171 δυόδεκα
970 1104 1073 1191 μέρεα
1090 1120 1141 1177 ιλο

61 1205 124 1265 νῦν
134 1193 281 1283 Ἀχαιότν
296 1200 363 1267 ἐστὶ
377 1201 433 1267 καί
445 1197 522 1269 τότε
542 1225 581 1285 γε
595 1196 719 1271 Ἰόνον
731 1190 785 1287 ἦν.
818 1199 950 1269 τούτοιν
965 1196 1006 1289 δὴ
1022 1202 1072 1269 εί-

61 1323 158 1367 νεκεν
188 1299 246 1365 καὶ
273 1301 307 1367 οί
330 1294 442 1378 Ἴωνες
456 1296 611 1367 όνοόύεκα
636 1296 731 1380 πόλις
757 1298 975 1386 ἐποιήσαντο,
1000 1300 1072 1367 §aaz

62 1394 103 1475 ός
122 1398 166 1483 γέ
182 1423 216 1464 τι
239 1402 368 1482 μᾶλλον
388 1390 483 1467 οὗτοι
495 1395 610 1477 Ἴωνές
626 1403 690 1468 είσι
705 1403 775 1467 τόν
788 1395 902 1467 ἄλλων
911 1393 1070 1485 ’λόγονῆ

61 1495 203 1569 κάλλιόν
218 1523 252 1567 τι
267 1497 438 1587 γεγόνασι,
455 1504 563 1587 μωρίη
578 1496 685 1587 πολλὴ
699 1500 821 1587 λέγειν,
837 1498 1072 1589 τῶνἍβαντες

61 1598 120 1684 μὲν
141 1599 177 1677 ἐξ
191 1592 342 1686 Εὐβοίης
363 1602 425 1667 είσί
446 1595 511 1669 οὐκ
532 1600 684 1684 ἐλαχίστη
704 1611 822 1685 μοῖρα,
842 1612 928 1668 τοῖσι
945 1596 1071 1686 Ἰωνίης

61 1699 138 1782 μέτα
154 1693 237 1764 οὐδὲ
251 1702 313 1765 τοῦ
327 1694 514 1785 οὐνόματος
529 1694 647 1796 οὐδὲν,
668 1696 803 1768 Μινύαι
818 1697 854 1767 δὲ
865 1696 1072 1786 Ὀρχομένιοί

63 1814 118 1880 σφι
131 1790 376 1885 ἀναμεμίχαται
388 1792 446 1863 καί
454 1798 617 1881 Καδμεῖοι
628 1792 686 1861 καὶ
699 1792 856 1879 Δρύοπες
869 1796 926 1864 καὶ
937 1798 1070 1874 Φωκέες

63 1890 267 1981 ἀποδάσμιοι
291 1894 347 1964 καὶ
372 1896 547 1965 Μολοσσοὶ
571 1898 628 1961 καὶ
645 1889 803 1982 Ἀρκάδες
821 1898 989 1983 Πελασγοί
1014 1896 1070 1964 καί

62 1996 211 2084 Δωριέες
223 1990 450 2080 Ἐπιδαύριοι,
473 1992 557 2064 ἄλλα
572 2020 608 2062 τε
623 1999 727 2062 ἔθνεα
741 1991 849 2063 πολλά
864 1992 1069 2083 ἀναμεμίχα-

63 2120 130 2162 ται·
160 2098 195 2162 οί
215 2091 253 2162 δὲ
273 2088 387 2162 αὐτῶν
405 2090 473 2162 άπό
493 2100 554 2162 τοῦ
575 2099 786 2181 πρυτανηίου
811 2099 872 2162 τοῦ
893 2090 1068 2182 Ἀθηνέων

63 2190 271 2281 ὁρμηθέντες
292 2196 347 2262 καί
367 2198 557 2278 νομίζοντες
576 2192 809 2279 γενναιότατοι
832 2193 918 2264 εἶναι
933 2192 1067 2282 Ἰάνων,

62 2286 157 2363 οὗτοι
174 2294 211 2362 δέ
233 2288 275 2360 οὐ
293 2305 455 2377 γυναῖκας
475 2288 644 2378 ἠγάγοντο
660 2293 693 2370 ές
714 2289 775 2379 τὴν
789 2289 965 2380 άποικίην,
981 2290 1066 2362 ἄλλά

62 2399 209 2480 Καείρας
224 2396 339 2479 ἔσχον,
360 2399 429 2461 τῶν
443 2391 635 2480 ἐφόνευσαν
656 2390 737 2474 τούς
751 2398 878 2479 γονέας.
918 2393 973 2464 διά
988 2401 1068 2464 τοῦ·

60 2519 120 2562 τον
145 2493 183 2560 δὲ
208 2489 269 2561 τόν
295 2490 406 2577 φόνον
430 2495 467 2560 αί
489 2505 646 2580 γυναῖκες
672 2484 771 2563 αὐται
794 2494 904 2582 νόμον
926 2499 1069 2583 θέμεναι

62 2602 158 2683 σφίσι
176 2592 297 2684 αὐτῇσι
311 2591 435 2683 ὅρκους
449 2593 620 2680 ἐπήλασαν
636 2596 693 2664 καί
706 2600 898 2683 παρέδοσαν
911 2604 986 2688 τῇσι
999 2607 1069 2666 θν-

63 2694 223 2784 γατράσι,
244 2692 291 2782 μή
305 2719 382 2764 ποτε
395 2690 592 2781 ὁμοσιτῆσαι
609 2708 695 2763 τοῖσι
707 2691 852 2784 ἀνδράσι
867 2699 951 2785 μηδὲ
964 2694 1069 2766 οὐνό-

65 2822 140 2866 αατι
156 2799 265 2884 βῶσαι
286 2791 347 2862 τόν
361 2798 487 2880 ἑωυτῆς
501 2791 626 2882 ἄνδρα,
642 2799 743 2864 τούὐε
760 2800 904 2885 εἵνεκεν,
919 2797 972 2866 ότι
985 2797 1069 2885 έφό-

65 2915 190 2964 νενσαν
210 2913 326 2981 σφεων
346 2891 426 2973 τούς
447 2898 590 2981 πατέρας
604 2897 661 2963 καί
674 2893 799 2983 ἄνδρας
813 2900 869 2967 καὶ
881 2900 1001 2974 παίσας
1014 2899 1070 2964 καί

46 3002 194 3090 ,ἔπειτεν
209 3000 315 3062 ταῦτα
331 2993 531 3080 ποιήσαντες
545 2991 665 3084 αὐτῇσι
688 3001 874 3065 συνοίκεον.
913 3002 1018 3068 ταῦτα
1033 2992 1071 3062 d)

63 3090 105 3185 ἦν
128 3093 295 3183 γινόμενα
320 3095 357 3161 έν
380 3091 532 3184 Μιλήτῳ.
583 3095 748 3176 Βασιλέας
772 3097 810 3164 δὲ
834 3093 1015 3186 έστήσαντο
1039 3097 1075 3162 οί
1088 3099 1137 3156 147

62 3198 124 3282 μὲν
139 3192 254 3264 αὐτῶν
268 3199 417 3272 Λυκίους
431 3188 497 3262 άπὸ
512 3193 672 3262 Γλαύκου
684 3201 747 3264 τοῦ
761 3192 958 3281 Ἱππολόχου
971 3217 1072 3280 γεγο-

63 3297 179 3386 νότας,
202 3300 238 3367 οί
256 3296 294 3364 δέ
307 3293 497 3372 Καύκωνας
510 3299 661 3372 Πυλίους
681 3291 749 3363 άπὸ
764 3293 903 3382 Κόδρου
916 3298 977 3360 τοῦ
995 3297 1072 3358 Με-

64 3398 215 3486 λάνθου,
231 3400 267 3466 οί
279 3397 316 3466 σε
330 3398 386 3466 καί
401 3397 687 3485 συναμφοτέρους.
718 3392 803 3464 ἀλλὰ
817 3392 883 3481 γὰρ
897 3398 1072 3479 περιέχου-

64 3524 114 3568 ται
128 3505 191 3568 τοῦ
208 3493 397 3585 οὐνόματος
410 3496 541 3584 μᾶλλόν
554 3523 587 3564 τι
602 3503 671 3564 τῶν
681 3494 796 3563 ἄλλων
806 3491 945 3578 Ἰόνιον,
969 3497 1071 3559 έστω-
