2500 3925
397 251 480 308 ιιε.
507 251 554 308 w.
589 239 687 309 ολι.
721 253 894 311 ιεο-ιοε.
1082 244 1145 327 37]

141 413 195 479 καὶ
210 409 420 495 κροκόδειλοι
436 404 518 477 ὅσον
537 433 573 477 τε
593 406 765 495 τριπήχεες
784 421 950 495 χερσαῖοι,
970 415 1046 497 τῇσι
1059 405 1144 475 σαύ-

25 473 30 582 ί
142 528 217 595 ρησι
240 510 493 595 ἐμφερέστατοι,
516 508 572 574 καί
591 508 755 593 στρουθοὶ
777 505 952 591 κατάγαιοι
977 509 1033 575 καί
1049 504 1144 594 ὄφιες

25 605 29 622 ’
142 607 290 691 σμικροὶ,
312 608 412 690 κέρας
427 606 464 671 ἐν
478 606 616 680 ἕκαστος
632 609 771 689 ἔχοντες.
793 604 898 672 τοῦτοί
915 630 951 674 τε
965 603 1006 693 δὴ
1021 603 1144 674 αὐτόθι

141 704 209 770 ἐστὶ
228 708 349 788 θηρία,
373 704 428 769 καὶ
457 700 561 787 τάπερ
594 707 632 789 τῇ
652 698 754 790 άλλη,
775 698 864 789 πλὴν
884 704 1013 791 ἐλάφου
1033 731 1069 774 τε
1089 706 1145 772 καὶ

24 789 29 827 ‘⁸
142 795 200 876 ὑός
215 796 352 885 ἀγρίου·
374 804 498 885 ἔλαφος
513 800 549 867 δὲ
564 802 620 867 καὶ
634 791 677 879 ύς
691 798 808 886 ἀγριος
821 804 859 869 έν
872 803 984 891 Λιβύη
1003 801 1145 889 πάμπαν

140 894 295 965 οὐκέστι.
326 903 423 983 μυῶν
438 898 474 965 δέ
489 900 588 983 γένεα
604 893 699 981 τριξά
715 894 838 965 αὐτόθι
858 901 942 967 ἐστί·
971 904 1005 968 οί
1016 902 1079 985 μὲν
1092 903 1144 967 δί-

24 1017 25 1038 ’
139 1002 238 1077 ποδες
252 1002 444 1084 καλέονται,
460 1001 494 1066 oc
504 1000 539 1065 δὲ
552 999 693 1084 ζεγέριες
706 995 759 1085 (τό
771 998 809 1066 δέ
821 996 951 1085 οὕνομα
961 1006 1061 1067 τοῦτο
1076 1001 1145 1068 ἐστὶ

25 1090 26 1139 1
137 1102 201 1186 μέν
211 1094 375 1185 Λιβυκόν,
390 1097 532 1165 δύναται
543 1098 580 1165 δέ
590 1092 665 1166 κατ’
678 1092 821 1166 Ἑλλάδα
830 1104 987 1183 γλῶσσαν
996 1105 1143 1187 βουνοί),

142 1203 173 1265 ολ
186 1198 222 1265 δὲ
237 1198 367 1282 ἐχινέες.
392 1199 453 1265 εἰσὶ
469 1198 506 1265 δέ
519 1200 576 1265 καὶ
585 1198 703 1283 γαλέαι
715 1198 752 1265 ἐν
762 1203 809 1288 τχῦ
820 1205 942 1290 σιλφίῳ
957 1199 1143 1286 γινόμεναι,

140 1304 212 1386 τῇσι
230 1302 452 1384 Ταρτησσίῃσι
471 1292 674 1382 ὁμοιόταται.
707 1301 851 1364 τοσαῦτα
872 1300 936 1382 μέν
953 1324 1021 1365 νυν
1039 1304 1144 1385 θηρία

140 1393 159 1482 ἡ
174 1402 242 1463 τῶν
255 1394 414 1482 νομάδων
427 1393 568 1483 Λιβύων
581 1400 624 1481 γῆ
639 1399 722 1479 ἔχει,
737 1391 820 1460 ὅσον
832 1390 927 1480 ἡμεῖς
940 1396 1144 1480 ἱστορέοντες

141 1498 194 1565 ἐπὶ
207 1496 418 1583 μακρότατον
435 1492 548 1565 οἷοίτε
563 1495 752 1582 ἐγενόμεθα
767 1498 945 1576 ἐξικέσθαι.
989 1499 1144 1579 Μαξύων
1161 1514 1211 1569 19³

140 1598 176 1663 δέ
189 1593 329 1681 Λιβύων
345 1595 533 1681 Ζαύηκες
553 1600 702 1681 ἔχονται,
723 1609 809 1663 τοῖσι
826 1599 863 1664 αί
873 1612 1031 1682 γυναῖκες
1046 1596 1144 1686 ἡνιο-

134 1692 250 1778 χέουσι
258 1689 299 1758 τά
308 1690 438 1780 ἀρματα
448 1696 482 1772 ἐς
491 1692 553 1761 τόν
566 1694 724 1780 πόλεμον.
774 1695 913 1763 Τούτων
926 1703 963 1765 δὲ
979 1698 1144 1780 Γάζαν·
1160 1714 1210 1771 194

138 1814 202 1867 τες
217 1794 358 1876 ἔχονται,
371 1794 408 1859 ἐν
420 1806 505 1861 τοῖσι
517 1798 590 1880 μέλι
600 1791 729 1863 πολλόν
740 1795 802 1881 μέν
815 1799 967 1881 μέλισσαι
979 1800 1143 1885 κατεργά-

137 1894 265 1974 ζονται,
283 1897 395 1982 πολλῷ
408 1888 440 1957 δ’
454 1897 502 1959 ἔτι
512 1896 616 1961 πλέον
632 1898 762 1979 λέγεται
778 1891 999 1983 δημιοεργοῦς
1016 1896 1142 1987 ἀνδρας

137 1991 272 2060 ποιέειν.
294 1999 489 2078 μιλτοῦνται
510 1990 543 2060 δ’
560 1987 609 2062 ἀν
622 1996 746 2072 πάντες
766 1986 860 2062 οὗτοι
874 1997 930 2063 καὶ
944 2007 1142 2084 πιθηκοφα-

25 2167 27 2180 ,
136 2093 269 2180 χέουσι·
296 2097 331 2160 οί
344 2095 384 2160 δέ
399 2111 460 2180 σφι
475 2091 625 2180 ἄφθονοι
645 2091 720 2162 ὅσοι
737 2094 775 2160 έν
787 2105 874 2160 τοῖσι
894 2092 1010 2180 οῦρεσι
1024 2103 1154 2181 γίνον-’

25 2239 26 2276 5
135 2215 198 2256 ται.
249 2187 344 2257 Κατά
372 2190 513 2270 τούτους
540 2193 576 2258 δέ
599 2195 736 2279 λέγουσι
755 2191 982 2279 Καρχηδόνιοι
1005 2200 1143 2264 κέεσθαι
1160 2207 1209 2262 19⁵

136 2293 260 2374 νῆσον,
282 2294 323 2377 τῇ
344 2286 473 2375 οὕνομα
495 2287 580 2358 εἶναι
608 2288 783 2377 Κύραυιν,
815 2296 920 2376 μῆκος
940 2292 1003 2377 μὲν
1025 2297 1142 2379 διηκο-

132 2393 220 2454 σίων
231 2391 392 2473 σταδίων,
406 2388 529 2466 πλάτος
542 2388 578 2456 δὲ
588 2386 741 2474 στεινὴν,
757 2385 918 2476 διαβατὸν
931 2391 968 2457 ἐκ
978 2397 1036 2477 τῆς
1045 2386 1143 2477 ἠπεί-

134 2513 217 2574 ρου,
233 2489 371 2556 ἐλαιέων
382 2515 417 2556 τε
428 2484 553 2576 μεστὴν
567 2490 623 2556 καὶ
633 2485 800 2574 ἀμπέλων.
823 2495 946 2575 λίμνην
961 2490 998 2558 δέ
1008 2492 1046 2557 έν
1056 2486 1141 2578 αὐτῇ

131 2584 238 2672 εἶναι,
261 2588 297 2654 ἐκ
312 2593 370 2672 τῆς
391 2591 428 2654 αί
440 2587 607 2672 παρθένοι
622 2592 692 2654 τῶν
713 2588 900 2673 ἐπιχωρίων
915 2602 1064 2674 πτεροῖσι
1081 2585 1142 2674 ὀρ-

132 2692 246 2752 νίθων
269 2686 492 2771 κεχριμένοισι
511 2689 613 2771 πίσση
635 2685 672 2750 έκ
690 2691 748 2769 τῆς
767 2684 861 2764 ίλύος
880 2693 996 2772 ψῆγμα
1012 2683 1141 2773 ἀναφέ-

130 2805 234 2869 ρουσι
248 2788 385 2870 χρυσοῦ.
408 2789 512 2849 ταῦτα
528 2785 633 2868 εἰμέν
647 2785 715 2850 ἐστι
732 2780 902 2869 ἀληθέως,
918 2781 982 2852 οὐκ
997 2782 1082 2870 οῖδα,
1098 2781 1139 2850 τά

129 2883 170 2950 δὲ
181 2886 311 2968 λέγεται
328 2881 458 2968 γράφω.
482 2890 532 2966 είη
550 2878 582 2948 δ’
598 2877 644 2949 ἀν
653 2888 740 2968 πᾶν,
757 2880 841 2950 ὅκου
856 2883 911 2950 καί
921 2885 959 2950 ἐν
969 2881 1140 2970 Ζακύνθῳ

128 2985 169 3048 ἐκ
190 2989 309 3066 λίμνης
328 2982 384 3048 καὶ
404 2977 525 3059 ὕδατος
542 2987 666 3049 πίσσαν
682 2978 942 3069 ἀναφερομένην
959 2978 1060 3060 αὐτός
1075 2976 1139 3066 έγά

129 3075 259 3162 α’έρεον·
282 3081 344 3146 εἰσί
358 3079 420 3163 μὲν
434 3081 489 3146 καί
503 3085 647 3158 πλεῦνες
660 3084 697 3146 αί
709 3087 824 3166 λίμναι
841 3078 982 3167 αὐτόθι,
1003 3075 1024 3166 ἡ
1043 3075 1074 3145 δ’
1092 3069 1141 3144 ἀν

127 3183 269 3263 μεγίστη
291 3175 421 3244 αὐτέων
443 3177 674 3266 ἑβδομήκοντα
693 3184 809 3248 ποδῶν
828 3181 956 3269 πάντη,
979 3179 1087 3268 βάθος
1105 3182 1141 3246 δὲ

126 3275 306 3362 διόργυιός
317 3279 402 3344 ἐστι·
419 3279 452 3356 ἐς
462 3279 589 3364 ταύτην
599 3276 723 3348 κοντόν
732 3294 872 3348 κατιεῖσι
882 3279 935 3349 ἐπ’
949 3279 1041 3371 ἀκρρι
1053 3307 1143 3366 μυρ·

125 3380 232 3460 σίνην
246 3374 514 3462 προσδήσαντες,
537 3383 593 3446 καί
614 3385 744 3449 ἔπειτεν
766 3378 975 3467 ἀναφέρουσι
991 3387 1032 3468 τῇ
1052 3404 1141 3465 μυρ-

125 3479 209 3560 σίνη
224 3479 366 3559 πίσσαν,
382 3470 490 3560 ὀδμὴν
505 3477 567 3561 μὲν
582 3483 725 3564 ἔχουσαν
736 3474 928 3563 ἀσφάλτου,
950 3474 991 3544 τά
1007 3475 1039 3543 δ’
1056 3475 1141 3544 άλλα
