2500 3925
159 186 181 249 2
532 189 785 250 HERODOTI

159 347 255 433 ρόθη
275 343 295 433 ἡ
317 349 503 434 Πέρινθος,
528 344 655 433 ἤλαυνε
675 345 737 415 τόν
758 348 901 437 στρατόν
922 349 940 418 ὁ
964 351 1162 440 Μεγάβαζος

158 445 213 514 διὰ
226 453 283 532 τῇς
295 451 457 533 Θρηίκης,
472 451 585 513 πᾶσαν
599 445 700 514 πόλιν
711 449 766 515 καί
776 455 846 514 πᾶν
860 448 962 528 ἔθνος
975 456 1044 517 τῶν
1058 451 1162 540 ταύτῃ

159 553 346 634 οἰκημένων
356 543 585 632 ἡμερούμενος
594 550 739 633 βασιλέϊ·
758 549 861 616 ταῦτα
873 549 938 638 γάρ
950 554 984 617 οί
993 553 1161 618 ἐνετέταλ-

158 672 194 713 το
211 648 247 713 ἐκ
256 650 424 731 Δαρείου,
446 649 597 731 Θρηίκην
611 648 908 732 καταστρέφεσθαι.

126 770 143 822 3
243 749 456 814 ΘΡΗΙΚΩΝ
469 744 504 808 δὲ
520 745 621 820 ἔθνος
636 744 793 829 μέγιστόν
807 746 875 813 ἐστι
888 746 972 832 μετά
987 773 1024 832 γε
1035 744 1161 825 Ἰνόούς

156 842 293 912 πάντων
313 839 516 929 ἀνθρώπων.
551 847 581 909 εί
600 842 637 909 δὲ
658 839 718 908 ὑπ’
741 839 815 921 ἑνός
832 841 964 930 ἄρχοιτο
984 843 1160 932 ἢφρονέοι

156 940 239 1012 κατὰ
260 937 386 1027 τύυτό,
419 939 548 1027 ἀμαχόν
573 937 603 1007 τ’
628 936 744 1026 ἀνείη
769 944 824 1008 καί
846 949 959 1032 πολλῷ
982 946 1161 1030 κράτιστον

155 1042 294 1110 πάντων
309 1040 439 1108 ἐθνέων
454 1036 537 1108 κατά
547 1040 686 1126 γνάμην
697 1037 760 1127 τὴν
771 1041 863 1128 ἐμήν.
886 1039 970 1110 ἀλλά
984 1042 1160 1132 γάρτοῦτο

156 1139 287 1225 ἀπορόν
304 1157 365 1224 σφι
385 1141 441 1206 καί
461 1136 636 1226 ἀμήχανον
653 1138 700 1226 μή
717 1166 794 1207 κοτε
813 1143 1001 1228 ἐγγένηται·
1034 1146 1095 1211 είσί
1117 1140 1160 1229 δὴ

155 1235 239 1308 κατὰ
258 1243 358 1304 τοῦτο
378 1234 545 1316 ἀσθενέες.
578 1236 748 1325 οὐνόματα
764 1241 800 1308 δὲ
815 1240 922 1310 πολλοὶ
943 1248 1054 1328 έχουσι
1074 1241 1160 1311 κατὰ

103 1352 106 1361 “
154 1337 264 1426 χώρας
282 1339 430 1423 ἕκαστοι,
450 1336 584 1422 νόμοισι
602 1338 638 1404 δέ
653 1329 746 1405 οῦτοι
763 1347 1022 1427 παραπλησίοισι
1036 1341 1161 1420 πάντες

155 1438 307 1523 χρέονται
327 1432 410 1502 κατὰ
431 1436 557 1522 πάντα,
579 1433 669 1522 πλὴν
687 1441 821 1516 ,Γετέων
844 1441 898 1505 καί
922 1445 1086 1525 Τραυσῶν
1104 1439 1161 1506 καί

124 1541 223 1602 4τών
244 1532 436 1619 κατύπερθε
455 1540 705 1619 Κρηστωναίων
726 1534 914 1604 οἰκεόντων.
963 1536 1102 1603 Τούτων
1123 1537 1161 1602 δὲ

156 1630 195 1702 τά
223 1634 285 1720 μὲν
312 1637 411 1701 Γέται
441 1637 476 1701 οί
499 1632 755 1720 ἀθανατίζοντες
778 1643 910 1705 ποιεῦσι
938 1644 1068 1725 είρηταί
1090 1664 1161 1725 μοι,

159 1733 307 1822 Τραυσοὶ
321 1731 357 1800 δὲ
372 1730 412 1799 τά
427 1734 489 1818 μέν
501 1730 585 1802 ἀλλα
595 1735 706 1802 πάντα
719 1731 802 1802 κατά
813 1732 916 1802 ταῦτά
931 1749 1016 1803 τοῖσι
1030 1734 1162 1805 άλλοισι

157 1831 274 1921 Θρήιξι
290 1834 510 1919 ἐπιτελέουσι,
524 1831 607 1900 κατά
621 1835 657 1902 δέ
667 1831 727 1902 τόν
738 1835 919 1921 γινόμενόν
930 1855 990 1922 σφι
1004 1837 1059 1903 καί
1073 1832 1162 1902 ἀπο-

155 1931 336 2020 γινόμενον
350 1937 483 1999 ποιεῦσι
503 1933 632 2001 τοιάδε·
657 1930 718 2001 τόν
735 1936 797 2021 μὲν
812 1933 994 2021 γινόμενον
1013 1934 1161 2020 περιιζό-

138 2058 252 2119 μενοι
267 2034 301 2103 οί
313 2031 537 2118 προσήκοντες
552 2029 790 2121 ὀλοφύρονται,
807 2032 871 2100 ὅσα
900 2060 957 2118 μιν
982 2036 1036 2100 δεῖ
1052 2034 1163 2100 ἐπείτε

155 2137 285 2219 έγένετο
306 2128 495 2218 ἀναπλῆσαι
516 2130 620 2218 κακά,
649 2130 869 2219 ἀνηγεόμενοι
893 2130 933 2199 τά
958 2128 1162 2219 ἀνθρωπήια

150 2230 265 2300 ,πάντα
285 2228 414 2316 πάθεα,
443 2225 503 2296 τόν
528 2226 559 2297 δ’
586 2226 834 2316 ἀπογινόμενον
859 2234 1028 2310 παίζοντές
1049 2256 1084 2296 τε
1105 2232 1163 2297 καὶ

153 2330 314 2418 ἡδόμενοι
325 2336 369 2419 γῇ
382 2328 585 2417 κρύπτουσι,
602 2331 811 2414 ἐπιλέγοντες
825 2325 916 2395 ὅσων
932 2335 1046 2395 κακῶν
1061 2330 1162 2407 έξαπ-

124 2434 332 2517 5αλλαχθείς
352 2430 420 2497 έστι
441 2430 478 2496 έν
497 2428 588 2516 πάση
609 2425 813 2517 εὐδαιμονίη.
860 2432 905 2495 οί
917 2427 953 2495 δὲ
967 2427 1163 2515 κατύπερθε

153 2533 402 2616 Κρηστωναίων
425 2533 557 2595 ποιεῦσι
582 2527 711 2595 τοιάδε·
747 2533 812 2613 ἔχει
836 2538 998 2612 γυναῖκας
1022 2528 1163 2607 ἕκαστος

155 2628 296 2707 πολλάς·
321 2623 423 2695 έπεάν
445 2618 494 2692 ὦν
513 2650 563 2701 τις
580 2620 692 2690 αὐτῶν
712 2621 888 2712 ἀποθάνῃ,
911 2630 1018 2710 κρίσις
1032 2630 1163 2709 γίνεται

154 2728 281 2813 μεγάλη
296 2732 364 2793 τῶν
384 2729 557 2810 γυναικῶν
577 2722 632 2789 καί
647 2728 755 2807 φίλων
771 2726 914 2790 σπουδαί
932 2725 1064 2809 ἰσχυραὶ
1083 2723 1164 2811 περὶ

154 2830 270 2908 τοῦδε,
292 2820 363 2909 ἥτις
378 2819 506 2889 αύτέων
527 2823 676 2907 ἐφιλέετο
690 2819 833 2907 μάλιστα
853 2818 920 2888 ὑπὸ
940 2828 1002 2889 τοῦ
1017 2819 1161 2908 ἀνδρός·

153 2919 220 3009 ἥδ’
244 2918 288 2988 ἀν
309 2926 413 3008 κριθῇ
430 2920 485 2987 καί
504 2926 648 3007 τιμηθῇ,
671 2921 937 3006 ἐγκωμιασθεῖσα
958 2918 1026 2988 ὑπό
1046 2945 1083 2988 τε
1097 2917 1164 2988 ἀν-

155 3024 245 3103 δρῶν
262 3022 503 3104 καὶγυναικῶν
517 3018 675 3103 σφάζεται
692 3020 725 3096 ές
743 3015 804 3087 τόν
817 3018 927 3103 τάφον
949 3015 1016 3086 ὑπό
1032 3026 1095 3087 τοῦ
1108 3025 1163 3088 οί-

153 3117 339 3204 κηιωτάτου
350 3121 484 3204 έωντῇς,
497 3127 686 3204 σφαχθεῖσα
697 3118 735 3185 δέ
746 3119 974 3186 συνθάπτεται
984 3126 1031 3211 τῷ
1042 3117 1162 3207 ἀνδρί·
1198 3112 1208 3121 ’

153 3222 190 3285 αί
202 3217 238 3284 δὲ
254 3214 351 3286 ἀλλαι
369 3215 548 3305 συμφορὴν
562 3218 713 3304 μεγάλην
727 3225 917 3286 ποιεῦνται·
946 3217 1076 3298 ὄνειδος
1092 3217 1161 3306 γάρ

119 3337 135 3387 6
154 3338 214 3402 σφι
227 3322 325 3383 τοῦτο
337 3316 495 3402 μέγιστον
507 3321 643 3401 γίνεται.
679 3322 755 3382 Τῶν
771 3316 807 3383 δέ
822 3312 862 3403 θῇ
879 3313 991 3383 ἀλλων
1002 3322 1163 3403 Θρηίκων

153 3414 221 3481 ἐστὶ
235 3409 292 3479 όιίε
306 3407 324 3480 ὁ
336 3411 628 3500 νόμοςπωλέουσι
636 3408 785 3507 τὰτέκνα
800 3411 851 3482 ἐπ’
866 3415 1024 3503 ἐξαγωγῇ.
1047 3413 1108 3493 τὰς
1123 3416 1163 3483 δὲ
