2500 3925
170 226 233 292 ³32
545 230 796 289 HERODOTI

170 393 225 460 καὶ
241 391 361 459 ἑκατόν
376 392 460 459 ἐστι’
482 396 583 461 τείνει
599 388 633 459 δ’
650 392 684 469 ές
698 384 760 473 τήν
776 386 992 473 Προποντίδα
1008 378 1027 450 ό
1042 378 1159 449 Βόσκε

170 519 237 582 ρος.
260 489 280 580 ή
297 492 332 559 δὲ
343 494 533 580 Προποντίς
547 494 650 561 έοῦσα
665 484 764 577 εύρος
775 490 838 575 μέν
852 488 997 553 σταδίων
1011 503 1159 551 πεντακο

169 599 269 678 σίων,
287 598 392 679 μῆκος
402 593 439 661 δὲ
453 597 677 677 τετρακοσίων
692 591 747 657 καλ
757 585 1057 673 χιλίων,,καταδιδοῑ
1069 582 1102 658 ές
1114 573 1164 645 τόν

163 688 425 779 Ἑλλήσποντον,
441 689 539 758 έόντα
550 690 743 775 στεινότητα
757 686 820 774 μὲν
835 682 916 753 ἑπτά
928 685 1096 765 σταδίους,
1110 684 1164 765 μή·

169 815 227 868 κος
242 789 279 857 δὲ
293 795 535 878 τετρακοσίους.
558 788 729 857 έκδιδοῑδέ
740 784 759 856 ὁ
769 785 1011 873 Ἑλλήσποντος
1023 783 1057 859 ές
1067 776 1165 864 χάσμα

120 916 154 971 ςς
168 890 347 976 πελάγεος,
379 887 417 958 τό
444 887 485 977 δή
512 896 656 975 Αἰγαῖον
679 888 840 956 καλέεται.
896 884 1111 969 Μεμέτρηται
1134 878 1164 945 δλ

168 997 272 1059 ταῦτα
293 981 375 1057 τόδε·
409 996 493 1077 νηῦς
514 992 637 1058 έπίτταν
657 986 800 1075 μάλιστά
819 1012 863 1074 κη
876 980 1037 1052 κατανύει
1058 981 1095 1047 έν
1109 1004 1164 1064 μα-

167 1093 330 1177 κρημερίη
348 1085 488 1174 ὀργυιάς
506 1090 783 1172 ἑπτακισμυρίας,
805 1080 928 1161 νυκτός
943 1082 980 1149 δέ
995 1081 1163 1166 ἑξακισμυ-

168 1193 249 1274 ρίας.
272 1182 336 1274 ήδη
352 1179 401 1254 ῶν
415 1190 448 1265 ές
462 1186 525 1274 μέν
536 1194 646 1255 Φᾶσιν
657 1182 723 1253 άπό
735 1191 796 1251 τοῦ
807 1183 970 1269 στόματος
981 1186 1097 1263 (τοῦτο
1107 1177 1162 1264 γάρ

167 1283 235 1352 έστι
248 1289 310 1351 τοῦ
321 1283 457 1352 Πόντου
471 1284 696 1371 μακρότατον)
710 1278 861 1369 ήμερέων
875 1279 975 1347 ἐννέα
988 1275 1092 1355 πλόος
1106 1276 1163 1343 ἐστὶ

166 1386 220 1452 καὶ
241 1390 375 1452 νυκτῶν
399 1382 503 1453 ὀκτῶ·
524 1376 624 1453 αὗται
649 1386 769 1451 ἕνδεκα
790 1379 953 1468 μυριάδες
973 1379 1030 1446 καί
1054 1373 1163 1445 ἑκατόν

167 1479 332 1570 ὀργυιέων
346 1488 512 1569 γίνονται,
535 1484 572 1550 έκ
586 1482 623 1550 δὲ
637 1488 705 1551 τῶν
720 1478 887 1568 ὀργυιέων
897 1477 1030 1547 τούτων
1043 1474 1165 1545 στάδιοι

168 1577 287 1647 ἑκατόν
302 1583 356 1647 καὶ
371 1586 470 1665 χίλιοι
484 1583 539 1649 καί
553 1581 673 1666 μύριοί
685 1585 757 1649 είσι.
781 1581 814 1657 ές
828 1578 864 1647 δέ
880 1576 1098 1665 Θεμισκύρην
1111 1572 1167 1661 τήν
1221 1609 1223 1730 ή

166 1678 220 1745 έπλ
242 1676 455 1765 Θερμώδοντι
479 1684 615 1769 ποταμῶ
638 1680 675 1747 έκ
699 1685 756 1764 τῆς
770 1681 933 1764 Σινδικῆς
954 1674 1054 1763 (κατὰ
1073 1682 1166 1743 τοῦτο

164 1774 230 1861 γάρ
246 1776 314 1843 ἐστι
327 1782 389 1845 τοῦ
403 1777 541 1845 Πόντου
559 1774 760 1864 εὐρύτατον)
776 1782 879 1864 τριῶν
894 1801 930 1843 τε
946 1772 1101 1863 ήμερέων
1117 1777 1167 1840 καλ
1221 1807 1223 1890 η

164 1873 227 1941 δύο
244 1882 377 1943 νυκτῶν
396 1877 515 1955 πλόος·
544 1867 643 1948 αῦται
664 1876 701 1945 δὲ
722 1891 810 1964 τρεῖς
830 1876 993 1965 μυριάδες
1008 1878 1064 1943 καὶ
1077 1873 1169 1962 τριή-
1221 1899 1222 1926 ³

164 1999 267 2040 κοντα
291 1971 456 2061 ὀργυιέων
480 1981 648 2063 γίνονται,
680 1977 810 2045 στάδιοι
842 1978 879 2044 δὲ
903 1974 1092 2063 τριηκόσιοι
1117 1977 1169 2041 καί
1221 2006 1223 2077 η

164 2081 344 2160 τρισχίλιοι.
379 2071 480 2162 ὁμέν
500 2103 566 2145 νυν
587 2078 718 2157 Πόντος
739 2070 838 2156 οὗτος
860 2077 916 2144 καὶ
935 2073 1115 2162 Βόσπορός
1138 2099 1169 2140 τε
1221 2124 1223 2159 ,

34 2227 38 2235 x
163 2179 218 2243 καλ
226 2172 468 2263 Ἑλλήσποντος
481 2177 569 2246 οῦτω
590 2182 629 2247 τέ
644 2205 702 2265 μοι
720 2182 937 2265 μεμετρέαται
958 2174 1116 2245 καὶκατὰ
1132 2173 1168 2241 τά
1221 2202 1223 2299 ή

158 2276 315 2365 εἰρημένα
339 2274 524 2363 πεφύκασι,
550 2275 726 2362 παρέχεται
750 2275 788 2345 δὲ
810 2276 867 2344 καί
893 2283 1015 2363 λίμνην
1039 2268 1171 2344 ὁΠόν-
1221 2306 1223 2373 }

156 2401 213 2456 τος
244 2378 444 2444 ἐκδιδοῦσαν
475 2379 507 2454 ές
544 2374 688 2462 έω-υτόν,
722 2373 764 2445 ού
796 2381 910 2467 πολλῶ
940 2376 1007 2467 τέῳ
1040 2374 1170 2444 ἐλάσσω

158 2471 303 2558 ἑωυτοῦ,
328 2468 510 2559 ήλίαιήτίς
525 2499 560 2541 τε
575 2477 726 2543 καλέεται
746 2477 801 2543 καὶ
817 2472 926 2562 μήτηρ
940 2471 1165 2544 τοῦΠόντου.
1221 2502 1223 2564 3

108 2565 189 2642 87‘0
203 2569 240 2636 δέ
253 2578 398 2657 Δαρεῖος
420 2569 464 2649 ῶς
485 2570 652 2659 έθηήσατο
673 2569 735 2641 τόν
753 2574 906 2660 Πόντον,
929 2578 1039 2641 έπλωε
1059 2569 1168 2640 ὀπίσω
1221 2569 1223 2575 ’

157 2667 210 2735 ε’πλ
224 2665 286 2755 τήν
300 2675 470 2762 γέφυραν,
491 2683 549 2762 τῆς
561 2673 761 2763 άρχιτέκτων
772 2681 905 2766 ἐγένετο
917 2679 1167 2764 Μανδροκλέης

48 2787 51 2794 “
155 2769 301 2857 Σάμιος·
316 2776 531 2862 θηησάμενος
543 2779 579 2846 δὲ
591 2784 645 2846 καί
655 2779 903 2867 τόνΒόσπορον
914 2778 1038 2866 στήλας
1051 2784 1169 2866 ἔστησε

158 2870 220 2936 δύο
236 2868 288 2937 ἐπ’
306 2868 396 2961 αύτῷ
411 2881 514 2941 λίθου
528 2883 670 2963 λευκοῦ,
693 2876 846 2965 ένταμῶν
860 2876 1041 2965 γράμματα
1056 2880 1092 2956 ές
1107 2879 1168 2964 μὲν

155 2967 217 3056 τήν
235 2967 409 3057 Ἀσσύρια,
432 2975 464 3050 ές
482 2973 517 3039 δέ
538 2971 600 3059 τήν
611 2971 805 3062 Ἑλληνικά,
828 2981 932 3044 ἔθνεα
947 2971 1170 3058 πάντα,ὃ’σα-
1221 3040 1223 3067 Ι

155 3089 217 3149 περ
238 3060 315 3154 ήγει
341 3059 402 3155 ήγε
422 3069 458 3138 δὲ
482 3069 608 3157 πάντα,
631 3079 699 3141 τῶν
718 3067 816 3162 ήρχε·
848 3073 981 3142 τούτων
1000 3071 1168 3160 μυριάδες

155 3164 430 3254 ἐξηριθμήθησαν
451 3173 549 3255 χωρὶς
572 3180 633 3239 τοῦ
654 3181 818 3243 ναυτικοῦ
842 3171 1078 3261 ἑβδομήκοντα
1102 3171 1167 3241 σὺν
1221 3166 1223 3171 ’

154 3266 307 3349 ι’ππεῦσι,
329 3269 402 3345 νέες
416 3267 452 3335 δέ
466 3268 633 3348 ἑξακόσιαι
648 3277 910 3361 συνελέχθησαν.
934 3279 1010 3362 τῇσι
1022 3275 1089 3359 μέν
1100 3300 1168 3342 νυν

154 3358 291 3446 στήλῃσι
314 3363 452 3452 ταύτῃσι
472 3367 666 3458 Βυζάντιοι,
689 3380 887 3458 κομίσαντες
909 3374 943 3452 ές
962 3368 1028 3458 τήν
1049 3371 1167 3455 πόλιν,

153 3455 296 3539 ὕστερον
313 3461 442 3528 τούτων
457 3465 638 3552 ἐχρήσαντο
652 3468 737 3553 πρός
751 3469 812 3540 τόν
825 3470 945 3560 βωμόν
959 3478 1019 3559 τῆς
1031 3469 1163 3560 Ὀρθω
