2500 3925
362 288 446 344 ΗΒ.
468 288 503 345 11.
533 288 632 347 σου.
654 296 817 350 ιεε-ιει
1029 286 1089 349 195

96 444 330 539 έστι(άνυδρος
337 449 404 542 γάρ
412 450 456 539 δῆ
465 456 583 533 δεινός
594 455 667 522 έστί
672 452 694 541 ῆ
704 452 880 543 ταότη),έκ
890 462 953 525 τοῦ
962 464 1090 527 Νείλου

97 552 132 619 δὲ
142 550 226 620 κατὰ
241 552 391 641 διάρυχα
404 557 552 644 ἐσῆκται,
572 560 628 627 καὶ
649 562 683 641 ἓξ
695 558 758 646 μέν
771 562 877 645 μῆνας
897 564 961 625 έσεο
975 561 1046 645 ρέει
1057 562 1091 639 ές

95 651 153 741 τῆν
164 659 306 742 λίμνην,
326 659 361 737 δξ
379 657 419 725 δέ
431 664 537 747 μῆνας
556 664 617 741 ἔξω
631 661 664 739 ές
676 657 735 729 τόν
748 666 876 729 Νείλου
895 650 999 738 αὖτις.
1035 662 1090 729 καί

95 759 195 828 έαεοὶν
208 765 272 848 μὲν
287 767 383 851 έκρέη
399 768 475 849 ἔξω,
491 762 512 851 ῆ
527 766 565 833 δὲ
577 764 652 833 τότε
666 764 745 844 τοός
759 770 792 846 ἓξ
809 772 917 854 μῆνας
929 769 963 844 ές
976 763 1013 833 τό
1028 774 1092 853 βα-

95 860 224 949 σιλήιον
236 864 437 951 καταβάλλει
461 862 515 932 έκ’
537 862 666 951 ῆμέρην
687 865 830 950 ἑκάστην
849 864 1013 932 τάλαντον
1029 860 1091 945 άρ-

95 970 213 1048 γυρίου
224 965 262 1031 έκ
272 969 342 1031 τῶν
351 964 498 1049 ίχθόυυ,
512 961 615 1032 έτεάν
630 964 667 1032 δὲ
681 965 752 1051 έσίη
764 961 801 1031 τό
817 962 909 1048 ὕδωρ
925 966 960 1042 ές
973 960 1090 1049 αῦτῆυ,

96 1070 198 1129 εἴκοσι
212 1067 324 1148 μνέας.
359 1062 502 1147 Ἔλεγον
522 1063 559 1130 δέ
581 1068 616 1129 οί
638 1063 806 1150 έπιχάριοι
829 1065 884 1131 καί
906 1059 951 1141 ὥς
975 1064 1010 1140 ές
1029 1062 1091 1147 τῆν
1103 1082 1155 1137 150

95 1158 222 1243 Σύρτιν
236 1159 301 1245 τῆν
316 1164 350 1238 ές
363 1161 495 1248 Λιβύην
510 1163 639 1229 έκδιδοί
655 1157 676 1246 ἡ
698 1166 797 1247 λίμνη
819 1158 903 1246 αὕτη
924 1156 991 1227 ὑπό
1013 1164 1089 1246 γῆν,

95 1258 297 1342 τετραμμένη
309 1254 348 1324 τό
363 1254 446 1340 πρός
462 1259 606 1343 ἑσπέρην
620 1259 654 1334 ές
669 1254 732 1343 τῆν
746 1256 927 1343 μεσόγαιαν
942 1254 1032 1342 τιαρά
1049 1252 1087 1322 τό

95 1347 192 1440 οὖρος
204 1351 244 1421 τό
259 1351 345 1440 ὑπὲρ
358 1357 526 1440 Μέμφιος.
549 1358 623 1423 έαεί
633 1380 668 1421 τε
684 1354 720 1421 δὲ
733 1360 795 1422 τοῦ
809 1352 995 1441 ὀρύγματος
1008 1353 1089 1420 τοό-

96 1478 152 1520 του
165 1448 230 1519 οόκ
246 1448 354 1538 άρεον
371 1447 432 1517 τόν
447 1457 531 1536 χοῦν
551 1448 703 1537 οὐδαμοῦ
720 1450 832 1536 έόντα,
853 1450 1002 1537 έτιιμελὲς
1023 1446 1088 1535 γάρ

94 1549 204 1636 δῆμοι
219 1542 280 1637 ῆν,
303 1549 442 1635 είρόμηυ
461 1545 541 1627 τοός
554 1548 691 1634 ἄγχιστα
706 1552 874 1626 οἰκέοντας
890 1554 947 1633 τῆς
960 1552 1087 1632 λίμνης,

95 1645 175 1714 ὅκου
191 1656 243 1732 είη
262 1644 281 1714 ό
296 1653 376 1732 χοῦς
395 1644 414 1714 ό
432 1649 632 1731 ἐξορυχθείς.
662 1650 697 1713 οί
714 1646 751 1715 δέ
767 1644 919 1733 ἔφρασάν
935 1669 1008 1730 μοι,
1030 1645 1087 1708 ἵνα

95 1744 297 1831 ἐξεφορήθη,
319 1747 375 1811 καί
390 1741 552 1822 εὐπετέως
566 1749 721 1812 έιιευθον·
742 1744 823 1832 ῆδεα
839 1740 904 1829 γάρ
924 1741 1013 1831 λόγφ
1032 1742 1087 1806 καί

96 1844 129 1906 ἐν
139 1846 235 1930 Νίνφ
255 1846 296 1928 τῆ
311 1836 495 1925 Ἀσσυρίοιυ
511 1840 590 1908 πόλι
611 1841 795 1927 γευόμενον
811 1843 925 1923 ἕτερον
944 1842 1085 1905 τοιοῦτο.

98 1934 132 2003 τά
150 1934 215 2021 γάρ
230 1937 523 2021 Σαρδαναπάλλου
546 1943 608 2006 τοῦ
629 1943 740 2006 Νίνου
764 1939 916 2025 βασιλέος
938 1932 1086 2021 χρήματα

96 2039 187 2103 ἐόντα
207 2036 337 2123 μεγάλα
358 2037 675 2123 καὶ·φυλασσόμενα
698 2040 736 2105 έν
758 2046 960 2122 θησαυροῖσι
984 2058 1085 2100 κατα-

95 2139 211 2217 γαίοισι
232 2134 419 2220 ἐπενόησαν
439 2143 569 2214 κλῦιτες
594 2140 777 2221 ἐκφορῆσαι
820 2135 856 2200 έκ
881 2129 921 2218 δῆ
947 2123 996 2198 όν
1017 2137 1084 2197 τῶν

96 2231 265 2315 σφετέρου
280 2237 395 2298 οίκίοιν
417 2229 598 2318 ἀρξάμενοι
614 2237 649 2298 οί
666 2237 794 2308 κλῶπες
813 2225 880 2296 ὑιιό
901 2233 965 2314 γῆν
979 2236 1084 2294 σταθ-

93 2325 245 2412 μεόμενοι
267 2330 300 2403 ές
323 2325 364 2394 τά
388 2328 543 2413 βασιλήια
567 2334 654 2396 οίκία
676 2327 846 2413 ὤρυσσον,
872 2323 932 2391 τόν
951 2327 987 2392 δὲ
999 2331 1083 2411 χοῦν

95 2417 150 2487 τόν
161 2422 408 2509 ἐκφορεόμενον
421 2426 458 2490 έκ
471 2431 532 2490 τοῦ
548 2422 746 2511 όρόγματος,
764 2420 851 2500 ὅκως
868 2426 991 2508 γίνοιτο
1009 2419 1082 2506 νὺξ,

96 2517 128 2594 ές
136 2515 194 2584 τόν
212 2524 331 2606 Τίγριν
345 2517 496 2606 ποταμόν
515 2524 747 2607 παραρρέοντα
766 2515 828 2606 τῆυ
841 2525 951 2588 Νίνον
965 2517 1082 2604 έξεφό-

96 2637 183 2696 ρεον,
206 2617 239 2692 ές
258 2611 281 2682 ό
300 2617 546 2702 κατεργάσαντο
566 2617 634 2684 ὅτι
647 2617 835 2703 ἐβούλοντο.
852 2615 1002 2680 τοιοῦτον
1012 2617 1082 2682 ἰτε-

96 2735 150 2791 ρον
162 2708 291 2798 ἥκουσα
300 2708 698 2804 κατάτότῆςένΑίγόιιτφ
712 2719 829 2800 λίμνης
842 2711 973 2799 ὄρυγμα
986 2713 1081 2797 γενέ-

96 2819 185 2895 σθαι,
201 2806 291 2896 πλὴν
310 2807 353 2877 οὐ
371 2809 510 2896 νυκτός,
528 2809 612 2879 άλλά
628 2810 700 2897 μετ’
716 2809 843 2898 ἡμέρην
862 2810 1079 2895 ποιεόμενον·

96 2901 291 2986 ὀρύσσοντας
306 2903 372 2992 γάρ
386 2904 448 2974 τόν
468 2913 552 2991 χοῦν
566 2903 646 2983 τοῦς
659 2913 863 2992 Αἰγυπτίους
876 2909 910 2984 ές
925 2902 985 2972 τόν
997 2912 1081 2971 Νεί-

95 3007 149 3067 λου
161 3006 313 3088 φορέειυ,
334 3001 353 3070 ὁ
369 3004 406 3070 δέ
419 3001 669 3091 ὑπολαμβάνων
683 3010 797 3090 ἔμελλε
811 3006 961 3089 διαχέειν.
982 2998 1003 3087 ῆ
1019 3004 1080 3085 μέν

94 3120 152 3162 νυν
164 3106 262 3186 λίμνη
279 3097 364 3186 αὕτη
377 3099 467 3168 οὕτω
482 3094 611 3186 λέγεται
628 3098 822 3186 ὀρυχθῆναι.

172 3202 246 3263 Τῶν
263 3197 301 3263 δέ
316 3194 469 3264 δυόδεκα
482 3198 647 3283 βασιλέων
667 3194 862 3282 δικαιοσύνη
882 3197 1079 3280 χρεομέυωυ,
1099 3212 1141 3265 ίοί

93 3283 151 3356 όυά
175 3291 298 3376 χρόνον
322 3291 366 3370 ὦς
387 3299 517 3360 ἔθυσαν
537 3296 574 3360 έν
593 3300 640 3382 τῷ
659 3297 721 3383 ἱρῷ
740 3298 801 3358 τοῦ
815 3287 1014 3375 Ἡφαίστου,
1038 3299 1078 3378 τῇ

93 3382 204 3480 ὑστάτη
226 3397 286 3480 τῆς
306 3387 405 3480 ὁρτῆς
423 3392 614 3479 μελλόντων
633 3389 904 3462 καταστείσεινό
925 3391 1080 3483 όιρχιρεός

92 3488 229 3578 ἕξῆνεικέ
239 3513 301 3574 σφι
319 3492 441 3579 φιάλας
459 3497 616 3582 χρυσέας,
638 3499 779 3580 τῆσίττερ
811 3491 962 3560 έόθεσαυ
976 3494 1076 3559 στέν-

276 3586 279 3593 “
871 3593 924 3647 13*
