2500 3925
68 310 76 326 ,
154 243 196 309 οε
306 305 316 312 ,
531 251 783 310 οεοοοοτι

153 401 303 491 ἀριθμόν
315 403 491 494 ἑξήκοντα,
511 403 666 492 ήντίαζου
680 409 713 486 ές
732 405 771 476 τό
786 407 980 495 Σαρδόνιον
993 405 1153 494 καλεόμε-

153 531 216 574 νον
226 507 377 591 πέλαγος.
403 505 708 592 σνμμισγόντωνδὲ
717 531 758 594 τη
743 511 933 596 ναυμαχίη
941 509 1094 592 Καδμηίη
1102 529 1154 582 τις

137 609 229 690 νίκη
246 617 331 672 τοῖσι
342 608 532 672 Φωκαιεῦσι
547 603 686 688 ἐγένετο.
714 605 801 690 αίμέ
802 630 823 671 ν
835 601 899 692 γάρ
911 599 1153 689 τεσσεράκοντά

152 719 213 786 σφι
228 703 301 779 νέες
318 701 570 787 διεφθάρησαν,
593 705 630 769 αί
642 701 679 768 δὲ
693 709 797 769 είκοσι
812 705 849 768 αί
860 706 1052 788 περιεοῦσαι
1066 691 1152 786 ἦσαν

152 795 323 884 ἄχρηστοι·
346 795 581 888 ἀπεστράφατο
600 796 666 886 γάρ
682 797 760 878 τους
776 799 948 886 ἐμβόλους.
978 794 1156 866 καταπλεό-

152 913 269 974 σαυτες
279 896 316 964 δέ
328 893 410 974 ές
374 921 436 984 την
443 895 596 984 Ἀλαλίην
610 895 778 984 ἀνέλαβον
789 919 829 962 τα
817 891 942 964 τέκνα
952 891 1055 962 καλ
1018 918 1078 972 τας
1090 916 1155 977 γυ-

152 1009 268 1074 ναλκας
282 997 338 1062 καλ
358 992 420 1082 τήν
439 994 545 1082 ἀλλην
565 1002 700 1083 κτῆσιν,
723 991 807 1080 ὅσην
821 987 891 1062 οἷαί
903 1018 938 1060 τε
956 995 1104 1079 έγίνοντυ
1120 991 1157 1056 αί
1241 1073 1242 1090 ἦ

150 1099 223 1174 νέες
238 1113 300 1182 σφι
314 1093 426 1181 ἀγειν,
443 1099 499 1164 καλ
509 1102 639 1182 Ιέπειτεν
653 1093 790 1172 ἀπέντες
800 1090 862 1179 τήν
879 1091 1013 1178 Κύρνον
1024 1096 1157 1158 ἔπλωον

91 1207 141 1265 167
150 1195 184 1272 ές
191 1191 333 1281 Ῥήγιον.
370 1199 446 1260 Τῶν
457 1196 493 1261 δὲ
507 1195 777 1282 διαφθαρεισέων
791 1197 879 1260 νεῶν
893 1188 972 1270 τοὺς
983 1187 1108 1276 ἀνδρας
1119 1187 1156 1253 οἳ

150 1317 186 1358 τε
198 1289 424 1378 Καρχηδόνιοι
434 1293 490 1360 καὶ
503 1296 538 1361 οἱ
553 1294 720 1378 Τυρσηνοί
732 1343 843 1360 .......
861 1288 982 1376 ἔλαχόν
992 1314 1028 1356 τε
1038 1284 1150 1354 αὐτῶν

150 1396 263 1480 πολλῷ
291 1393 429 1476 πλέους,
459 1393 516 1458 καί
536 1388 915 1476 τοάτουςέξαγαγόυτες
938 1391 1151 1458 κατέλευσαν.

151 1485 231 1574 μετά
248 1485 284 1555 δὲ
300 1483 523 1573 Ἀγυλλαίοισι
539 1489 649 1558 πάντα
663 1487 704 1557 τά
717 1487 881 1575 παριόντα
899 1484 959 1556 τὸν
971 1494 1098 1574 χῶρον,
1115 1488 1155 1554 έν

150 1592 195 1675 τῷ
217 1588 252 1652 oc
270 1588 436 1664 Φωκαιέες
463 1589 746 1665 καταλευσθέντες
768 1589 897 1673 ἐκέατο,
927 1588 1052 1672 έγίνετο
1076 1585 1154 1652 διά-

151 1705 280 1773 στροφα
294 1686 349 1754 καὶ
363 1690 492 1774 ἔμπηρα
506 1689 561 1755 καὶ
572 1684 785 1773 ἀπόπληκτα,
800 1684 923 1775 ὁμοίως
937 1685 1087 1774 πρόβατα
1097 1685 1154 1751 καλ

150 1783 313 1872 υποζίγια
334 1789 389 1854 καλ
408 1783 594 1873 ἀυθρωποι.
623 1789 658 1853 οί
679 1787 715 1852 δὲ
732 1782 919 1871 Ἀγυλλαῖοι
940 1785 974 1864 ές
994 1777 1154 1902 Δελφοὺς

149 1891 312 1979 ἔπεμπον,
334 1883 535 1973 βουλόμενοι
556 1880 740 1952 ἀκέσασθαι
761 1880 823 1970 τὴν
848 1877 1032 1969 ἀμαρτάδκ
1064 1877 1084 1968 ή
1116 1879 1154 1946 δὲ

147 1990 263 2069 Πυθίη
279 1985 382 2069 σφέας
398 1984 549 2051 ἐκέλευσε
562 1986 689 2050 ποιέειν
703 2007 744 2049 τα
732 1980 815 2049 καὶ
829 2008 895 2049 νυν
910 1986 944 2049 oc
960 1978 1153 2067 Ἀγυλλαῖοι

148 2087 197 2149 έτι
220 2084 437 2150 ἐπιτελέουσι
470 2086 524 2150 καλ
543 2079 609 2168 γὰρ
634 2084 822 2168 ἐναγίζουσί
839 2102 901 2168 σφι
921 2082 1072 2168 μεγάλως
1094 2082 1153 2147 καί
1242 2104 1243 2161 ι

147 2176 263 2264 ἀγωνα
284 2177 450 2265 γυμνικόν
471 2182 526 2247 καὶ
546 2178 685 2249 ίππικδν
705 2184 862 2249 ἐπιστᾶσι.
899 2172 1014 2249 καὶ
970 2206 1066 2248 ουτοι
1087 2179 1154 2266 μὲν

147 2282 215 2343 τῶν
226 2278 407 2344 Φωκαιέων
419 2277 560 2368 τοιοότφ
574 2278 669 2369 μόρφ
684 2277 917 2365 διεχρήσαντο,
939 2283 974 2346 oc
985 2277 1021 2346 δὲ
1037 2273 1153 2345 αὐτῶν

147 2375 180 2453 ές
193 2370 230 2441 πδ
246 2371 377 2462 Ῥήγιον
393 2376 644 2462 καταφυγόντες
660 2380 820 2447 ἐνθεῦτεν
836 2374 1037 2467 ὁρμεόμευοι
1052 2378 1153 2463 έκτή-

147 2491 249 2539 σαντο
264 2472 365 2540 πόλιν
383 2479 444 2559 γῆς
457 2480 514 2561 τῆς
530 2480 715 2562 Οἰνωτρίης
728 2476 871 2563 ταύτην,
892 2474 965 2563 ἥτις
981 2482 1046 2545 νῦν
1055 2473 1151 2563 ’Τέλη

146 2576 304 2640 καλέεται.
328 2575 461 2644 ἔκτισαν
476 2573 513 2641 δὲ
531 2574 659 2661 ταύτην
679 2572 763 2663 πρὸς
778 2570 901 2661 ἀνδρδς
917 2575 1151 2660 Ποσειδωνιή-

145 2693 208 2735 τεω
223 2666 407 2755 μαθόντες,
423 2665 468 2748 ὡς
477 2667 538 2738 τόν
552 2672 692 2759 Κάρνον
706 2691 766 2758 σφι
781 2669 801 2759 ἡ
813 2680 929 2759 Πυθίη
945 2679 1061 2761 ἔχρησε
1075 2679 1149 2741 κτί-

145 2785 200 2833 σαι
213 2762 307 2853 ήρων
323 2765 438 2853 έόντα,
460 2764 535 2837 ἀλλ’
552 2766 594 2836 οὐ
608 2767 671 2857 τήν
686 2777 799 2855 νήσου.
834 2780 989 2860 Φωκαίης
1002 2775 1065 2859 μέν
1079 2797 1151 2839 νυν

86 2864 272 2950 Ιδθπέρι
232 2889 290 2949 της
304 2860 360 2931 ἐν’
355 2871 460 2955 Ιωυίη
477 2891 584 2946 ουτως
598 2873 681 2953 ἔσχε.
706 2871 927 2958 Παραπλήσια
945 2873 981 2941 δέ
994 2872 1148 2939 τούτοισι

142 2964 197 3028 καί
216 2960 310 3048 Τήιοι
327 2965 502 3050 ἐποίησαν·
536 2969 609 3033 έπεί
594 2971 641 3032 ίτε
664 2967 729 3054 γάρ
751 2988 864 3055 σφεων
880 2965 946 3039 εἷλε
962 2972 1089 3059 χώματι
1106 2969 1147 3039 τό

141 3072 245 3144 τεῖχος
258 3056 441 3147 Ἀρπαγος,
462 3063 618 3150 έσβάυτες
638 3066 760 3145 πάντες
781 3066 869 3147 ές
835 3094 873 3135 ια
895 3078 996 3138 πλοῖα
1013 3080 1147 3158 οίχοντο

140 3158 308 3237 πλείοντες
323 3161 376 3228 έπλ
395 3166 452 3247 τής
469 3169 630 3251 Θρηίκης,
652 3166 707 3233 καὶ
721 3169 869 3235 ἐνθαῦτα
890 3173 1024 3239 ἔκτισαν
1044 3171 1147 3239 πόλιν

133 3255 295 3345 Ἀβδηρα,
322 3254 384 3343 τήν
409 3258 569 3348 πρότερος
591 3264 722 3332 τούτων
738 3269 961 3353 Κλαζομένιος
986 3270 1146 3357 Τιμήσιος

143 3358 256 3431 κτίσας
275 3349 338 3420 οὐκ
359 3349 532 3443 ἀπόνητο,
554 3355 629 3427 ἀλλ’
646 3358 713 3430 ὑπὸ
729 3370 884 3451 Θρηίκων
906 3369 1073 3447 ἐξελαθεὶς
1093 3393 1143 3436 τι·

142 3450 207 3545 μάς
220 3461 285 3519 νῦν
301 3449 368 3522 υπδ
387 3461 498 3534 Τηίων
512 3465 581 3525 τῶν
596 3463 634 3527 έν
646 3458 873 3549 Ἀβδήροισι”
851 3490 894 3543 ως
910 3462 1000 3551 ἥρως
1016 3471 1091 3552 ἔχει.
1148 3514 1149 3517 ¹
