2500 3925
164 266 225 330 196
537 265 797 328 HERODOTI

165 449 254 526 δειν,
269 437 428 529 ἀμαρτύν
440 465 501 507 του
486 434 664 531 ἀριθμοῦ
677 439 798 507 ἕνδεκα
812 433 971 505 δυόδεκα
985 435 1092 501 ἐοῦσι.
1119 431 1166 497 ἐν·

163 548 277 613 θαῦτα
303 538 347 622 ῦς
374 538 437 611 ούκ
464 539 535 629 εἶχε
557 535 727 629 φιάλην
712 568 730 609 ο
757 546 892 627 ἔσχατος
920 532 1041 614 ἑστεῦς
1064 528 1168 603 αύτῦν

105 667 109 677 ’
167 647 451 735 Ψαμμήτιχος,
468 642 705 733 περιελόμενος
725 640 788 731 τὴν
806 640 933 728 κυυέην
951 640 1079 707 ἐοῦσαν
1099 642 1169 723 χαλ-

163 755 244 838 κέην
268 748 452 836 ὑπέσχετε
478 749 534 815 καὶ
562 750 710 814 ἐσπενδε.
744 749 866 823 κυνέας
892 744 1007 813 δὲκαὶ
1029 739 1168 809 οίάλλοι

162 850 308 927 άπαντες
323 846 469 933 ἐφόρεόν
483 872 520 913 τε
539 850 690 933 βασιλέες
705 846 761 912 καὶ
780 845 965 930 ἐτύγχανον
985 840 1062 911 τότε
1081 846 1168 927 ἐχου-

162 976 223 1030 τες.
261 945 479 1037 Ψαμμήτιχος
499 949 562 1033 μέν
582 970 650 1012 νυν
670 940 785 1011 οὐδενὶ
800 948 928 1034 δολερῷ
943 942 1013 1033 νόφ
1035 939 1169 1029 χρεόμε-

160 1076 220 1129 νος
235 1046 357 1134 ὑπέσχε
377 1044 439 1133 τὴν
456 1040 600 1132 κυνέην,
621 1050 656 1112 αι’
676 1046 713 1112 δὲ
733 1047 771 1112 ἐν
792 1045 892 1131 φρενὶ
906 1043 1070 1131 λαβόντες
1084 1040 1124 1111 τό
1138 1066 1169 1107 τε

162 1145 309 1232 ποιηθέν
322 1148 359 1212 ἐκ
366 1148 587 1230 Ψαμμητίχου
599 1146 655 1210 καὶ
671 1139 708 1209 τό
724 1141 944 1229 χρηστήριον,
961 1140 1024 1209 ὅτι
1039 1143 1170 1227 ἐκέχρη-

162 1244 223 1312 στό
246 1263 324 1328 σφι,
351 1241 412 1310 τόν
435 1245 558 1330 χαλκέη
579 1248 762 1310 σπείσαντα
788 1238 901 1309 αὑτοῖν
926 1240 1033 1329 φιάλη
1053 1244 1170 1309 τοῦτον

161 1346 299 1431 βασιλέα
316 1347 454 1410 ἔσεσθαι
470 1346 600 1426 μοῦνον
614 1338 802 1426 Αἰγύπτου,
824 1336 1103 1456 ἀναμνησθέντες
1115 1339 1171 1402 τοῦ

161 1446 312 1565 χρησμοῦ
332 1454 460 1508 κτεῖναι
480 1442 543 1526 μέυ
561 1436 625 1505 ούκ
647 1440 848 1505 ἐδικαίωσαν
866 1433 1114 1559 Ψαμμήτιχον,
1133 1430 1172 1512 ῦς

162 1537 367 1660 ἀνεύρισκον
387 1544 622 1626 βασανίζοντες
649 1539 681 1617 ἐξ
708 1535 866 1623 οὐδεμιῆς
886 1542 1049 1624 προνοίης
1072 1533 1173 1605 αὐτόν

162 1638 366 1726 ποιήσαντα,
389 1639 422 1716 ἐς
444 1634 531 1705 δέ
494 1664 535 1704 τα
556 1638 632 1704 ἕλεα
647 1639 742 1716 ἐδοξέ
754 1654 815 1722 σφι
833 1639 948 1715 διῶξαι
963 1633 1174 1716 ψιλώσαντας

161 1735 354 1806 τὰπλεῖστα
367 1743 426 1823 τῆς
443 1736 623 1823 δύναμιος,
647 1737 683 1802 ἐκ
701 1735 738 1803 δέ
753 1742 823 1802 τῶν
840 1734 943 1802 ἐλέων
964 1731 1174 1821 ὑρμεόμευον

98 1855 146 1910 Ιὸλ
161 1833 205 1924 μή
222 1838 457 1922 ἐπιμίσγεσθαι
470 1842 512 1924 τῇ
527 1833 612 1921 άλλη
622 1834 792 1925 Αίγύπτφ.
830 1831 900 1902 Τόν
911 1833 1175 1921 δὲΨαμμὴτιχον

161 1940 284 2004 τοῦτον
305 1932 472 2021 πρότερον
489 1934 663 2020 φεύγοντα
682 1929 743 2001 τόν
759 1938 913 2002 Αἰθίοπα
926 1932 1118 2020 Σαβακὺν,
1140 1928 1175 2008 ός

163 2038 199 2103 οί
210 2031 272 2101 τόν
286 2036 413 2119 πατέρα
426 2029 550 2100 Νεκῦυ
565 2030 754 2118 ἀπέκτεινε,
776 2038 899 2100 τοῦτον
913 2031 1089 2118 φεύγοντα
1103 2029 1176 2098 τότε

163 2134 197 2209 ἐς
212 2135 361 2216 Συρίην,
385 2126 430 2208 ὡς
450 2127 650 2216 ἀπηλλάχθη
670 2132 706 2198 ἐκ
727 2137 784 2215 τῆς
801 2127 899 2211 όψιος
920 2137 981 2197 τοῦ
999 2127 1137 2216 ὀνείρου
1158 2123 1174 2194 ό

162 2232 311 2313 Αἰθίοψ,
326 2226 519 2313 κατήγαγον
528 2234 725 2315 Αἰγυπτίων
739 2221 907 2315 οὑτοι,ὶ
875 2230 954 2296 οἳέκ
969 2235 1081 2314 νομοῦ
1092 2232 1177 2296 Σαΐ-

161 2323 227 2392 τεῦ
249 2328 323 2391 είσι.
357 2322 439 2409 μετά
462 2325 499 2392 δέ
523 2325 746 2411 βασιλεύοντα
762 2322 800 2392 τό
822 2323 984 2412 δεύτερον
999 2321 1087 2412 πρός
1110 2331 1177 2394 τῶν

163 2426 284 2490 ἕνδεκα
294 2425 462 2507 βασιλέων
476 2423 724 2509 καταλαμβάνει
736 2448 796 2508 μιν
807 2420 911 2489 διά
875 2447 938 2507 την
949 2427 1080 2510 κυνέην
1092 2423 1176 2509 φεύ-

162 2546 237 2607 γειν
258 2523 291 2597 ἐς
312 2515 353 2585 τά
375 2522 460 2587 ἕλεα
495 2511 762 2605 ἐπιστάμενος
734 2545 799 2605 αν,
829 2516 874 2597 ὡς
893 2523 1178 2608 περιυβρισμένος

165 2626 216 2702 εἴη
248 2611 333 2701 πρὸς
360 2613 491 2701 αὐτῶν,
525 2615 661 2682 ἐπενόεε
690 2621 847 2683 τίσασθαι
873 2615 953 2696 τοῦς
981 2620 1176 2701 διώξαντας.

163 2714 331 2799 πέμψαντι
354 2714 443 2781 δέί
408 2738 426 2779 ο
428 2715 490 2792 ίές
503 2720 659 2781 Βουτοῦν
673 2712 774 2779 πόλιν
794 2710 881 2791 ἐς
846 2739 884 2780 το
899 2717 1107 2804 χρηστήριον
1120 2723 1178 2801 τῆς

162 2819 304 2899 Λητοῦς,
320 2819 406 2882 ἔνθα
421 2811 463 2902 δὴ
473 2819 694 2901 Αἰγυπτίοισί
704 2817 773 2883 ἐστι
787 2815 951 2906 μαντήιον
964 2813 1176 2899 ἀψευδέστα-

96 2996 98 3000 ,
162 2941 237 3002 τον,
263 2908 351 3007 ἦλθε
370 2913 533 3007 χρησμός,
554 2911 599 2996 ῦς
617 2923 702 2997 τίσις
720 2913 790 3005 ἥξει
810 2914 875 2986 ἀπὸ
895 2918 1071 3006 θαλάσσης
1097 2925 1176 3007 χαλ·

163 3020 251 3088 κέων
265 3018 402 3109 ἀνδρῶν
422 3021 667 3108 ἐπιφανέντων.
695 3021 811 3113 καὶτῷ
824 3021 887 3108 μὲν
901 3019 944 3110 δὴ
964 3017 1106 3108 ἀπιστίη
1119 3045 1177 3106 με·

162 3121 247 3209 γάλη
265 3118 451 3208 ὑπεκέχυτο
470 3123 632 3209 χαλκέους
652 3125 687 3190 οί
704 3117 830 3211 ἀνδρας
849 3120 943 3211 ἥξειν
962 3123 1178 3211 ἐπικούρους,

164 3221 287 3311 χρόνου
315 3224 353 3291 δέ
379 3220 421 3292 οῦ
446 3229 574 3293 πολλοῦ
601 3223 797 3304 διελθόντος
823 3221 991 3314 ἀναγκαίη
1013 3227 1179 3310 κατέλαβε

154 3320 274 3404 Ἴωνάς
293 3353 330 3393 τε
349 3327 407 3393 καὶ
426 3331 542 3412 Κᾶρας
565 3322 691 3415 ἀνδρας
711 3326 796 3395 κατὰ
817 3334 918 3416 ληίην
940 3325 1179 3401 ἐκπλεύσαντας

164 3423 408 3512 ἀπενειχθῆναι
419 3429 452 3507 ἐς
462 3437 649 3514 Αἴγυπτον,
664 3427 826 3516 ἐκβάντας
838 3429 875 3498 δέ
890 3431 923 3509 ἐς
932 3435 998 3519 γῆν
1007 3433 1066 3498 καὶ
1080 3425 1179 3498 ὁπλι·

165 3527 309 3595 σθέυταα
323 3534 451 3614 καλκῷ,
472 3525 625 3615 άγγέλλει
639 3535 707 3597 τῦν
720 3558 768 3608 τις
782 3536 983 3617 Αἰγυπτίων
997 3534 1031 3611 ἐς
1045 3529 1087 3600 τά
1102 3533 1184 3601 ἕλεα
