2500 3925
170 231 212 298 58
547 233 799 290 HERODOTI

171 393 293 483 στήλας
308 394 511 480 καλεομένας
531 393 587 458 καὶ
601 387 753 478 ποταμόν
767 390 957 479 Μαρσύην,
979 389 1017 470 ὃς
1033 394 1126 481 δέων
1147 393 1191 460 ἐκ

171 501 229 582 τῆς
245 490 406 580 Ἰδριάδος
420 490 530 576 χώρης
550 491 583 566 ἐς
597 486 659 556 τὸν
671 491 875 571 Μαίανδρον
892 490 1026 557 ἐκδιδοῖ.
1058 497 1191 556 συλλε-

171 595 324 678 χθέντων
339 590 376 658 δέ
390 595 459 656 τών
474 593 599 672 Καρών
614 588 765 656 ἐνθαῦτα
780 589 931 671 ἐγίνοντο
944 590 1067 675 βουλαί
1080 585 1189 656 ᾶλλαι

171 717 207 759 τε
223 690 343 758 πολλαὶ
356 689 411 756 καὶ
426 684 543 774 ᾶρίστη
557 711 596 770 γε
611 688 776 754 δοκέουσα
790 684 876 754 εἶναι
891 689 964 774 ἐμοὶ
975 687 1188 773 Πιξωδάρου

170 796 233 858 τοῦ
248 787 447 856 Μαυσώλου
461 781 586 872 ᾶνδρδς
596 785 777 871 Κινδυέος,
793 782 830 863 ὃς
843 792 905 854 τοῦ
915 791 1066 855 Κιλίκων
1082 792 1177 872 βασε

170 890 245 966 λεός
261 888 465 963 Συεννέσιος
486 882 750 971 ελχέθνγατέρα.
782 884 907 952 τούτου
927 892 990 953 τοῦ
1010 881 1141 968 ἀνδρὸς
1163 879 1187 968 ἡ

170 988 288 1076 γνώμη
304 992 404 1075 ἔφερε
418 985 598 1073 διαβάντας
614 981 676 1052 τόν
685 989 890 1071 Μαίανδρον
904 982 984 1064 τούς
994 977 1118 1072 Κᾶρας
1128 986 1189 1052 καὶ

171 1085 256 1158 κατᾶ
271 1085 382 1155 νώτου
399 1088 533 1171 ἔχοντας
545 1081 607 1152 τόν
620 1080 772 1170 ποταμόν
783 1082 873 1154 οὕτω
888 1083 1109 1172 συμβάλλειν,
1124 1086 1188 1152 ἵνα

171 1185 216 1275 μή
239 1191 369 1273 ἔχοντες
395 1184 499 1254 ὀπίσω
522 1184 664 1271 φεύγειν
688 1189 723 1252 οί
740 1190 851 1270 Κᾶρες
876 1182 983 1253 αὐτοῦ
1006 1210 1043 1253 τε
1064 1189 1189 1272 μένειν

171 1281 435 1369 ᾶναγκαζόμενοι
449 1289 602 1370 γενοίατο
617 1288 666 1351 ἔτι
679 1280 854 1368 ᾶμείνονες
865 1290 925 1370 τῆς
938 1284 1071 1370 φύσιος.
1094 1281 1187 1369 αὕτη

171 1387 235 1470 μέν
244 1408 311 1449 νυν
321 1380 384 1450 οὐκ
396 1384 490 1451 ἐνίκα
499 1379 521 1468 ή
531 1380 661 1467 γνώμη,
671 1377 755 1449 ᾶλλᾶ
766 1383 1100 1471 τοτσιΠέρσησικατᾶ
1111 1385 1187 1451 νώ-

170 1507 233 1550 του
245 1487 403 1567 γίνεσθαι
422 1477 483 1548 τόν
498 1482 702 1563 Μαίανδρον
716 1485 846 1564 μᾶλλον
863 1476 886 1566 ή
906 1487 1018 1567 σφίσι,
1039 1480 1186 1567 δηλαδή,

170 1575 215 1666 ήν
230 1577 322 1666 φνγή
342 1584 410 1646 τών
423 1579 583 1664 Περσέων
602 1580 740 1663 γένηται
756 1578 812 1643 καὶ
826 1578 1018 1645 ἑσσωθέωσι
1036 1584 1079 1666 τῇ
1093 1597 1187 1664 συμ-

172 1685 274 1768 βολῇ,
290 1675 334 1756 ώς
349 1675 412 1746 οὐκ
427 1675 697 1764 ἀπονοστήσουσι
711 1679 745 1755 ἐς
756 1674 819 1743 τόν
832 1674 984 1764 ποταμόν
999 1680 1186 1746 ἐσπίπτον-

105 1793 155 1849 119
170 1803 231 1856 τες.
265 1773 363 1844 Μετᾶ
376 1776 412 1844 δὲ
426 1775 623 1862 παρεόντων
634 1777 691 1843 καὶ
700 1774 891 1861 διαβάντων
903 1773 966 1844 τόν
975 1781 1186 1862 Μαίανδρον

170 1884 238 1944 τών
253 1876 414 1962 Περσέων
429 1877 578 1942 ἐνθαῦτα
593 1877 647 1942 ἐπὶ
659 1880 706 1965 τῷ
720 1875 871 1965 Μαρσύη
884 1882 1022 1967 ποταμῷ
1031 1879 1186 1965 συνέβα-

169 1976 232 2071 λόν
251 2000 288 2043 τε
307 1987 394 2042 τοῖσι
413 1978 563 2063 Πέρσησι
586 1980 621 2043 οί
638 1982 750 2062 Κᾶρες
769 1978 826 2044 καὶ
847 1975 957 2065 μᾶχην
976 1979 1184 2065 ἐμαχέσαντο

170 2071 311 2160 ἰσχυρὴν
325 2076 381 2142 καὶ
395 2076 448 2153 ἐπὶ
456 2074 582 2161 χρόνον
595 2070 740 2159 πολλόν,
754 2077 847 2152 τέλος
858 2073 896 2143 δέ
910 2073 1112 2162 ἑσσώθησαν
1124 2072 1183 2143 διᾶ

170 2180 310 2259 πλῆθος.
353 2176 513 2259 Περσέων
529 2172 591 2257 μὲν
605 2169 647 2257 δή
663 2177 784 2239 ἔπεσον
799 2169 920 2261 ᾶνδρες
935 2176 969 2251 ἐς
984 2177 1183 2260 δισχιλίους,

170 2279 296 2359 Καρῶν
307 2275 343 2339 δὲ
355 2274 387 2349 ές
398 2276 549 2357 μυρίους.
566 2274 729 2339 ἐνθεῦτεν
740 2272 777 2338 δέ
787 2275 822 2338 ol
830 2271 1054 2357 διαφυγόντες
1063 2271 1182 2361 αύτᾶν

169 2371 417 2457 κατειλήθησαν
431 2374 464 2448 ἐς
475 2369 660 2457 Λᾶβρανδα
676 2367 805 2447 ἐςΔιός
818 2376 975 2457 στρατίου
988 2368 1078 2457 ίρότ,
1092 2374 1182 2457 μέγα

169 2500 206 2542 τε
226 2474 282 2540 καλ
297 2468 396 2557 ᾶγιον
411 2467 512 2547 ᾶλσος
531 2475 772 2537 πλατανίστων.
801 2474 923 2553 μοῦνοι
944 2470 981 2536 δέ
996 2476 1066 2537 τών
1082 2468 1183 2557 ἡμεῖς

170 2577 266 2657 ίδμεν
278 2570 389 2652 Κᾶρές
404 2574 478 2653 είσι,
493 2574 527 2636 οἳ
534 2570 595 2636 Διὶ
608 2572 750 2657 στρατίῳ
763 2572 887 2645 θυσίας
901 2564 1077 2653 ᾶνᾶγουσι.
1096 2595 1183 2636 κατ-

169 2671 359 2756 ειληθέντες
373 2671 410 2736 δὲ
425 2661 475 2735 ών
495 2661 590 2736 οὗτοι
605 2670 756 2751 ἐνθαῦτα
775 2664 996 2754 ἐβουλεύοντο
1016 2671 1095 2755 περὶ
1110 2689 1182 2735 σω-

168 2775 300 2856 τηρίης,
316 2764 457 2852 ὁκότερα
471 2762 495 2853 ή
512 2766 721 2853 παραδόντες
736 2766 840 2850 σφέας
854 2762 979 2843 αύτούς
988 2768 1144 2855 Πέρσησι
1157 2763 1182 2852 ή

169 2866 360 2944 ἐκλιπόντες
381 2863 420 2933 τό
442 2865 603 2952 παρύπαν
624 2861 689 2950 τήν
706 2861 819 2948 Ἀαίην
840 2860 979 2947 ᾶμεινον
998 2862 1179 2950 πρήξουσι.

105 2980 153 3033 120
168 2964 453 3048 Βουλευομίνοτσι
469 2965 511 3030 δέ
523 2981 584 3047 σφι
597 2968 703 3029 ταῦτα
722 2966 963 3047 παραγίνονται
984 2963 1181 3046 βωθέοντες

169 3063 336 3149 Μιλήσιοί
345 3086 382 3129 τε
394 3064 451 3129 καὶ
461 3065 495 3128 ολ
503 3060 635 3127 τούτων
649 3058 825 3144 σύμμαχοι.
847 3064 997 3125 ενθαῦτα
1009 3062 1047 3125 δέ
1059 3058 1104 3125 τᾶ
1116 3060 1180 3144 μὲν

169 3160 334 3248 πρότερον
343 3163 382 3227 -οί
389 3166 501 3246 Κᾶρες
512 3156 733 3246 ἐβουλεύοντο
744 3161 901 3242 μετῆκαν,
915 3160 951 3223 ol
959 3156 996 3224 δὲ
1006 3150 1105 3235 αὖτις
1114 3182 1176 3225 πο-

169 3268 281 3343 λεμεῖν
295 3258 328 3335 ἐξ
344 3254 445 3342 ἀρχῆς
462 3253 630 3343 ἀρτέοντο.
653 3259 709 3323 καὶ
729 3258 862 3323 ἐπιοῦσί
873 3279 911 3322 τε
924 3268 1010 3322 τοτσι
1025 3258 1180 3343 Πέρσησι

169 3354 400 3440 συμβάλλουσι
414 3356 470 3421 καὶ
482 3354 706 3439 μαχεσόμενοι
717 3355 770 3421 ἐπὶ
779 3358 886 3420 πλεῦν
901 3348 924 3437 ή
937 3353 1108 3441 πρότερον
1122 3358 1180 3423 ἑσ-

168 3450 346 3536 σώθησαν·
375 3451 548 3519 πεσόντων
562 3453 600 3521 δὲ
619 3457 688 3519 τᾶν
708 3449 846 3518 πάντων
860 3457 996 3521 πολλᾶν
1008 3457 1179 3544 Μιλήσιοι
