2500 3925
392 281 476 338 LIB.
507 282 554 338 lv,
598 282 695 339 w.
728 291 903 346 200-Πό.
1083 284 1145 350 381

140 459 197 526 σφι
219 447 394 525 γυναικοῖν
410 437 490 520 τούς
508 439 632 528 μαζούς
652 438 870 530 ἀποταμοῦσα
892 447 1075 529 περιέστιξε
1089 451 1146 517 καὶ

137 537 286 607 τούτοισι
301 537 338 607 τό
353 553 466 627 τεῖχος.
490 538 570 620 τούς
581 543 617 610 δὲ
628 541 768 623 λοιπούς
779 551 848 613 των
857 554 1036 633 Βαρκαίων
1045 554 1145 636 ληίην

140 638 293 704 ἐκέλευσε
312 639 440 706 θέσθαι
461 635 540 719 τούς
553 643 702 729 Πέρσας,
723 640 813 730 πλῆν
837 642 912 713 ὅσοι
929 644 1042 716 αύτιόν
1056 640 1144 735 ἦσαν

138 737 318 806 Βαττιάδαι
333 765 369 807 τε
389 743 445 808 καὶ
464 747 526 808 τοῦ
542 742 655 829 φόνου
676 741 718 812 οῦ
733 752 910 831 μεταίτιοι·
937 748 1086 817 τούτοισι
1107 748 1144 816 δδ

138 836 200 927 τῆν
214 837 315 908 πόλιν
329 839 488 927 ἐπέτρεψε
507 837 527 928 ῆ
544 848 718 930 Φερετίμη.
768 840 855 923 Τούς
876 836 926 913 ἀν
947 843 988 934 δῆ
1006 843 1145 926 λοιπούς
1160 864 1211 920 203

137 946 204 1008 τιῦν
226 944 405 1026 Βαρκαίων
431 943 465 1008 οἱ
485 942 614 1028 Πέρσαι
641 938 971 1030 ἀνδραποδισάμενοι
996 941 1143 1033 ἀπήισαν

137 1037 260 1107 ὀπίσω·
281 1041 337 1106 καὶ
368 1037 475 1106 ἐπείτε
501 1041 555 1109 ἐπὶ
574 1048 615 1130 τῆ
628 1048 834 1130 Κυρηναίων
853 1043 932 1112 πόλι
946 1045 1141 1132 ἐπέστησαν,

142 1143 170 1207 τί
181 1145 370 1227 Κυρηναῖοι
388 1137 507 1225 λόγιόν
526 1166 558 1208 τι
579 1137 821 1229 ἀποσιεύμενοι
841 1144 997 1228 διεξῆκαν
1017 1140 1141 1221 αύτούς

136 1235 192 1306 διά
207 1243 269 1306 τοῦ
284 1235 409 1316 ἄστεος.
433 1237 619 1326 διεξιούσης
633 1239 670 1308 δὲ
686 1247 744 1327 τῆς
758 1246 913 1327 στρατιῆς
928 1241 1063 1329 Βάδρης
1078 1240 1141 1327 μὲν

136 1359 153 1402 ο
169 1343 231 1404 τοῦ
246 1344 410 1404 ναυτικοῦ
425 1345 569 1425 στρατοῦ
589 1335 773 1427 στρατηγός
788 1341 918 1408 ἐκέλευε
939 1344 1064 1429 αἱρέειν
1080 1338 1142 1428 τῆν

135 1437 253 1523 πόλιν,
266 1434 406 1524 ’Ἄμασις
421 1439 457 1506 δὲ
472 1436 490 1511 ὁ
505 1444 566 1506 τοῦ
581 1443 683 1521 πεζοῦ
697 1435 761 1507 ούκ
778 1444 832 1526 έα,
855 1443 908 1508 ἐπὶ
922 1439 1060 1527 Βάρκην
1074 1439 1140 1528 γάρ

134 1532 364 1621 ἀποσταλῆναι
378 1535 511 1622 μούνην
519 1532 695 1622 Ἑλληνίδα
709 1536 828 1622 πόλιν,
845 1538 878 1615 ές
894 1533 915 1604 δ
928 1541 1142 1617 διεξελθοῦσι

134 1639 189 1704 καὶ
205 1638 385 1721 ἱζομένοισι
400 1635 453 1703 ἐπὶ
465 1630 550 1712 Διός
564 1639 719 1702 Λυκαίου
738 1631 846 1720 όχθον
866 1635 1067 1721 μετεμέλησέ
1077 1655 1139 1722 σφι

134 1733 176 1804 ού
197 1741 315 1820 σχοῦσι
340 1730 402 1820 τῆν
424 1731 605 1821 Κυρήνην,
632 1736 688 1802 καλ
711 1733 898 1819 έπειρέοντο
919 1731 957 1802 τό
980 1735 1140 1822 δεύτερον

133 1835 291 1920 παριέναι
315 1833 348 1910 ές
380 1827 503 1918 αύτῆν,
535 1834 570 1899 oc
593 1831 630 1898 δὲ
656 1838 844 1918 Κυρηναῖοι
869 1827 912 1899 ού
942 1831 1138 1920 περιάρεον.

133 1947 218 2003 τοῖσι
245 1929 281 2000 δὲ
303 1930 453 2019 Πέρσησι
479 1926 619 2010 οὐδενός
644 1933 834 2018 μαχομένου
860 1931 969 2020 φόβος
992 1933 1138 2019 ἐνέπεσε,

132 2028 387 2118 ἀποδραμόντες
407 2033 444 2098 δὲ
464 2028 547 2099 όσον
569 2029 728 2117 έξῆκοντα
748 2029 866 2099 στάδια
891 2032 1010 2111 ἵζοντο.
1042 2034 1140 2118 ίδρν-

131 2136 230 2201 θέντα
252 2132 289 2199 δὲ
309 2138 356 2222 τῷ
376 2132 588 2224 στρατοπέδῳ
607 2131 713 2221 ταύτῃ
732 2124 819 2219 ἦλθε
839 2130 930 2220 παρὰ
948 2129 1139 2220 Ἀρυάνδεω

132 2230 274 2320 ἀγγελος
295 2227 492 2299 ἀποκαλέων
513 2230 646 2311 αύτούς.
679 2236 714 2300 αι’
722 2231 772 2321 ἲδὲ
790 2235 918 2318 Πέρσαι
934 2238 1139 2318 Κυρηναίων

132 2334 312 2417 δεηθέντες
328 2330 446 2399 έπόδιό
457 2350 518 2417 σφι
530 2335 651 2399 δοῦναι
662 2337 798 2417 ἔτυχον,
812 2330 973 2417 λαβόντες
988 2328 1024 2398 δὲ
1034 2338 1139 2397 ταῦτα

131 2428 387 2497 ἀπαλλάσσοντο
409 2432 442 2508 ές
465 2429 525 2517 τῆν
547 2440 732 2517 Λίχυπτον.
766 2427 1018 2518 παραλαβόντες
1042 2427 1079 2495 δὲ
1099 2424 1137 2493 τό

131 2532 296 2596 ἐνθεῦτεν
310 2525 434 2608 αύτούς
445 2536 569 2617 Λίβυες
581 2536 640 2617 τῆς
652 2554 689 2597 τε
703 2531 845 2615 ἐσθῆτος
859 2531 989 2597 εἵνεκεν
1004 2530 1060 2597 καὶ
1080 2536 1138 2614 τῆς

131 2629 255 2711 σκευῆς
274 2622 354 2704 τοῦς
375 2624 664 2714 ὑπολειπομένους
684 2624 798 2695 αύτῦν
819 2629 876 2695 καὶ
895 2629 1138 2715 ἐπελκομένους

130 2727 317 2813 ἐφόνευον,
340 2728 373 2805 ές
394 2724 414 2793 ὃ
434 2730 468 2807 ἐς
488 2726 550 2815 τῆν
572 2738 750 2814 Αίχνπτον
770 2725 940 2796 ἀπίκοντο.
988 2719 1097 2805 Οὗτος
1121 2724 1206 2794 ὁδοί

131 2825 292 2907 Περσέων
306 2824 447 2911 στρατός
461 2834 519 2914 τῆς
533 2828 663 2916 Λιβύης
676 2827 845 2895 ἑκαστάτω
861 2830 893 2907 ές
909 2824 1138 2914 Εὐεσπερίδας

128 2921 227 3023 ἦλθε.
251 2922 331 3003 τοῦς
346 2928 382 2993 δὲ
396 2924 686 3015 ἠνδραποδίσαντο
701 2933 770 2993 νῦν
783 2934 979 3013 Βαρκαίων,
996 2924 1138 3003 τούτους

129 3026 166 3092 δὲ
183 3027 219 3093 ἐκ
234 3030 292 3111 τῆς
305 3025 482 3110 Αἰγύπτου
497 3023 733 3104 ἀνασπάστους
753 3031 913 3112 ἐποίησαν
932 3022 1024 3113 παρὰ
1039 3034 1138 3113 βασι-

129 3128 205 3193 λέα·
228 3122 388 3209 βασιλεῦς
402 3128 442 3193 δέ
459 3145 520 3211 σφι
534 3135 680 3210 Δαρεῖος
700 3130 803 3193 ἔδωκε
818 3133 876 3211 τῆς
892 3133 1057 3212 Βακτρίης
1070 3126 1137 3212 χά-

127 3249 190 3309 ρης
205 3221 324 3309 κόμην
339 3226 577 3313 ἐγκατοικῆσαι.
607 3230 642 3292 οἱ
655 3225 691 3292 δὲ
712 3231 752 3313 τῆ
766 3224 862 3312 κύμη
881 3225 986 3313 ταύτη
1007 3224 1137 3312 οῦνομα

126 3330 250 3393 ἔθεντο
265 3322 420 3409 Βάρκην,
456 3318 540 3411 ῆπερ
569 3329 616 3392 ἔτι
638 3324 694 3391 καὶ
712 3325 745 3401 ές
766 3322 822 3409 ἐμὲ
841 3314 886 3409 ῆν
907 3324 1085 3412 οἰκεομένη
1100 3327 1137 3392 εὐ

126 3432 168 3514 τῇ
184 3429 228 3513 μῆ
243 3428 283 3511 τῆ
297 3428 453 3509 Βακτρίῃ.

217 3520 270 3591 Ού
291 3527 354 3608 μὲν
375 3517 453 3587 οὐδὲ
475 3514 496 3602 ἡ
520 3525 684 3605 Φερετίμη
706 3511 746 3587 εύ
766 3545 829 3604 την
851 3518 931 3606 ζόην
951 3524 1136 3603 κατέπλεξε.
1154 3537 1206 3589 205
