2500 3925
158 233 198 299 72
536 242 789 301 HERODOTl

163 397 292 488 παύθη,
335 402 449 485 Μῆδοι
470 400 506 466 δέ
527 396 706 482 ὑπέκυψαν
719 404 870 490 Πέρσησι
891 397 946 468 διά
960 397 1024 487 τήν
1036 399 1162 468 τούτου

156 494 354 584 πικρότητα,
381 494 539 580 ἀρξαυτες
564 505 621 585 τῆς
646 498 718 567 ἀνω
741 498 862 579 ’Ἀλυος
882 505 1035 585 ποταμοῦ
1053 494 1163 583 Ἀσίης

155 592 207 661 έπ’
235 600 309 661 ἔτεα
332 593 511 682 τριήκοντα
532 598 587 664 καὶ
608 596 729 667 ἑκατόν
748 602 841 665 δυῶν
855 603 995 684 δέοντα,
1021 589 1162 683 παρὲξή

155 690 237 759 ὅσον
258 697 292 761 οί
303 693 441 763 Σκύθαι
461 688 574 782 ἦρχον.
615 695 745 788 ῦστέρφ
764 701 879 784 μέντοι
891 694 1003 785 χρόνῳ
1023 692 1160 781 μετεμέ-

159 794 235 879 λησέ
252 795 290 860 τέ
311 813 372 880 σφι
393 802 498 862 ταῦτα
518 796 698 885 ποιήσασι,
724 800 779 866 καλ
798 795 989 883 ἀπέστησαν
1002 790 1070 861 ἀπό
1086 803 1163 861 Δα-

154 898 264 973 ρείου·
293 889 497 971 ἀποστάντες
511 894 548 960 δέ
564 891 670 962 ὀπίσω
685 892 990 981 κατεστράφθησαν
1003 890 1093 978 μα’χη
1107 917 1163 956 νι-
1234 970 1235 973 ¹

153 992 322 1075 κηθέντες.
363 989 437 1059 τότε
462 994 499 1059 δέ
524 991 576 1059 ἐπ’
594 990 791 1078 Ἀστυάγεος
805 998 840 1062 οί
852 996 981 1077 Πέρσαι
1004 1015 1041 1057 τε
1064 984 1161 1056 καὶὸ

156 1093 266 1169 Κῦρος
287 1087 531 1167 έπαναστάντες
550 1104 636 1159 τοῖσι
650 1090 802 1177 Μήδοισι
815 1086 920 1179 ἦρχον
941 1087 979 1157 τό
995 1084 1062 1157 ἀπὸ
1078 1086 1162 1154 τού-

152 1208 213 1251 του
227 1192 285 1270 τῆς
295 1183 411 1272 Ἀσίης.
457 1185 640 1274 Ἀστυάμεα
656 1190 691 1257 δέ
706 1195 820 1275 Κῦρος
835 1186 941 1257 κακόν
959 1185 1063 1256 οὐδέν
1076 1183 1160 1253 ἀλλο

152 1281 293 1371 ποιήσας
319 1282 382 1370 εἶχε
402 1282 482 1370 παρ’
511 1288 642 1378 ἑωυτῷ,
668 1284 735 1365 έςδ
755 1286 956 1374 ἐτελεύτησε.
1001 1282 1092 1352 οῦτοι
1118 1280 1159 1369 δή
1234 1311 1235 1322 ’

153 1388 266 1465 Κῦρος
282 1382 464 1470 γενόμενός
477 1410 513 1451 τε
534 1388 589 1452 καὶ
605 1388 741 1471 τραφείς
758 1387 967 1473 ἐβασίλευσε,
982 1384 1039 1451 καλ
1053 1390 1157 1470 Κροσ-

153 1500 215 1546 σον
228 1479 371 1564 ὕστερον
386 1481 516 1549 τούτων
531 1481 677 1565 ἀρξαντα
691 1481 821 1569 ἀδικίης
836 1483 1099 1568 κατεστρέψατο,
1116 1479 1159 1560 ῦς

153 1584 284 1665 εἴρηταί
330 1603 385 1665 μοι
420 1575 593 1665 πρότερον.
655 1587 778 1647 τοῦτον
793 1582 829 1649 δὲ
843 1579 1160 1667 καταστρεψόμενος

152 1676 241 1745 οῦτοι
255 1677 363 1764 πόσης
376 1685 433 1766 τῆς
446 1677 554 1768 Ἀσίης
567 1676 654 1770 ἦρξε.
1176 1728 1180 1733 .

83 1794 130 1847 131
235 1785 422 1847 ΠΕΡΣΑΣ
443 1780 479 1846 δέ
499 1778 728 1867 οίδαυόμοισι
756 1786 914 1849 τοιοισίδε
935 1784 1160 1867 χρεομένους·

150 1875 322 1964 ἀγάλματα
353 1880 415 1966 μὲν
446 1880 501 1947 καί
532 1878 635 1968 νηούς
668 1883 723 1948 καὶ
748 1876 884 1969 βωμούς
908 1878 971 1949 οὐκ
997 1882 1035 1947 έν
1063 1877 1161 1969 νόμφ

149 1978 371 2062 ποιευμένους
384 1978 579 2065 ἱδρύεσθαι,
603 1976 687 2046 ἀλλά
708 1982 763 2047 καλ
777 1993 863 2048 τοῖσι
877 1984 1011 2046 ποιεῦσι
1025 1985 1161 2065 μωρίην

150 2075 364 2161 ἐπιφέρουσι,
390 2073 434 2154 ὡς
457 2079 520 2162 μέν
545 2078 617 2162 ἐμοὶ
641 2081 787 2163 δοκέειν,
814 2073 866 2146 ὅτι
887 2075 950 2144 οὐκ
971 2073 1162 2160 ἀνθρωπο-

149 2172 256 2256 φυέας
270 2170 431 2257 ἐνόμισαν
444 2173 523 2254 τοῦς
536 2173 642 2254 θεούς
655 2175 739 2243 κατά
754 2200 816 2262 περ
832 2181 865 2245 οί
883 2176 1066 2295 Ἕλληνες
1060 2175 1159 2245 εἶναι.

150 2270 184 2332 οί
202 2267 238 2332 δὲ
258 2273 430 2354 νομίζουσι
444 2271 503 2340 Διί
525 2271 588 2357 μέν
603 2269 712 2340 έπι
675 2298 715 2340 τα
731 2270 925 2359 ὑψηλότατα
939 2280 1008 2340 τῶν
1024 2270 1162 2357 οὐρέων

149 2359 389 2448 ἀναβαίνοντες
415 2374 539 2447 θυσίας
564 2371 694 2456 ἕρδειν,
719 2368 780 2438 τόν
772 2371 932 2439 κύκλον
958 2370 1072 2440 πάντα
1097 2380 1162 2440 τοῦ

148 2455 298 2542 οῦρανου
283 2467 379 2528 Δία
394 2467 576 2545 καλέοντες.
612 2468 739 2536 θύουσι
754 2470 790 2536 δέ
808 2465 890 2559 ήλίφ
904 2496 940 2537 τε
954 2473 1011 2538 καὶ
1032 2470 1163 2558 σελήνη

147 2557 202 2623 καὶ
222 2563 265 2645 γῇ
286 2561 341 2625 καί
361 2563 441 2643 πυρὶ
461 2566 516 2630 καλ
535 2563 633 2631 ῦδατι
649 2568 704 2632 καλ
724 2563 885 2652 ἀνέμοισι.
926 2567 1080 2636 τούτοισι
1093 2571 1163 2698 μέν

147 2650 188 2738 δή
203 2653 360 2738 μούνοισι
375 2657 502 2727 θύουσι
517 2657 685 2749 ἀρχῆθεν,
706 2665 976 2754 ἐπιμεμαθήκασι
991 2672 1030 2736 δε
1044 2672 1104 2737 και
1120 2675 1163 2758 τῇ

149 2747 300 2840 Οὐρανίη
314 2753 417 2822 θύειν
424 2759 541 2879 ,παρέ
556 2785 591 2828 τε
605 2757 790 2878 Ἀσσυρίων
802 2764 973 2848 μαθόντες
987 2764 1066 2834 καλ’
1061 2776 1162 2852 Αρα-

146 2855 238 2934 βίον.
276 2853 434 2921 καλέουσι
452 2853 509 2923 δέ’
503 2856 671 2942 Ασσύριοι
685 2855 748 2944 τήν
765 2856 967 2948 Ἀφροδίτην
982 2865 1161 2954 Μύλιττα,

80 2951 128 3005 1³2
142 2943 343 3036 Ἀρόβιοιδέ
363 2946 642 3040 Ἀλιλάτ,Πέρσαι
657 2955 694 3022 δέ
708 2964 853 3046 Μίτραν.
890 2968 999 3049 Θυσίη
1015 2965 1055 3031 δέ
1071 2979 1162 3035 τοῖσι

139 3048 291 3133 Πέρσησι
316 3051 392 3135 περὶ
417 3048 496 3129 τοῦς
521 3055 716 3138 εἰρημένους
739 3055 844 3136 θεούς
867 3058 928 3147 ήδε
958 3066 1158 3151 κατέστηκε.

145 3139 221 3208 οῦτε
240 3143 375 3264 βαμρῦς
394 3153 568 3215 ποιεῦνται
584 3145 661 3216 οὐτε
674 3158 743 3237 πῦρ
759 3149 958 3224 ἀνακαίουσι
973 3163 1161 3243 μέλλοντες

143 3237 253 3308 θύειν.
296 3240 337 3308 οὐ
359 3248 489 3333 σπονδῇ
510 3247 679 3335 χρέονται,
705 3247 780 3318 οὐκί
795 3249 905 3344 αὐλφ,
932 3281 975 3322 ου
963 3252 1161 3347 ’πέμμασι,

142 3334 217 3404 οὐκὶ
233 3337 358 3428 οὐλῇσι
395 3347 464 3408 τῶν
479 3341 553 3410 δέ
531 3370 575 3422 ας
589 3346 716 3438 εκάστφ
729 3348 832 3418 θύειν
846 3354 957 3442 έθέλη,
991 3358 1027 3435 ές
1040 3365 1161 3444 χῶρον

141 3431 337 3515 καθαρόν’
317 3462 454 3520 αγαμοιν
468 3434 506 3504 τό
522 3446 641 3526 κτῆνος
655 3415 764 3511 κάλέει
780 3443 840 3512 τόν
853 3446 939 3516 θεδν
955 3451 1161 3539 ἐστεφανω-
