2500 3925
185 253 248 317 ³³6
567 254 820 313 HERODOTI

186 414 371 503 κατάγαιον
386 422 508 501 οἴκημα
526 414 682 482 έποιέετο.
707 409 752 491 ὥς
769 414 809 481 δέ
821 416 856 482 οί
868 416 1056 493 παντελέως
1071 412 1130 500 εἶχε
1147 408 1173 480 τὸ

187 524 325 602 οἴκημα,
349 516 385 583 έκ
412 512 474 601 μὲν
498 518 567 581 τῶν
590 510 748 600 Θρηίκων
770 509 965 602 ἠφανίσθη,
986 510 1129 601 καταβάς
1149 513 1175 578 δὲ

186 614 277 685 κάτω
293 618 326 693 ές
339 610 376 682 τδ
394 612 578 699 κατάγαιον
589 622 712 699 οἴκημα
726 615 875 680 διαιτᾶτο
887 611 941 682 ἐπ’
960 619 1036 683 ἔτεα
1049 618 1129 701 τρία.
1154 635 1175 678 οι
1211 695 1215 705 Ι

187 716 226 782 δέ
237 739 297 799 μιν
312 711 460 781 ἐπόθεόν
473 738 509 780 τε
526 715 580 781 καὶ
598 714 763 780 ἐπένθεον
781 709 826 791 ὡς
840 720 1027 781 τεθνεῶτα·
1049 712 1177 801 τετάρτμ

188 815 224 880 δὲ
239 817 306 881 έτεῑ
324 810 433 899 ἐφάνη
454 825 540 879 τοῖσι
554 810 688 898 Θρήιξι,
711 814 767 880 καί
783 809 875 879 οὑτω
894 811 1028 880 πιθανά
1044 830 1104 898 σφι
1119 809 1175 896 ἔχε’*

139 921 173 977 96
188 937 265 979 νετο
277 908 316 979 τά
329 916 420 999 ἔλεγε
432 908 450 980 ὁ
461 910 633 996 Ζάλμοξις.
650 909 755 978 ταῦτά
766 916 853 997 φασί
860 932 920 997 μιν
929 917 1075 997 ποιῆσαι.
1110 906 1178 993 'Erro

189 1009 225 1079 δὲ
242 1012 319 1094 περὶ
337 1012 400 1097 μὲν
418 1010 542 1078 τούτου
564 1013 619 1079 καί
640 1016 702 1078 τοῦ
723 1017 908 1097 καταγαίου
925 1010 1102 1099 οἰκήματος
1117 1006 1181 1076 ούτε
1216 1005 1221 1018 '

188 1108 333 1179 ἀπιστέω
355 1108 434 1178 οὔτε
452 1103 501 1178 όν
524 1108 671 1178 πιστεύω
685 1135 718 1179 τι
738 1115 833 1196 λίην,
855 1111 961 1177 δοκέω
984 1110 1022 1177 δέ
1041 1116 1181 1177 πολλοῖσι

188 1214 275 1277 ἔτεσι
289 1208 456 1296 πρότερον
470 1207 531 1278 τόν
541 1208 710 1297 Ζάλμοξιν
724 1216 846 1277 τοῦτον
859 1212 1020 1296 γενέσθαι
1029 1204 1183 1292 Πυθαγό-

188 1335 264 1398 ρεω.
289 1318 353 1378 είτε
371 1310 407 1377 δὲ
427 1310 560 1398 ἐγένετό
582 1336 633 1390 τις
646 1310 811 1397 Ζάλμοξις
826 1307 1026 1394 άνθρυπος,
1049 1303 1109 1375 εἶτ’
1129 1305 1182 1375 ἐστί

189 1413 318 1497 δαίμων
331 1434 380 1489 τις
395 1402 574 1500 Γέτῃσιτ
530 1435 629 1489 ουτος
642 1410 834 1497 ἐπιχώριος,
851 1412 1000 1496 χαιρέτω.
1026 1400 1122 1475 οὗτοι
1133 1406 1184 1492 μέν
1215 1414 1222 1472 ί

188 1505 229 1596 δὴ
244 1508 357 1598 τρόπφ
371 1508 512 1601 τοιούτω
531 1508 707 1597 χρεόμενοι
724 1505 769 1589 ὡς
780 1504 1041 1596 έχειρόθησαν“
1024 1529 1092 1573 υπο
1081 1502 1222 1585 Πε“ρ

190 1607 349 1691 σέωυ,”
317 1632 450 1677 ειπουτο
465 1637 511 1677 τω
497 1608 615 1702 άλλφ
632 1616 770 1701 στρατφ.
1057 1674 1062 1678 ,

141 1716 174 1773 97
273 1716 418 1792 Δαρεῖος
434 1707 510 1777 δὲ’
489 1736 533 1789 ως
547 1716 609 1779 απ
607 1735 683 1778 κετο
698 1704 935 1789 καίδπεζδς”
912 1704 970 1794 αμ’
988 1703 1080 1797 αύτῷ
1094 1724 1185 1792 στρι-
1214 1739 1222 1796 3·

188 1802 244 1884 τὸς
257 1802 355 1873 ἐπὶ
320 1831 380 1873 του
386 1804 533 1894 Ίστρον,
544 1809 695 1876 ἐνθαῦτα
707 1806 897 1894 διαβάντων
907 1803 1046 1871 πάντων
1052 1815 1187 1889 Δαρεῖος
1218 1833 1221 1890 f

190 1904 342 1974 ἐκέλευσε
369 1904 448 1986 τούς
464 1905 582 1986 Ἴωνας
612 1904 675 1994 τὴν
702 1910 835 1995 σχεδίην
859 1904 1028 1984 λύσαντας
1055 1905 1188 1974 ἕπεσθαι
1220 1924 1222 1954 ;

189 2001 263 2073 κατ’
281 2001 420 2091 ἤπειρον
436 2009 549 2098 ἑωυτῷ
562 2009 616 2075 καί
631 2004 692 2074 τόν
708 2009 745 2075 έκ
758 2013 827 2074 τῶν
838 2011 927 2073 νεῶν
940 2002 1093 2089 στρατόν.
1118 2009 1191 2088 μελ-
1220 2029 1222 2056 ⁵

192 2102 323 2172 λόντων
337 2101 374 2172 δε
387 2111 456 2173 τῶν
467 2103 590 2174 ’λύκων
603 2105 715 2176 λύειν
715 2109 771 2174 καί
787 2101 966 2174 ποιέειν
929 2129 970 2172 τα
990 2103 1222 2188 κελευόμενα

193 2201 326 2290 Κύης
312 2230 331 2271 ο
345 2203 547 2294 Ἐρξάνδρου
567 2204 751 2295 στρατηγός
768 2204 835 2275 έωυ
848 2210 1094 2292 Μυτιληναίων
1111 2204 1221 2283 ἔλεξε

192 2312 326 2396 Δαρείῳ
354 2304 450 2392 τάδε,
479 2305 673 2393 πυθόμενος
699 2305 882 2393 πρότερον,
911 2313 946 2372 εί
966 2307 1001 2370 οί
1023 2307 1129 2388 φίλον
1148 2309 1222 2384 είη

191 2401 332 2491 γνώμην
347 2401 571 2473 ἀποδέκεσθαι
585 2404 677 2491 παρά
691 2430 753 2473 του
738 2406 978 2492 ’βουλομένου
993 2399 1193 2470 ἀποδείκνυ-

191 2513 290 2571 σθαι·
319 2495 358 2569 Ὦ
375 2509 532 2590 βασιλεύ,
554 2507 606 2573 ἐπὶ
630 2511 694 2592 γῆν
714 2502 780 2591 γάρ
796 2507 925 2591 μέλλεις
941 2501 1193 2590 στρατεύεσθαι,

192 2607 249 2688 τῆς
264 2597 342 2668 οὔτε
353 2597 564 2690 ἀρηρομένον
576 2602 761 2690 φανήσεται
775 2599 876 2671 οὐδέν
887 2600 965 2670 ούτε
976 2601 1075 2680 πόλις
1090 2606 1196 2669 οίκεο-

191 2701 293 2787 μένη,
316 2699 360 2767 σύ
375 2727 441 2768 νυυ
455 2705 611 2788 γέφυραν
623 2703 752 2789 ταύτην
766 2709 804 2772 ἔα
821 2701 904 2772 κατά
918 2701 1033 2789 χώρην
1050 2701 1195 2781 ἑστάναι,

193 2796 367 2883 φυλάκους
394 2797 496 2886 αὐτῆς
518 2799 626 2869 λιτόν
651 2802 809 2888 τούτους,
842 2804 939 2880 οἵπερ
971 2827 1031 2884 μιν
1053 2805 1194 2882 ἔζευξαν.

192 2899 247 2965 καί
263 2893 307 2983 ἦν
320 2923 355 2964 τε
367 2895 449 2965 κατὰ
465 2899 548 2966 νόου
563 2899 743 2988 πρήξωμεν
753 2897 911 2988 εὑρόντες
938 2901 1105 2985 Σκύθας,
1134 2909 1196 2971 έστι

192 2995 317 3076 δίποδος
329 2995 421 3085 ἡμῖν,
436 2997 480 3087 ἤν
495 3026 530 3067 τε
544 3003 598 3069 καί
610 3001 657 3090 μη’
669 3021 774 3088 σφεας
789 2999 901 3088 εὑρεῖν
916 2997 1116 3088 δυνάμεθα,
1131 2996 1199 3084 ἥχε

190 3093 317 3174 δίποδος
330 3093 411 3182 ἡμῖν
426 3095 595 3186 ἀσφαλής·
618 3098 660 3168 ού
674 3099 770 3187 γάρέ
755 3099 866 3169 ἔδεισά
880 3125 946 3222 κω,
960 3099 1007 3222 w}
1022 3100 1201 3166 ἑσσωθέω·

191 3221 255 3280 μευ
268 3193 334 3263 ὑπὸ
349 3200 519 3266 Σκυθέων
536 3198 640 3290 μάχη,
663 3199 747 3269 άλλά
763 3208 892 3287 μᾶλλον
901 3225 946 3286 μη
959 3224 1003 3266 ου
991 3195 1202 3284 ’δυνάμενοί

192 3313 297 3380 σφεας
319 3293 432 3383 εὑρεῖν
452 3298 617 3386 πάθωμέυ
638 3328 670 3368 τι
695 3295 881 3384 άίεόμενοι
904 3304 960 3369 και
984 3300 1067 3368 τάδε
1091 3306 1202 3398 λεγειν

194 3395 277 3476 φαίη
290 3417 339 3470 τις
353 3391 397 3461 ἄν
411 3421 452 3482 με
467 3399 637 3522 ἐμεωυτοῦ
654 3397 832 3487 εἵνεκεν,
810 3427 855 3479 ως
868 3399 1061 3486 καταμένω·
1083 3387 1153 3489 έχω
1169 3401 1204 3467 δὲ
1220 3422 1222 3475 !

193 3488 332 3574 Wffl'ssnv
355 3495 433 3578 μὲν,
456 3523 518 3583 την
545 3497 704 3584 εὕρισκον
728 3498 868 3587 άριστην
893 3502 945 3569 σοί
952 3508 1150 3587 ,flauum
1172 3502 1222 3578 ἐς
