2500 3925
168 223 209 286 90
548 219 802 278 HERODOTI

166 384 229 475 τήν
239 383 352 473 Ἀσίην
360 380 561 471 Δημάρητος
575 379 631 447 καὶ
641 377 779 468 τοιαότη
788 377 996 465 χρησάμενος
1005 380 1100 470 τάχη,
1115 378 1184 450 &b

168 497 210 558 λα
219 513 255 556 τε
262 487 555 572 Λακεδαιμονίοισι
566 476 673 567 συχνά
682 484 810 565 ἔργοισί
818 505 854 549 τε
863 480 1077 570 καλγυόμησι
1088 478 1186 552 άπο-

166 593 416 673 λαμπρυυθείς,
436 585 473 652 ἐν
491 581 528 652 δε
543 578 584 670 δή
602 582 658 650 καί
671 577 876 667 Ὀλυμπιάδα
896 600 958 668 σφι
972 577 1182 668 ἀνελόμενος

167 689 341 775 τεθρίππῳ
353 685 555 769 προσέβαλε,
573 686 701 767 μοῦνος
710 685 810 747 τοῦτο
824 679 963 748 πάντων
976 678 1018 768 δή
1033 687 1103 749 τῶν
1118 705 1185 768 γε·

166 783 320 870 νομένων
334 782 499 870 βασιλέων
513 781 551 848 ἐν
562 779 705 866 Σπάρτη
718 777 868 865 ποιήσας.

119 902 151 960 τι
251 887 463 970 Λευτυχίδης
482 880 520 950 δέ
542 878 559 948 ὁ
579 877 759 962 Μενάρεος
776 878 983 967 Δημαρήτου
1001 909 1184 954 καταπαυ-

166 985 287 1063 θέντος
299 985 464 1061 διεδέξατο
475 977 538 1067 τήν
548 984 734 1068 βασιληίην.
754 984 814 1046 καί
822 981 856 1046 οἱ
863 983 990 1064 γίνεται
1001 995 1078 1062 παῖς
1087 991 1183 1052 Ζευ-

167 1085 312 1169 ξίδημος,
327 1077 387 1148 τόν
398 1077 439 1168 δή
451 1086 623 1148 Κυνίσκον
634 1079 836 1165 μετεξέτεροι
847 1086 1086 1167 Σπαρτιητέων
1097 1082 1183 1151 ἑκά*

166 1189 255 1252 λεον.
271 1173 369 1259 οὗτος
383 1177 401 1248 ὁ
413 1183 615 1266 Ζευξίδημος
631 1173 694 1245 οόιι
708 1178 901 1265 ἐβασίλευσε
911 1178 1087 1267 Σπάρτης·
1110 1177 1180 1267 πρό

167 1285 379 1367 Λευτυχίδεω
388 1275 454 1367 γάρ
465 1284 613 1368 τελευτᾷ,
625 1271 735 1344 λιπων
745 1279 848 1344 παῖδα
859 1272 1181 1364 Ἀρχίδημου.,Λευ-

167 1383 301 1466 τυχίδης
321 1376 551 1464 δὲ’στερηθεδς
566 1373 777 1460 Ζευξιδήμου
792 1374 907 1459 γαμέει
929 1377 1090 1462 δευτέρην
1113 1403 1181 1462 γυ-

168 1491 268 1546 ναίκα
282 1473 508 1564 Εὐρυδάμην,
523 1475 648 1542 ἐοῦσαν
662 1478 797 1541 Μενίου
810 1469 873 1558 μὲν
887 1469 1072 1560 ἀδελφεήν,
1086 1483 1182 1542 Δια-

167 1579 327 1664 κτορίδεω
342 1575 378 1643 δέ
398 1573 587 1661 θυγατέρα,
610 1574 648 1640 ἐκ
663 1577 721 1659 τῆς
738 1575 773 1640 οί
784 1575 882 1658 ἐρσευ
897 1571 960 1658 μὲν
974 1577 1101 1659 γίνεται
1115 1570 1181 1642 οὐ·

169 1674 238 1761 δέν,
255 1670 410 1760 θυγάτηρ
426 1672 463 1740 δὲ
473 1676 646 1760 Λαμπιτώ,
661 1664 729 1758 τήν
733 1665 954 1757 Ἀρχίδημοςὸ
965 1670 1180 1760 Ζευξιδήμου

3 1793 7 1806 ·
113 1793 147 1849 '12
168 1774 283 1862 γαμέει
298 1771 416 1849 δόντος
436 1766 526 1861 αὐτῷ
541 1772 761 1856 Λευτυχίδεω.
801 1765 852 1836 Οό
869 1770 932 1855 μὲν
949 1767 1029 1838 οὐδὲ
1043 1779 1180 1839 Λευτυ-

167 1877 259 1961 χίδης
274 1869 439 1960 κατεγήρα
454 1872 491 1938 ἐν
501 1867 659 1958 Σπάρτη,
676 1864 760 1936 άλλά
771 1873 859 1935 τίσιν
868 1867 1002 1956 τοιήνδε
1013 1865 1089 1937 τινά
1100 1879 1177 1956 Δη·

168 1970 304 2062 μαρήτῳ
318 1971 455 2051 ἐξέτισε·
470 1965 691 2055 ἐστρατήγησε
698 1968 990 2052 Λακεδαιμονίοισι
1002 1970 1035 2046 ἐς
1045 1976 1177 2037 Θεσσα-

167 2078 260 2158 λίην,
275 2064 404 2154 παρεόν
418 2068 458 2136 δι’
468 2072 503 2135 οί
516 2064 690 2152 ὑποχείρια
706 2064 816 2133 πάντα
829 2065 1035 2153 ποιήσασθαι
1050 2070 1178 2156 ἐδωρο-

168 2170 289 2257 δόκησε
301 2165 466 2255 άργόριον
482 2167 618 2236 πολλόν.
642 2163 695 2235 ἐπ’
709 2165 895 2258 αὐτοφώρῳ
907 2171 944 2236 δὲ
957 2164 1059 2249 ἆλοδς
1071 2167 1177 2239 αὐτοῦ

169 2270 267 2357 ἐντῷ
283 2266 493 2357 στρατοπίδῳ
523 2265 762 2353 ἐπικατήμενος
771 2270 889 2353 χειρίδι
903 2269 987 2356 πλέη
998 2266 1175 2358 άργυρίου,

170 2370 275 2453 ἔφυγε
288 2364 325 2432 ἐκ
335 2362 494 2451 Σπάρτης
508 2359 573 2432 ὑπό
589 2362 805 2450 δικαστήριον
819 2360 991 2455 ὑπαχθείς,
1007 2364 1113 2437 καὶτὰ
1124 2374 1175 2437 οί-
1245 2407 1246 2410 ¹

168 2468 224 2531 κία
247 2465 280 2531 oc
295 2461 504 2548 κατεσκάφη·
528 2467 633 2548 ἔφυγε
657 2461 693 2529 δὲ
716 2463 750 2541 ἐς
767 2464 893 2549 Τεγέην
909 2465 964 2531 καὶ
984 2464 1174 2553 ἐτελεύτησε
1244 2459 1245 2486 ί

170 2564 208 2631 ἐν
222 2560 334 2649 ταύτη.

119 2675 155 2733 '1³
255 2664 368 2726 Ταῦτα
389 2659 451 2745 μὲν
471 2656 511 2745 δή
527 2660 657 2745 ἐγένετο
673 2658 785 2750 χρόνῳ
800 2657 959 2750 ὕστερον,
983 2663 1058 2732 τότε
1078 2666 1115 2733 δέ
1129 2663 1173 2744 ὡς

168 2762 214 2850 τῷ
228 2750 586 2845 Κλεομένετεάωδάθη
611 2754 648 2824 τό
670 2760 703 2837 ἐς
722 2755 782 2825 τόν
803 2760 1009 2849 Δημάρητον
1028 2769 1172 2851 πρῆγμα,
1242 2793 1243 2804 ·

169 2856 289 2929 αὐτίκα
302 2856 506 2946 παραλαβών
519 2863 728 2946 Λευτυχίδην
744 2856 796 2948 ήιε
817 2862 868 2929 ἐπί
889 2858 969 2941 τούς
983 2864 1170 2954 Αἰγινήτας,

169 2955 285 3027 δεινόν
299 2955 375 3025 τινά
390 2976 450 3043 σφι
468 2962 606 3043 ἔγκοτον
623 2955 679 3025 διά
699 2954 761 3026 τόν
780 2959 1059 3049 προπηλακισμόν
1079 2970 1169 3050 ἔχων.

170 3054 260 3126 οὕτω
284 3052 325 3142 δή
350 3052 426 3123 οὔτε
448 3059 482 3123 οί
500 3061 676 3143 Αἰγινῆται
699 3053 899 3145 άμφοτέρων
921 3068 989 3129 τῶν
1010 3070 1170 3150 βασιλέων

169 3152 323 3244 ἡκόντων
343 3149 396 3221 ἐπ’
415 3151 538 3234 αὐτοῦς
562 3156 730 3224 ἐδικαίευν
741 3161 788 3224 ἐτι
810 3154 1032 3249 ἀντιβαίνειν,
1055 3163 1172 3233 ἐκεῖνοί

169 3277 205 3319 τε
221 3249 448 3339 ἐπιλεξάμενοι
463 3251 588 3339 ἄνδρας
606 3254 687 3322 δέκα
700 3260 908 3343 Αἰγινητέων
922 3255 1002 3339 τούς
1018 3268 1171 3332 πλείστου
1239 3299 1240 3328 ι

170 3346 283 3427 άξίους
297 3351 352 3417 καὶ
365 3350 500 3443 πλοότῳ
514 3352 567 3419 καλ
579 3345 782 3441 γε’νείήγον,
801 3357 856 3423 καὶ
867 3352 990 3437 ἄλλους
1001 3360 1053 3427 καὶ
1067 3358 1106 3447 δή
1118 3366 1168 3431 καί

172 3443 277 3528 Κρῖόν
286 3470 322 3512 τε
333 3443 393 3513 τόν
402 3452 614 3536 Πολυκρίτου
625 3452 680 3518 καὶ
691 3452 877 3538 Κάσαμβον
890 3450 951 3522 τόν
961 3450 1170 3544 Ἀριστοκροὶ-
1238 3441 1239 3478 ¹
