2500 3925
200 270 264 335 ιεο
578 220 829 333 κεκοιοιι

200 433 417 521 ὁστρατηγδς
436 432 647 521 Ἀριαβίγνης
662 429 680 501 ὁ
697 437 861 521 Δαρείου,
879 438 1012 521 Ξέρξεω
1035 434 1112 505 έάιν
1127 436 1207 506 άδελ-

200 532 298 621 φεδς,
322 532 388 603 άπὸ
407 536 444 603 δέ
463 532 559 602 άλλοι
575 536 696 599 πολλοί
707 556 741 598 τε
759 534 812 598 καὶ
834 528 1042 619 οὖνομαστολ
1058 538 1208 620 Περσέων

201 632 256 701 καὶ
272 632 402 719 Μήδων
422 635 478 700 καλ
499 637 566 699 τοῖν
586 628 699 697 ἄλλων
720 628 920 716 συμμάχων,
941 627 1056 717 ὀλίγοι
1075 636 1121 700 δέ
1139 660 1209 709 τινες

201 730 442 817 καλἘλλήνων.
465 727 523 796 άτε
536 725 602 816 γὰρ
617 730 708 795 νέειν
726 727 956 815 ἐπιστάμενοι,
979 742 1077 797 τοῖσι
1100 734 1142 797 αλ
1156 734 1210 806 νέες

202 833 455 916 διεφθείροντο,
477 830 532 895 καλ
551 823 596 912 μή
618 828 656 893 έν
671 831 793 913 χειροῖν
813 824 907 918 νόμφ
927 823 1172 915 ἀπολλύμενοι
1190 830 1209 904 ἐς

201 926 262 1014 τήν
274 935 450 1012 Σαλαμῖνα
466 926 604 993 διένεον.
626 930 694 991 τῶν
706 924 741 991 δλ
753 925 936 1013 βαρβάρων
946 930 981 994 ολ
993 931 1129 995 πολλοὶ
1141 930 1176 994 έν
1185 934 1211 1012 τη

200 1024 356 1112 θαλάσσῃ
372 1023 624 1111 διεφθάρησαν,
649 1026 739 1090 νέειν
754 1018 817 1091 οὐκ
832 1023 1063 1109 ἐπιστάμενοι.
1101 1026 1174 1093 ἐπεὶ
1187 1025 1210 1089 δὲ

200 1130 237 1194 αί
247 1131 375 1210 πρῶται
387 1126 420 1202 ές
429 1121 543 1209 φυγήν
557 1122 752 1211 ἐτράποντο,
770 1124 919 1191 ἐνθαῦτα
931 1127 968 1191 αί
975 1131 1146 1192 πλεῖσται
1157 1130 1210 1191 διε

200 1230 394 1310 φθείροντα.
418 1227 452 1290 οί
464 1220 529 1308 γάρ
540 1220 664 1289 ὄπισθε
674 1224 878 1309 τεταγμένοι,
895 1223 927 1298 ές
941 1218 978 1287 τὸ
990 1221 1141 1308 πρόσθε
1151 1228 1210 1309 τήσι

200 1324 298 1408 νηυσὶ
310 1323 464 1409 παριέναι
475 1317 683 1406 πειρεόμενοι
693 1314 737 1398 ὥς
747 1317 988 1404 ἀποδεξόμενοί
996 1345 1030 1385 τι
1045 1324 1115 1389 καὶ
1131 1316 1211 1389 αὐτοὶ

201 1426 300 1508 ἔργον
315 1422 461 1508 βασιλέϊ,
481 1427 555 1507 τῇσι
577 1418 756 1506 σφετέρῃσι
773 1421 872 1504 νηνσλ
887 1416 1112 1506 φευγούσῃσι
1127 1442 1210 1500 περι-

152 1536 188 1592 90
204 1524 351 1591 έπιπτον.
369 1518 516 1606 Ἐγένετο
528 1522 565 1588 δὲ
576 1524 631 1587 καὶ
642 1518 719 1587 τόδε
733 1522 770 1585 έν
784 1525 828 1608 τῷ
839 1516 980 1607 θορύβφ
993 1518 1135 1611 τούτῳ·
1157 1525 1210 1584 τῶν

201 1620 288 1699 τινές
303 1626 483 1704 Φοινίκων,
498 1626 565 1685 τῶν
578 1623 613 1686 αί
622 1622 694 1696 νέες
709 1616 928 1703 διεφθάρατο,
943 1615 1117 1696 ἐλθόντες
1132 1612 1208 1700 παρέ

201 1720 337 1807 βασιλέα
349 1722 525 1806 διέβαλλον
535 1714 614 1795 τούς
621 1714 750 1801 Ἴωνας,
770 1715 814 1793 ὡς
825 1713 868 1783 δι’
886 1716 1037 1793 ἐκείνους
1047 1714 1209 1785 άπολοία-

201 1843 237 1884 το
250 1821 286 1884 αί
294 1818 377 1902 νέες,
393 1814 438 1895 ὡς
451 1815 658 1902 προδόντων.
688 1814 866 1901 συνήνεικε
880 1804 928 1881 οἶν
940 1810 1030 1880 οὕτω
1043 1811 1141 1883 ὥστε
1154 1810 1207 1879 Ἰάν

202 1942 272 1985 νων
282 1942 318 1984 τε
329 1912 408 1994 τούς
418 1912 624 2003 στρατηγούς
635 1911 679 2003 μή
692 1911 889 2000 ἀπολέσθαι,
902 1916 1079 1982 Φοινίκων
1091 1940 1133 1982 τε
1144 1908 1207 1986 τούς

200 2015 441 2104 διαβάλλοντας
458 2020 574 2101 λαβεῖν
587 2014 720 2082 τοιόνδε
735 2011 877 2099 μισθόν·
898 2015 945 2078 ἔτι
958 2011 1100 2080 τούτων
1117 2018 1206 2080 ταῦτα

199 2115 369 2202 λεγόντοιν
379 2116 514 2200 ἐνέβαλε
524 2111 720 2201 νηλἈττική
731 2115 966 2198 Σαμοθρηῑκίη
977 2115 1075 2196 νηῦς.
1095 2109 1168 2198 ἥτε
1179 2105 1206 2190 δή

199 2208 324 2280 Ἀττικά
340 2211 534 2297 ἵτατεδύετο,
551 2214 605 2278 καὶ
621 2213 845 2299 ἐπιφερομένη
857 2214 1013 2294 Αἰγιναίη
1028 2216 1125 2295 νηῦς
1141 2233 1203 2276 και·

201 2313 305 2398 έδυσε
318 2326 387 2379 των
399 2316 653 2396 Σαμοθρηίκων
673 2308 734 2397 τήν
751 2312 819 2376 νέα.
844 2306 903 2376 άτε
918 2307 958 2394 δή
976 2305 1096 2386 ἐόντες
1115 2306 1207 2377 άκον

195 2408 306 2477 πισταὶ
320 2411 355 2474 οί
363 2409 600 2494 Σαμοθρήικες
613 2405 692 2486 τοὺς
704 2407 861 2494 ἐπιβάτας
872 2403 937 2474 αἰπδ
949 2412 1006 2493 τῆς
1016 2405 1206 2475 καταδυσά-

200 2526 260 2594 σης
274 2502 350 2584 νεδς
365 2505 546 2593 βάλλοντες
560 2504 735 2594 ἀπήραξαν
746 2509 801 2574 καὶ
812 2505 979 2593 ἐπέβησάν
993 2531 1029 2571 τε
1043 2509 1107 2575 καὶ
1120 2513 1206 2592 ἔσχον

200 2601 316 2690 αιἰτήν.
339 2611 444 2671 ταῦτα
464 2605 631 2693 γενόμενα
651 2600 731 2687 τούς
742 2603 862 2683 Ἴωνας
880 2603 1061 2691 ἐρρύσατο·
1087 2603 1139 2685 ὡς
1153 2601 1205 2692 γάρ

201 2702 270 2770 εἶδέ
281 2720 386 2787 σφεας
398 2707 520 2788 Ξέρξης
541 2710 643 2790 ἔργον
658 2705 743 2790 μέγα
764 2705 1026 2790 ἐργασαμένους,
1048 2703 1205 2790 ἐτράπετο

201 2797 285 2884 πρὸς
304 2798 383 2879 τούς
402 2807 561 2880 Φοίνικας
575 2797 629 2868 οἷα
644 2799 937 2888 ὑπερλυπεόμενός
953 2827 989 2868 τε
1005 2803 1061 2867 καλ
1082 2803 1204 2875 πάντας

202 2895 418 2985 αἰτιεύμευος,
428 2905 488 2966 καί
496 2919 611 2985 σφεων
621 2902 773 2968 ἐκέλευσε
784 2897 842 2979 τάς
853 2897 1002 2985 κεφαλὰς
1012 2896 1203 2987 ἀποταμεῖν,

200 2996 318 3083 ἵναμή
338 2995 437 3077 ,αὐτοὶ
456 3001 553 3065 κακοὶ
573 2999 750 3084 γενόμενοι
770 2997 848 3078 τοὺς
869 2997 1047 3087 ἀμείνονας
1068 2998 1201 3086 διαβάλ-

200 3104 292 3162 λωσι.
323 3091 410 3172 ὅκως
429 3096 494 3182 γάρ
514 3123 589 3163 τινα
611 3102 677 3165 λδοι
692 3098 814 3185 Ξέρξης
833 3103 901 3164 τῶν
916 3099 1044 3166 ἑωυτοῦ
1061 3101 1166 3182 ἔργον
1180 3119 1201 3158 τι

201 3193 492 3280 ἀποδεικνύμενον
506 3199 543 3264 έν
557 3204 597 3287 τῇ
609 3203 792 3285 ναυμαχίη,
807 3193 992 3282 κατήμενος
1003 3193 1070 3263 ὑπὸ
1085 3204 1137 3288 τῷ
1152 3193 1200 3263 oia

202 3306 254 3369 ρετ
268 3296 314 3381 τῷ
334 3287 451 3360 άντίον
465 3303 672 3381 Σαλαμῖνος,
695 3293 731 3361 τὰ
751 3296 900 3362 καλέεται
917 3295 1110 3380 Αἰγάλεως,
1133 3294 1200 3361 άνετ

201 3390 394 3457 πυνθάνετο
406 3391 467 3459 τὸν
477 3394 680 3480 ποιήσαντα,
696 3397 751 3460 καὶ
766 3397 800 3460 οέ
808 3395 1048 3478 γραμματισταὶ
1064 3386 1198 3478 άνέγρα-

86 3516 127 3521 *
204 3517 271 3569 φον
286 3492 459 3578 πατρόθεν
471 3491 532 3559 τόν
545 3496 747 3581 τριήραρχον
758 3495 811 3560 καὶ
827 3491 888 3578 τήν
903 3490 1012 3560 πόλιν.
1033 3491 1121 3580 πρὸς
1133 3498 1169 3563 δέ
1175 3521 1196 3560 τι
