2500 3925
201 227 209 241 ⁰
320 238 407 294 ιιΒ.
441 239 512 294 vm.
546 237 646 294 οΑΡ.
680 243 856 301 113-117.
1030 237 1093 303 273

85 394 168 464 ὅκου
180 395 219 464 δέ
232 394 456 482 πορευόμενοι
467 401 616 481 γινοίατο
628 397 684 462 καὶ
695 393 770 463 κατ’
785 395 942 479 οὕστινας
954 396 1094 485 ἀνδρό-

19 541 20 576 3
83 519 184 580 κους,
204 492 264 563 τόν
283 495 414 563 τούτων
428 490 561 580 καρπόν
581 489 785 578 ἀρτιάζοντες
806 498 988 585 ἐσιτέοντο,
1010 504 1041 567 εί
1056 499 1093 566 δὲ

85 593 214 682 καρπόν
227 598 354 682 μηδένα
369 593 521 681 εὕροιεν,
543 596 577 662 οί
589 596 626 661 δὲ
640 590 701 680 την
719 600 820 681 ποίην
834 591 896 683 τὴν
910 600 946 665 ἐκ
961 602 1019 683 τῆς
1031 602 1093 683 γῆς

19 729 20 734 ’
83 694 326 783 ἀναφυομένην
339 697 394 763 καὶ
407 702 480 797 τῶν
492 697 661 782 δενδρέων
679 692 740 764 τόν
756 694 879 783 φλοιόν
892 701 1092 786 περιλέπον-

85 824 135 876 τες
145 800 201 865 καὶ
214 794 255 864 τά
268 798 381 884 φόλλα
394 798 660 883 καταδρέποντες
671 796 874 883 κατήσθιον,
890 794 1013 884 ὁμοίως
1022 805 1091 867 τῶν

19 977 20 980 ¹
84 922 117 964 τε
131 894 265 982 ἡμέρων
280 895 335 963 καλ
348 901 416 963 τεόν
431 892 569 983 ἀγρίων,
586 898 643 964 καλ
654 901 788 965 ἔλειπον
799 894 918 965 οὐδέν·
937 905 1042 967 ταῦτα
1058 896 1092 965 δ’

19 1047 20 1058 .
84 996 218 1062 ἐποίευν
232 991 299 1061 ὑπό
314 1001 425 1081 λιμοῦ.
455 991 624 1082 έπιλαβεδν
640 997 677 1062 δὲ
690 993 806 1081 λοιμός
820 1020 857 1063 τε
870 993 931 1063 τόν
947 992 1091 1085 στρατόν

19 1122 34 1156 ,·
85 1095 342 1182 καλ-δυσεντερίη
352 1091 427 1162 κατ’
441 1091 524 1162 ὁδόν
536 1096 720 1180 διέφθειρε.
730 1080 1090 1170 τοόςδέκαλνουσέον-

81 1218 138 1269 τας
157 1188 270 1259 αὐτῶν
289 1195 459 1279 κατέλιπε,
484 1191 674 1261 ἐπιτάσσων
690 1198 765 1280 τῇσι
782 1192 912 1280 πόλισι,
936 1197 994 1261 ἵνα
1011 1193 1091 1262 ἑκά·

19 1373 20 1378 ¹
81 1309 174 1356 στοτε
187 1294 314 1374 γίνοιτο
329 1292 499 1377 ἐλαύνων,
521 1294 730 1377 μελεδαίνειν
746 1316 782 1359 τε
802 1294 858 1359 καλ
876 1297 1030 1381 τρέφειν,
1053 1295 1090 1362 έν

19 1447 20 1450 ,
82 1393 247 1477 Θεσσαλίῃ
262 1392 300 1457 τέ
310 1416 403 1468 τινας
416 1394 472 1459 καλ
487 1393 525 1458 ἐν
539 1396 620 1474 Σίρι
640 1395 698 1476 τῆς
711 1396 875 1477 Παιονίης
888 1394 944 1459 καλ
958 1393 995 1459 έν
1009 1398 1090 1458 Ma-

81 1490 224 1576 κεδονίη.
242 1494 329 1557 ἔνθα
341 1490 397 1557 καὶ
410 1487 447 1556 τδ
460 1486 536 1576 ίρδν
547 1486 638 1575 ἅρμα
649 1485 842 1555 καταλιπόν
852 1494 913 1555 τοῦ
924 1492 1019 1574 Διός,
1036 1484 1091 1556 ὅτε

81 1587 134 1653 ἐπὶ
146 1585 209 1672 τὴν
217 1584 360 1655 Ἑλλάδα
373 1586 517 1675 ἤλαυνε,
533 1584 645 1655 ἀπιόν
657 1584 720 1654 οὐκ
737 1582 899 1673 ἀπέλαβε,
914 1582 998 1655 ἀλλά
1010 1584 1092 1655 δόν-

81 1709 133 1762 τες
147 1688 182 1753 οί
194 1692 340 1765 Παίονες
355 1702 440 1757 τοῖσι
455 1689 573 1777 Θρήιξι
589 1684 806 1765 ἀπαιτέοντος
816 1685 946 1772 Ξέρξεω
961 1691 1092 1773 ἔφασαν

79 1787 266 1870 νεμομένας
278 1783 497 1874 ἁρπασθῆναι
511 1784 579 1858 ὑπὸ
594 1792 663 1853 τῶν
677 1783 749 1853 ἀνω
761 1790 918 1871 Θρηίκων
933 1790 1001 1851 τῶν
1015 1785 1093 1871 περὶ

80 1879 139 1961 τάς
154 1882 263 1972 πηγάς
278 1894 340 1953 τοῦ
356 1887 555 1976 Στρυμόνος
570 1889 766 1974 οἰκημένων.
789 1882 900 1953 Ἔνθα
917 1887 972 1953 καλ
987 1882 1005 1953 ὁ
1022 1891 1090 1953 τῶν
1102 1894 1152 1949 116

80 1985 270 2052 Βισαλτέων
284 1983 443 2072 βασιλεός
454 1993 516 2073 γῆς
531 2011 568 2054 τε
581 1991 640 2072 τῆς
653 1991 893 2074 Κρηστωνικῆς
905 1986 1018 2071 Θρῆιξ,
1034 1988 1090 2069 έρ-

79 2107 142 2168 γον
162 2077 334 2168 ὑπερφυὲς
351 2085 523 2171 ἐργάσατο.
558 2083 595 2162 ὃς
614 2081 696 2151 οὔτε
716 2079 818 2161 αάτδς
835 2087 900 2169 ἐφη
921 2089 967 2173 τῷ
984 2085 1089 2170 Ξέρξη

78 2177 167 2248 έκεδν
185 2178 270 2248 εἶναι
285 2183 500 2270 δουλεύσειν,
515 2180 590 2252 ἀλλ’
606 2189 713 2269 οίχετο
726 2180 797 2250 ἀνω
809 2185 843 2261 ἐς
857 2179 894 2251 τό
911 2177 1013 2268 οὖρος
1027 2179 1090 2268 τὴν

73 2277 251 2368 Ῥοδόπην,
266 2287 355 2350 τοῖσί
365 2307 402 2350 τε
415 2284 510 2351 παισὶ
521 2280 712 2370 ἀπηγόρευε
725 2278 769 2367 μὴ
782 2279 1024 2367 στρατεύεσθαι
1035 2283 1088 2349 έκλ

76 2376 298 2465 τὴνἙλλάδα.
322 2384 358 2448 οί
369 2381 406 2448 δὲ
417 2378 652 2468 ἀλογήσαντες,
667 2375 809 2466 ἦάλλως
820 2398 881 2466 σφι
891 2376 1004 2465 θυμὸς
1014 2380 1088 2465 έγέ·

77 2503 154 2545 νετο
165 2477 363 2562 θηήσασθαι
373 2477 434 2547 τόν
445 2479 604 2566 πόλεμον,
617 2477 855 2562 ἐστρατεύοντο
866 2475 935 2564 ἅμα
945 2481 1087 2568 τῷΠέρ-
1142 2510 1145 2514 ·

77 2597 131 2663 ση.
160 2577 231 2642 ἐπεὶ
245 2579 282 2642 δὲ
298 2572 515 2661 ἀνεχώρησαν
532 2573 662 2655 ἀσινέες
676 2575 800 2654 πάντες
814 2578 848 2655 ἓξ
863 2572 990 2663 ἐόντες,
1006 2575 1087 2656 ἐξά-

78 2675 159 2759 ρυξε
170 2669 284 2739 αὐτῶν
294 2670 312 2740 ὁ
324 2670 433 2759 πατὴρ
442 2671 521 2753 τούς
533 2671 733 2761 ὀφθαλμοὺς
745 2669 800 2741 διά
811 2669 874 2760 τὴν
884 2678 994 2759 αίτίην
1004 2673 1088 2741 ναό-

78 2797 150 2857 την.
184 2773 251 2838 Kal
271 2763 366 2839 οὗτοι
386 2773 449 2858 μὲν
467 2780 590 2842 τοῦτον
604 2771 666 2841 τόν
686 2768 812 2859 μισθόν
833 2777 972 2860 ἔλαβον,
998 2777 1032 2840 οί
1052 2773 1087 2840 δὲ
1100 2776 1149 2832 117

75 2874 206 2958 Πέρσαι
223 2866 267 2950 ὦς
277 2872 315 2938 ἐκ
328 2878 387 2958 τῆς
397 2879 544 2959 Θρηίκης
554 2871 779 2960 πορευόμενοι
791 2866 949 2939 ἀπίκοντο
962 2872 1015 2937 ε’πλ
1026 2867 1087 2936 τόν

76 2970 203 3059 πόρου,
222 2970 432 3058 ἐπειγόμενοι
445 2970 506 3040 τόν
514 2971 760 3058 Ἑλλήσποντον
773 2977 848 3060 τῇσι
861 2973 961 3057 νηυσί
973 2972 1086 3057 διέβη-

76 3091 142 3137 σαν
157 3073 190 3149 ές
200 3068 365 3157 Ἄβυδον·
393 3069 452 3150 τάς
467 3067 536 3157 γάρ,
547 3075 677 3157 σχεδίας
692 3069 755 3138 οὐκ
770 3061 873 3152 εὖρον
891 3072 938 3134 ἐτι
953 3068 1087 3135 ἐντετα·

75 3168 197 3252 μένας,
223 3163 297 3236 ἀλλ’
320 3165 387 3235 ὑπό
412 3175 574 3255 χειμῶνος
594 3173 840 3256 διαλελυμένας.
875 3169 1024 3236 ἐνθαῦτα
1048 3169 1085 3233 δέ

74 3265 293 3353 κατεχόμενοι
308 3274 396 3336 σιτία
414 3295 452 3337 τε
471 3269 560 3336 πλέω
575 3265 597 3356 ἢ
612 3265 687 3337 κατ’
704 3265 786 3336 ὁδόν
801 3265 1009 3353 ἐλάγχανον,
1025 3261 1087 3332 οὐ·
1190 3297 1192 3302 ’

74 3370 159 3434 δένα
172 3393 208 3434 τε
222 3366 352 3454 κόσμον
372 3369 615 3456 ἐμπιπλάμενοι
633 3371 688 3436 καὶ
705 3367 812 3436 ὕδατα
825 3364 1087 3452 μεταβάλλοντες

71 3464 304 3619 ἀπέθνησκορΙ
313 3475 374 3552 τοῦ
396 3475 541 3555 στρατοῦ
554 3475 619 3551 τοῦ,
634 3463 827 3551 περιεόντος
844 3469 970 3619 πολλΒοί.
983 3479 989 3492 ’
1002 3467 1035 3532 οί
1050 3463 1087 3533 δὲ

159 3577 259 3618 annon.
305 3603 313 3617 .
905 3566 920 3619 l
