2500 3925
328 225 409 283 LIB.
442 225 485 282 lx,
518 226 612 284 GAP.
645 232 782 285 οε-ιοο.
999 222 1065 289 335

29 421 97 462 ιαι.
132 391 242 462 ἐπεάν
259 401 519 485 συμμίσγωμεν,
537 402 734 485 μεμνῆσθαί
748 425 821 468 τινα
835 397 898 487 χρή
918 384 1059 469 ε’λεύδε-

29 500 105 582 ρίης
137 494 207 582 μὲν
230 494 369 566 πάντων
395 503 547 589 πρῶτον,
578 497 661 586 μετά
689 498 727 568 δὲ
752 501 816 568 τού
846 500 1061 589 συνθήματος

29 595 155 682 Ήβης.
186 596 242 665 καὶ
259 595 339 666 τάδε
358 609 440 668 ἴστω
457 600 515 669 καὶ
533 596 550 667 ὁ
570 597 614 687 μή
636 599 824 681 ἐπακούσας
841 597 957 689 ύμέων
974 627 1060 723 προς

29 702 89 764 τοῦ
111 697 378 780 ἐπακούσαντος.
414 698 521 781 εδντδς
545 693 649 770 δέ
607 728 706 781 ουτος
725 699 791 770 ἐόν
807 700 964 828 τυγχάνει
981 701 1060 781 νόος
1209 780 1210 783 χ

29 803 95 865 τοῦ
124 798 324 888 πρήγματος
348 801 443 870 xal‘
426 829 445 871 0
471 801 751 890 Θεμιστοκλέος’
734 830 752 872 ο
779 800 833 872 ἐπ’
858 801 1065 895 Ἀρτεμισίῳ.
1173 794 1177 799 ’
1209 792 1211 827 ³

29 893 49 984 ἢ
79 898 153 1023 γὰρ
176 900 219 988 δή
244 901 394 972 λαθόντα
418 901 459 973 τά
484 904 613 994 ῥήματα
637 931 718 985 τους
735 903 928 995 βαρβάρους
946 911 1062 994 ἐμελλε

29 1026 116 1081 τους
127 999 251 1082 Ἴωνας
261 1012 400 1092 πείσειν,
415 1033 436 1094 η
423 1002 576 1074 ἔπειτεν
585 1002 824 1094 ἀνενειχθέντα
838 1009 872 1086 ἐς
885 1004 964 1086 τούς
976 1009 1063 1096 βαρ-

29 1102 168 1191 βάρους
187 1102 337 1189 ποιήσειν
355 1101 527 1187 άπίστους,
549 1112 774 1196 ,Λευτυχίδεω
792 1108 830 1176 δε
848 1113 954 1176 ταῦτα
971 1104 1061 1176 ύπο·
1078 1122 1114 1177 99

34 1207 195 1290 θεμένου
218 1201 358 1287 δεύτερα
375 1199 415 1287 δή
440 1201 521 1268 τάδε
542 1201 677 1269 ἐποίευν
696 1205 731 1269 οί
746 1197 918 1288 Ἕλληνεςῑ
950 1226 1056 1292 προσ·

36 1302 182 1388 σχόντες
198 1294 257 1376 τάς
273 1303 351 1377 νέας
366 1295 540 1386 ἀπέβησαν
557 1299 590 1376 ές
605 1295 667 1365 τόν
682 1299 843 1384 αἰγιαλόν.
877 1303 942 1370 Καὶ
958 1294 1052 1371 οὗτοι

39 1403 104 1488 μὲν
120 1397 318 1483 ἐτάσσοντο,
334 1401 368 1465 οί
381 1394 417 1464 δὲ
428 1396 556 1482 Πέρσαι
569 1392 613 1474 ὡς
624 1393 715 1464 εἶδον
728 1393 973 1487 τούςἝλληνας
987 1425 1052 1467 πα-

40 1497 355 1584 ρασκευαζομένους
375 1495 408 1574 ἐς
422 1493 534 1581 μάχην
548 1495 603 1562 καί
622 1508 707 1562 τοῖσι
718 1493 810 1563 Ἴωσι
826 1500 1052 1585 παραινέσαν-

42 1623 119 1683 τας,
141 1601 242 1664 τοῦτο
265 1595 328 1680 μὲν
347 1589 598 1679 ὑπονοήσαντες
616 1589 696 1671 τούς
710 1599 862 1680 Σαμίους
880 1592 920 1662 τά
937 1593 1053 1682 Ἐλλή-

44 1720 116 1762 νων
135 1692 294 1781 φρονέειν
314 1689 530 1779 άπαιρέονται
545 1687 586 1758 τά
604 1688 701 1760 ὅπλα.
730 1696 765 1761 ολ
778 1688 843 1778 γάρ
865 1684 914 1760 οἶα
926 1692 1053 1779 Σάμιοι

44 1793 261 1880 ἀπικομένων
280 1789 471 1878 Ἀθηναίων
486 1788 704 1877 αίχμαλύτων
718 1793 755 1858 έν
775 1798 848 1880 τῇσι
869 1794 969 1880 νηνσλ
984 1796 1053 1858 τῶν

46 1891 246 1983 βαρβάρων,
266 1888 346 1972 τούς
360 1897 482 1979 ἔλαβον
497 1886 562 1958 άνά
577 1885 642 1977 τήν
651 1887 801 1979 Ἀττικήν
817 1892 1053 1979 λελειμμένους

47 2000 81 2064 αι’
91 1997 235 2081 Ξέρξεω,
251 1991 391 2073 τούτους
404 1992 588 2079 λυσάμενοι
603 1991 730 2072 πάντας
745 1989 978 2081 ἀποπέμπουσι
993 1995 1052 2062 ἐπ·

49 2091 243 2171 οδιάσαντες
253 2096 286 2171 ἐς
296 2089 355 2173 τὰς
366 2088 528 2180 Ἀθήνας·
543 2097 612 2159 τῶν
624 2093 753 2160 εἵνεκεν
764 2089 827 2160 ούκ
835 2089 954 2179 ἥκιστα
966 2090 1052 2160 ὑπο-

49 2199 130 2278 ψίην
145 2189 249 2280 εἶχον,
265 2198 484 2277 πεντακοσίας
498 2188 647 2279 κεφαλάς
660 2198 729 2260 τῶν
741 2194 869 2280 Ξέρξεω
883 2198 1052 2279 πολεμίων

50 2292 238 2380 λυσάμενοι.
262 2298 360 2360 τοῦτο
377 2293 414 2361 δὲ
427 2289 486 2371 τάς
497 2292 633 2372 διόδους
643 2289 701 2372 τάς
712 2294 746 2371 ἐς
759 2289 818 2373 τάς
832 2288 985 2381 κορυφάς
994 2296 1052 2378 τῆς

52 2392 213 2479 Μυκάλης
229 2390 398 2480 φερούσας
412 2393 660 2481 προστάσσουσι
675 2406 760 2461 τοῖσι
773 2396 968 2479 Μιλησίοισι
984 2417 1052 2477 φυ-

53 2489 185 2562 λάσσειν
208 2488 252 2569 ὡς
271 2491 517 2578 ἐπισταμένοισι
540 2494 647 2579 δῆθεν
670 2491 813 2578 μάλιστα
837 2487 901 2576 τήν
926 2487 1049 2575 χάρην.
1124 2498 1128 2503 ’

54 2595 183 2661 ἐποίευν
196 2592 240 2658 δὲ·
252 2590 375 2658 τούτου
392 2594 538 2678 εἵνεκεν,
559 2592 617 2657 ἵνα
634 2586 728 2668 ἐκτός
748 2594 809 2657 τοῦ
826 2588 1051 2674 στρατοπέδου

56 2695 138 2759 ἔωσι,
159 2688 298 2767 τούτους
308 2688 370 2775 μὲν
383 2685 517 2776 Ἰάνων,
532 2702 617 2757 τοῖσι
631 2689 687 2756 καὶ
697 2684 897 2755 κατεδόκεον
908 2683 1052 2773 νεοχμόν

57 2787 99 2855 άν
112 2813 141 2855 τι
154 2788 277 2855 ποιέειν
291 2786 453 2874 δυνάμιος
468 2787 755 2875 ἐπιλαβομένοισι,
771 2786 923 2871 τρόποισι
937 2785 1050 2854 τοιού-

58 2906 137 2956 τοισι
151 2884 444 2971 προεφυλάσσοντο
456 2890 490 2953 οί
497 2888 637 2972 Πέρσαι,
654 2881 749 2952 αὐτοὶ
764 2885 801 2953 δέ
812 2884 1051 2972 συνεφόρησαν

60 2981 96 3054 τά
111 2988 203 3072 γέρρα
216 2986 312 3072 ἕρκος
324 2982 412 3053 εἶναί
420 3003 490 3070 σφι.
506 2981 566 3064 Ὡς
577 2984 614 3051 δὲ
629 2981 694 3071 άρα
705 2982 955 3070 παρεσκεύαστο
966 2996 1050 3050 τοῖσι
1068 3007 1120 3059 100

62 3080 198 3169 Ἕλλησι,
214 3079 401 3171 προσήισαν
414 3080 498 3203 πρός
511 3078 591 3161 τούς
604 3079 807 3170 βαρβάρους.
835 3084 923 3148 ἰοῦσι
939 3083 978 3148 δέ
989 3100 1050 3166 σφι
1084 3080 1093 3095 ’

65 3178 148 3267 φήμη
160 3205 191 3246 τε
206 3181 361 3249 ἐσέπτατο
374 3182 407 3260 ἐς
420 3206 457 3250 το
446 3178 697 3269 στρατόπεδον
712 3185 781 3247 πᾶν
794 3180 849 3247 και
865 3178 1050 3266 κηρυκήιον

66 3278 162 3399 ἐφάνη
175 3280 223 3346 ἐπι
242 3285 300 3365 τῆς
319 3286 518 3368 κυματωγῆς
534 3285 699 3367 κείμενον.
726 3305 748 3366 η
736 3274 801 3346 δέ
821 3277 915 3365 φήμη
932 3277 1053 3364 διῆλθέ

67 3399 120 3495 σφι
140 3366 257 3463 άδε,’
235 3402 280 3456 ως
300 3382 333 3445 οδ
348 3375 506 3465 ’Έλληνες
525 3374 587 3465 τήν
601 3380 804 3463 Μαρδονίου
823 3370 982 3463 στρατιηυ
996 3399 1050 3441 νι-

68 3481 144 3543 κιδεν
157 3477 189 3555 ἐν
202 3483 376 3545 Βοιωτοῖσι
389 3476 581 3564 μαχόμενοι.
606 3478 690 3562 δήλα
705 3472 746 3561 δή
761 3482 912 3543 πολλοῖσι
926 3498 1051 3561 τεκμη-
