2500 3925
397 260 842 323 ΙΜΟΑΡνι-ρι
1078 258 1121 323 53

120 422 176 489 καί
201 416 281 499 τούς
303 416 501 508 Πέρσας,”
481 444 565 509 οτεμ
591 418 706 511 τρόπω
729 415 896 506 ηγήσαντο
921 426 979 508 τῆς
999 416 1118 506 Ἀσίης.

115 509 222 597 '⁹23
195 542 244 585 ων
257 519 416 637 Περσέων
437 519 640 637 μετεξέτεροι
656 518 793 637 λέγρυσι
812 521 847 585 οί
859 512 903 605 μὴ
918 516 1121 606 βουλόμενοι

120 621 269 701 σεμνοῦν
282 642 323 683 τα
311 613 415 704 περὶ
430 622 560 707 Κῦρον,
589 612 674 685 ἀλλὰ
694 612 755 683 τόν
770 613 868 684 ἐόντα
882 618 992 701 λέγειν
1005 614 1120 703 λόγον,

121 710 205 781 κατά
228 718 331 781 ταῦτα
355 713 492 802 γράψω,
514 714 731 801 ἐπιπτόμενος
753 715 829 797 περὶ
845 712 966 797 Κόρου
981 716 1036 784 καὶ
1049 739 1122 802 τρι-

121 816 244 896 φασίας
258 810 359 891 ἄλλας
369 813 482 899 λόγων
494 809 596 891 δδοδς
610 818 725 900 φῆναι.
751 809 936 898 Ἀσσυρίων
949 808 1123 900 ἀρχόντων

122 918 178 997 τῆς
200 907 272 978 ἀνω
289 907 397 999 Ἀσίης
411 907 460 980 ἐπ’
475 915 549 979 ἔτεα
566 919 670 978 είκοσι
685 912 740 978 καὶ
753 909 972 996 πεντακόσια,
996 914 1123 997 πρῶτοι

120 1004 174 1077 ἀτί
196 1004 310 1075 αὐτῶν
325 1014 440 1097 Μῆδοι
460 1007 603 1098 ἤρξαντο
620 1006 841 1079 ἀπίστασθαι·
872 1015 932 1077 καί
945 1034 1013 1087 κως
1028 999 1123 1077 οὗτοι

118 1108 196 1196 περὶ
212 1114 270 1194 τῆς
291 1110 485 1197 ἐλευθερίης
497 1109 723 1197 μαχεσόμενοι
734 1123 821 1177 τοῖσι
833 1106 1037 1196 Ἀσσυρίοισι
1049 1107 1124 1192 ἐμέ-

120 1230 221 1273 νοντο
235 1203 356 1294 ἀνδρες
371 1203 511 1295 ἀγαθοί,
529 1209 585 1276 καλ
600 1203 816 1293 ἀπωσάμενοι
831 1202 895 1294 τὴν
910 1203 1124 1293 δουλοσύνην

118 1301 416 1393 ἠλευθερώθησαν.
455 1304 536 1394 μετά
557 1305 595 1374 δὲ
614 1305 755 1385 τούτους
778 1306 833 1374 καλ
852 1302 892 1374 τὰ
916 1302 1000 1375 ἀλλα
1020 1312 1123 1375 ἔθνεα

118 1406 228 1472 ἐποίεε
254 1400 362 1523 τράυτὸ
388 1420 474 1475 τοῖσι
494 1404 654 1492 Μήδοισι.
695 1400 838 1471 ’Βόντων
863 1401 900 1473 δδ
925 1400 1169 1491 αάτονόμωννσ

116 1500 257 1570 πόντων
272 1498 338 1569 ἀνά
361 1527 423 1591 την
436 1500 577 1591 ἤπειρον
610 1493 677 1569 ωδε
690 1494 785 1581 πότις
800 1504 833 1581 ἐς
845 1506 1048 1591 τυραννίδας
1062 1526 1123 1569 πε-

117 1606 273 1687 ριῆλθον.
314 1597 400 1689 ἀνηρ
426 1605 463 1671 ἐν
484 1615 571 1671 τοῖσι
594 1600 745 1690 Μήδοισι
769 1603 901 1688 ἐγένετο
926 1597 1050 1688 σοφός,
1075 1606 1122 1691 τςό

116 1695 250 1784 οὕνομα
271 1689 316 1786 ἦν
337 1700 503 1787 Δηιόκης,
528 1713 606 1779 παῖς
626 1691 706 1766 δέ
684 1724 728 1785 ην
751 1698 941 1789 Φραόρτεω.
982 1690 1081 1778 οὗτος
1102 1695 1121 1767 ὁ

118 1798 269 1887 Δηιόκης
288 1801 442 1887 ἐρασθεὶς
458 1788 659 1921 τυραννίδρς
680 1803 788 1870 ἐποίεε
809 1799 938 1870 τοιάδε·
967 1824 1124 1885 κατοικη-

116 1899 232 1984 μένων
254 1902 323 1966 τόν
339 1898 472 1989 Μήδων
485 1896 569 1968 κατὰ
584 1898 715 1988 κόμας,
737 1901 826 1968 ἐν
787 1924 828 1989 τη
844 1923 972 1967 εωυτου
959 1892 1054 1966 ἐων
1068 1896 1124 1965 καλ

115 1997 286 2085 πρότερον
306 1998 443 2086 δόκιμος
463 2002 518 2067 καλ
538 1999 667 2086 μᾶλλόν
681 2024 713 2067 τι
727 2000 782 2067 καὶ
796 1995 1055 2086 προθυμότερον
1071 1999 1124 2062 δι-

116 2095 307 2184 καιοσύνην
322 2100 520 2221 ἐπιθέμενος
536 2096 653 2186 ἤσκεε·
685 2099 859 2168 καὶταῦτα
875 2097 989 2183 μέντοι
1003 2092 1124 2180 ἐοόσης

116 2195 259 2284 ἀνομίης
278 2195 445 2286 πολλῆς’
426 2197 491 2268 ανᾶ
508 2206 621 2268 πᾶσαν
641 2197 705 2286 τὴν
719 2194 881 2285 Μηδικην
903 2198 1028 2282 ἐποίεε,
1050 2195 1123 2262 ἐπι-

116 2293 298 2382 στάμενος,
326 2294 377 2365 ότι
400 2323 445 2390 τω
467 2303 585 2390 δικαίῳ
601 2295 639 2366 τό
662 2294 782 2367 ἄδικον
796 2295 958 2417 πολίμιόν
971 2298 1049 2364 ἐστι.
1091 2294 1126 2358 os

115 2391 257 2463 δ’ἐκ
216 2419 276 2480 της
292 2391 395 2481 αὐτῆς
409 2395 523 2484 κόμης
532 2401 649 2484 Μηδοι
666 2394 818 2484 ὁρέοντες
832 2392 938 2463 αὐτοῦ
952 2416 1031 2471 τους
1044 2386 1125 2478 τρό-

115 2518 204 2574 πους
232 2492 394 2583 δικαστήν
421 2522 480 2583 μιν
508 2499 644 2566 ἕωυτων
671 2496 833 2585 αίρίοντο.
876 2489 957 2562 ὁδε
981 2487 1040 2578 δὴ,
1070 2482 1122 2556 οἷα
1211 2573 1217 2580 ,

113 2591 303 2680 μνεόμενος
325 2589 448 2682 ἀρχὴν,
475 2594 555 2674 ίθός
578 2621 613 2662 τε
634 2596 690 2664 καὶ
711 2584 875 2672 δίκαιος
852 2618 906 2680 ην.
946 2591 1071 2659 ποιέων
1088 2611 1124 2654 τε

113 2698 222 2759 ταῦτα
249 2697 389 2760 ἔπαινον
415 2691 543 2780 εἶχε’
504 2719 567 2762 ουκ
593 2691 710 2822 ὀλίρον
730 2691 814 2781 πρός
836 2697 905 2760 τῶν
926 2690 1122 2776 πολιητέων,

115 2790 208 2858 οὕτω
231 2787 316 2858 ὥστε
343 2792 600 2880 πυνθανόμενοι
628 2798 662 2862 oc
686 2795 724 2862 ἐν
745 2798 821 2882 τησι
843 2789 961 2879 ἀλλησι
982 2787 1122 2877 κοίμησε,

116 2887 162 2968 ὡς
177 2887 329 2976 Δηιόκης
350 2898 400 2977 είη
422 2887 508 2978 ἀνὴρ
521 2894 656 2979 Ιμοῦνος
676 2887 759 2959 κατὰ
779 2886 817 2957 τό
840 2885 950 2977 ὀρθόν
969 2885 1123 2974 δικάζων,

116 2991 283 3081 πρότερον
301 2999 552 3081 περιπίπτοντες
569 2989 712 3060 ἀδίκοισι
727 2989 894 3078 γνόμησι,
911 2988 996 3074 τότε,
1015 2990 1121 3057 ἐπείτε

117 3091 290 3180 ἥκουσαν,
332 3091 468 3180 ἄσμενοι
499 3093 649 3179 ἐφοίτεον
685 3088 774 3178 παρά
804 3088 863 3158 τόν
889 3087 1034 3175 Δηιόκεα
1065 3087 1120 3158 καλ

117 3192 215 3262 αὐτοὶ
230 3192 468 3282 δικασόμενοι,
491 3197 585 3273 τέλος
599 3195 639 3282 δὲ
656 3190 771 3261 οὐδενὶ
784 3187 874 3281 ἀλλω
889 3187 1123 3275 ἐπετράποντο.

118 3302 272 3375 Πλεῦνος
288 3295 362 3364 aza
362 3299 405 3366 ίελ
362 3277 603 3384 ίμινομίνου
616 3319 679 3363 του
663 3255 956 3411 ἐπιφοιτίόρτος,
971 3283 1024 3356 οἷα
1037 3311 1125 3355 πυν-
1135 3305 1170 3362 97

119 3394 380 3485 θανομένων
343 3423 402 3478 τας
423 3402 516 3476 δίκας
534 3394 779 3517 ἀπρβαίνειν
747 3387 830 3460 κατὰ
845 3415 882 3457 το
871 3386 973 3472 ἐόν,
989 3381 1125 3472 μνοδςό

120 3495 271 3583 Δηιόκης
288 3497 357 3575 ἐς
339 3494 466 3564 εωυτόν
481 3501 550 3563 πᾶν
573 3490 811 3578 ἀνακείμενον,
833 3510 910 3552 ουτε
924 3487 1065 3560 κατίζειν
1080 3483 1127 3544 ἐτι
