2500 3925
334 276 420 334 ιιυ.
451 278 473 333 1.
506 274 606 333 ολο.
640 282 815 340 ιω-ιοο.
1038 271 1079 341 57

70 442 124 522 τῆς
138 433 332 524 Μαιήτιδος
354 436 406 506 έπλ
420 441 530 506 Φᾶσιν
554 432 706 523 ποταμόν
720 438 775 505 καλ
789 438 822 517 ές
835 434 986 527 Κόλχους
1005 460 1078 525 τρι·

71 532 195 621 η’κοντα
215 530 371 622 ἡμερέων
391 531 523 626 εύζύνρι
549 529 645 622 ὁδός,
666 536 702 603 έκ
724 535 761 602 δὲ
780 540 838 622 τῆς
852 538 1014 621 Κολχίδος
1037 529 1079 601 ού
1108 576 1128 611 .

70 630 197 703 πολλόν
212 629 402 721 ὑπερβῆναι
429 635 462 712 ές
485 630 547 721 τὴν
573 630 753 721 Μηδικήν,
779 628 856 702 ἀλλ’
891 636 929 701 ἓν
953 630 990 701 τό
1021 628 1077 702 διά

68 740 173 823 μέσον
189 740 293 814 ἔθνος
314 730 428 803 αὐτῶν
448 736 532 822 έστλ,
559 732 764 822 Σάσπειρες,
785 740 886 803 τοῦτο
914 735 950 802 δλ
969 758 1077 822 παρα-

68 836 300 921 μειβομένοισι
315 830 400 901 εἶναι
415 834 452 901 έν
466 838 506 923 τῇ
521 836 670 922 Μηδικῇ.
701 828 743 901 ού
756 835 871 921 μέντοι
886 835 922 901 οἵ
932 858 971 921 γε
982 832 1077 903 Σκύ-

66 940 129 999 θαι
148 929 258 1020 ταύτῃ
274 932 452 1019 ἐσέβαλον,
473 926 558 1000 ἀλλά
578 926 643 1019 τὴν
662 928 855 1019 κατύπερθε
869 926 951 999 όδόν
964 934 1078 1021 πολλῷ

69 1037 281 1121 μακροτέρην
297 1032 555 1121 ἐκτραπόμενοι,
576 1034 614 1101 έν
636 1035 727 1127 δεξιῇ
741 1036 871 1119 ἔχοντες
884 1028 922 1101 τό
937 1028 1077 1100 Καυκά-

69 1151 143 1200 σιον
158 1124 272 1215 οὖρος.
304 1133 454 1201 ένθαῦτα
476 1135 510 1201 οί
524 1130 586 1219 μὲν
604 1134 720 1218 Μῆδοι
742 1127 971 1218 συμβαλόντες
990 1143 1077 1199 τοῖσι

70 1228 229 1319 Σκύθησι
245 1233 301 1299 καί
315 1232 520 1311 ἑσσωθέντες
539 1236 580 1320 τῇ
594 1227 683 1319 μάχη
694 1235 752 1318 τῆς
771 1226 873 1317 ἀρχῆς
887 1227 1077 1315 κατελύθη-

69 1350 148 1417 σαν,
164 1334 200 1397 οί
211 1332 249 1398 δὲ
265 1327 404 1398 Σκύθαι
418 1327 480 1417 την
494 1326 608 1417 Ἀσίην
622 1335 735 1397 πᾶσαν
748 1330 897 1416 ἐπέσχον.
936 1325 1077 1399 Ἐυθεῦ-
1092 1346 1143 1401 λδθ

66 1454 122 1497 τεν
138 1426 176 1496 δέ
189 1424 292 1515 ἤϊσαν
312 1425 366 1497 ἐπ’
382 1436 568 1515 Αἴγυπτον.
611 1431 668 1497 καί
682 1430 756 1496 ίπεί
767 1454 803 1497 τε
817 1430 972 1515 έγένοντο
987 1430 1024 1496 έν
1037 1430 1076 1515 τῇ

66 1532 276 1613 Παλαιστίνῃ
291 1534 421 1616 Συρίη,
448 1526 656 1616 Ψαμμίτιχός
671 1546 775 1614 σφεας
790 1526 965 1615 Αἰγύπτου
978 1534 1076 1614 βασι-

67 1622 145 1704 λεύς
167 1620 330 1704 ἀντιάσας
346 1623 487 1713 δώροισί
497 1650 531 1693 τε
546 1627 603 1693 καλ
616 1631 724 1715 λιτῇσι
738 1620 924 1714 ἀποτράπει
937 1620 974 1693 τό
991 1647 1074 1712 προ-

68 1727 203 1812 σωτέρω
227 1720 272 1810 μὴ
297 1722 516 1811 πορεύεσθαι.
559 1728 594 1791 οί
620 1725 656 1791 δὲ
688 1724 795 1792 έπείτε
831 1720 1075 1811 ἀναχωρέοντες

69 1821 176 1891 ὀπίσω
202 1825 359 1910 ἐγίνοντο
386 1828 444 1909 τῆς
463 1828 593 1909 Συρίης
618 1822 656 1889 έν
676 1817 862 1890 Ἀσκάλωνι
886 1818 982 1908 πόλι,
1008 1824 1076 1887 τῶν

68 1919 225 1991 πλεόνων
239 1922 409 1991 Σκυθέων
430 1917 709 2009 παρεξελθόντων
731 1915 877 1990 ἀσινέων
906 1916 1013 2007 ὀλίγοι
1028 1942 1074 1988 τι·

66 2019 123 2099 νὲς
133 2017 249 2088 αὐτῶν
261 2016 526 2107 ὑπολειφθέντες
538 2018 706 2106 ἐσύλησαν
717 2025 774 2107 τῆς
785 2017 945 2109 οὐρανίης
955 2016 1076 2107 Ἀφρο-

68 2127 160 2208 δίνης
183 2117 221 2186 πό
244 2117 330 2204 ίρόν.
374 2125 442 2188 ἔστι
458 2120 494 2189 δέ
508 2127 606 2190 τοῦτο
621 2117 660 2187 τὸ
682 2117 775 2209 ίρόν,
803 2118 848 2200 ὡς
862 2117 926 2209 έγιό
941 2130 1077 2189 πυνθα-

67 2219 212 2306 νόμενος
228 2216 389 2309 εὑρίσκω,
407 2219 544 2289 πόντων
559 2215 778 2308 ἀρχαιότατον
791 2221 893 2306 ἱρῶν,
917 2218 981 2288 ὅσα
994 2216 1077 2288 ταύ·

67 2351 125 2412 της
149 2328 209 2410 τῆς
233 2328 338 2390 θεοῦ·
378 2323 433 2390 καὶ
457 2318 523 2409 γὰρ
544 2318 582 2389 τό
604 2322 642 2389 ἐν
663 2317 792 2413 Κύπρῳ
814 2318 901 2408 ίρόν
916 2325 1078 2391 ἐνθεῦτεν

68 2423 222 2510 ἐγένετο,
244 2417 289 2500 ὥς
310 2417 404 2489 αύτολ
426 2423 562 2507 λέγουσι
577 2418 745 2508 Κύπριοι,
766 2421 822 2488 καλ
842 2417 879 2488 τό
903 2423 940 2488 έν
954 2418 1077 2508 Κυθη-

68 2541 158 2605 ροισι
172 2521 327 2598 Φοίνικές
343 2525 404 2588 είσι
420 2524 454 2588 οί
466 2519 688 2608 ίδρυσάμενοι
700 2520 737 2588 έκ
748 2517 871 2608 ταύτης
881 2527 939 2609 τῆς
948 2526 1077 2609 Συρίης

68 2619 189 2698 ἐόντες.
234 2631 319 2685 τοῖσι
335 2618 371 2686 δὲ
382 2625 451 2687 τῶν
463 2622 634 2688 Σκυθέων
655 2615 818 2707 συλήσασι
838 2615 876 2687 τό
891 2617 967 2707 ίρόν
981 2616 1018 2688 τό
1039 2620 1076 2687 έν

72 2714 250 2785 Ασκάλωνι
271 2716 326 2784 καί
347 2731 433 2786 τοῖσι
456 2716 588 2786 τούτων
610 2719 674 2786 αίελ
696 2714 864 2804 ἐκγόνοισι
880 2710 1076 2805 ἕνέσκηψεὴ

68 2811 149 2893 θεὸς
169 2811 301 2900 θήλεαν
322 2820 459 2883 νοῦσον.
501 2813 586 2884 ὥστε
608 2813 677 2901 ἅμα
693 2816 831 2902 λέγουσί
843 2841 878 2884 τε
893 2820 927 2884 οί
938 2813 1076 2908 Σκύθαι

69 2908 123 2979 διά
138 2909 240 2979 τοῦτό
257 2930 363 2998 σφεας
378 2916 527 3000 νοσέειν,
553 2918 609 2983 καλ
624 2910 709 2999 ὁρᾶν
728 2909 803 3000 παρ’
827 2916 978 2983 ἑωυτοῖσι
998 2908 1077 2992 τούς

69 3007 334 3096 ἀπικνεομένους
355 3013 389 3091 ές
408 3008 471 3100 τὴν
490 3008 672 3100 Σκυθικὴν
692 3009 806 3098 χοίρην
829 3008 873 3091 ὡς
894 3014 1073 3093 διακέαται,

70 3104 148 3188 τούς
171 3111 331 3177 καλέουσι
351 3108 491 3199 ένάρεας
513 3113 547 3178 οί
558 3109 708 3178 Σκύθαι.
750 3106 820 3178 Ἐπί
833 3113 896 3196 μέν
909 3134 975 3175 νυν
990 3103 1076 3176 ὀκτύ
1096 3115 1146 3172 106

68 3209 123 3276 καί
151 3216 255 3276 είκοσι
282 3213 356 3286 ἔτεα
380 3201 487 3298 ἦρχον
511 3214 569 3295 τῆς
587 3204 696 3295 Ἀσίης
722 3211 756 3276 οί
773 3206 930 3294 Σκύθαι,
958 3204 1076 3275 καὶτὰ

68 3309 177 3378 ποίντα
199 3329 260 3394 σφι
284 3304 354 3378 ύπό
373 3337 407 3378 τε
423 3309 542 3399 ύβριος
567 3311 622 3379 κοιλ
643 3305 820 3395 ὀλιγωρίης
841 3303 1008 3377 ἀνάστατα
1022 3301 1075 3398 ἦν.

69 3407 165 3494 χωρίς
188 3407 252 3492 μέν
271 3403 336 3493 γάρ
359 3406 470 3495 φόρον
493 3414 662 3498 ἔπρησσον
688 3401 762 3492 παρ’
781 3403 928 3472 ἕκάστων
943 3404 980 3473 τό
999 3403 1077 3472 ἑκό-

69 3525 173 3574 στοισι
190 3505 391 3596 ἐπέβαλλον,
412 3508 512 3595 χωρὶς
527 3507 564 3575 δέ
577 3511 639 3574 τοῦ
662 3527 773 3592 φορου
795 3498 944 3588 ἥρπαζον
963 3525 1074 3586 περιε-
