2500 3925
159 262 218 326 152
527 272 772 332 flssssonorl

154 423 295 506 τούτους
308 433 369 493 τοῦ
382 432 508 495 Νείλου
522 427 603 514 φασὶ
624 425 727 509 εἶναι,
750 431 883 498 καλιάν
903 424 1052 513 ὀρνίθων
1068 423 1147 501 τούς
1188 439 1193 448 ’

153 521 396 606 χηναλώπεκας.

109 631 142 687 λθ
227 616 318 687 Ἔστι
342 619 449 687 δὲκαὶ
467 616 566 696 ἄλλος
586 617 678 703 ὅρνις
699 619 784 706 ίρός,
806 626 851 708 τῷ
872 619 1000 704 οὕνομα
1020 618 1143 701 φοίνιξ.

154 711 217 799 ἐγώ
231 717 292 804 μέν
306 743 365 802 μιν
378 715 440 786 ούιι
455 715 544 786 εἶδον
567 723 605 786 εί·
619 715 663 804 μή
686 717 767 786 ὅσον
787 725 914 806 γραφῇ·
948 713 1081 801 καὶγὰρ
1103 710 1143 798 δὴ
1230 779 1232 832 4

154 813 207 878 καλ
221 809 361 890 σπάνιος
375 815 526 902 ἐπιφοιτᾷ
540 835 600 898 σφι
615 811 660 881 δι’
678 815 793 900 ἐτέων,
809 810 975 891 ὡςἩλίου
989 817 1145 896 πολιῆται

153 910 303 993 λέγουσι,
325 915 558 976 πεντακοσίων.
587 915 708 993 φοιτᾶν
722 909 758 976 δέ
775 907 848 976 τότε
868 910 964 992 φασὶ,
986 903 1090 973 ἐπεάν
1113 905 1144 972 ol
1231 957 1232 996 ,

153 1000 309 1090 άποθάνη
335 999 354 1072 ό
378 1004 493 1091 πατήρ.
526 1010 594 1072 ἐστι
618 1005 671 1088 δέ,
699 1010 729 1072 εί
750 1010 789 1091 τῇ
813 1010 925 1090 γραφή
948 1002 1144 1088 παρόμοιος,

152 1101 288 1170 τοσόσδε
302 1104 357 1169 καὶ
372 1100 514 1168 τοιόσδε·
536 1097 575 1166 τά
589 1101 650 1186 μὲν
662 1095 765 1166 αὐτοῦ
777 1097 966 1183 χρυσόκομα
977 1103 1046 1164 τῶν
1064 1120 1145 1162 πτε·

153 1206 239 1284 ρῶν,
260 1195 300 1265 τά
326 1201 362 1265 δέ
386 1197 522 1282 ἐρυθρά.
556 1199 589 1274 ἐς
604 1193 646 1263 τά
666 1195 805 1283 μάλιστα
827 1200 922 1284 αἰετῷ
942 1193 1143 1280 περιήγησιν

152 1292 342 1380 ὁμοιότατος
357 1297 412 1361 καί
431 1290 467 1360 τό
483 1296 629 1378 μέγαθος
660 1299 778 1361 τοῦτον
792 1292 828 1359 δὲ
842 1294 975 1376 λέγουσι
991 1294 1144 1377 μηχανά-

152 1402 233 1460 σθαι
256 1391 350 1476 τάθε,
378 1393 448 1475 ἐμοὶ
472 1392 534 1475 μὲν
560 1386 602 1457 ού
624 1386 723 1458 πιστά
744 1392 909 1473 λέγοντες,
938 1388 970 1465 ἐξ
987 1383 1145 1471 Ἀραβίης

153 1488 356 1576 ὁρμεόμενον
372 1488 404 1564 ἐς
417 1483 453 1554 τό
469 1483 543 1569 ἱρόν
564 1493 625 1554 τοῦ
646 1484 759 1554 Ἡλίου
775 1490 916 1569 κομίζειν
936 1480 996 1550 τόν
1016 1484 1145 1564 πατέρα

152 1590 189 1654 ἐν
203 1584 333 1671 σμύρνη
348 1581 591 1669 ἐμπλάσσοντα,
613 1584 667 1649 καὶ
679 1581 822 1649 θάπτειν
838 1583 874 1648 ἐν
890 1587 950 1648 τοῦ
964 1577 1083 1646 Ἡλίου
1097 1583 1142 1668 τῷ

152 1687 223 1773 ίρῷ,
244 1684 387 1764 κομίζειν
402 1678 438 1746 δέ
453 1676 555 1744 οὕτω·
575 1685 708 1765 πρῶτον
721 1683 776 1762 τῆς
790 1676 937 1766 σμύρνης
952 1673 1020 1766 ᾠόν
1033 1674 1143 1742 πλάσ-
1231 1683 1232 1724 i

152 1800 239 1862 σειν,
262 1774 342 1844 ὅσον
362 1800 396 1841 τε
417 1773 557 1852 δυνατός
570 1776 638 1841 ἐστι
654 1776 783 1858 φέρειν,
806 1771 885 1858 μετά
902 1774 937 1840 δέ
958 1780 1144 1858 πειρᾶσθαι

151 1873 231 1946 αὐτὸ
249 1875 428 1959 φορέοντα,
451 1867 550 1937 ἐπεάν
565 1871 601 1938 δὲ
616 1866 841 1956 ἀποπειρηθῇ,
863 1867 950 1935 οὕτω
966 1865 1006 1954 δή
1025 1867 1145 1953 κοιλή-

150 1998 253 2041 ναντα
269 1968 306 2039 τό
323 1966 390 2058 ᾠόν
404 1967 463 2035 τόν
476 1971 598 2054 πατέρα
613 1970 646 2045 ἐς
660 1964 739 2034 αὐτὸ
755 1969 938 2051 ἐντιθέναι,
953 1964 1088 2053 σμύρνη
1105 1966 1142 2031 δέ

150 2067 233 2154 άλλη
248 2064 446 2151 ἐμπλάσσειν
461 2071 574 2147 τοῦτο,
599 2061 670 2130 κατ’
693 2060 713 2129 ό
732 2089 762 2129 τι
782 2068 842 2128 τοῦ
858 2060 926 2151 ᾠοῦ
944 2062 1145 2149 ε’γκοιλήνας

151 2166 289 2245 ἐνέθηκε
302 2156 361 2230 τόν
375 2163 508 2243 πατέρα,
523 2162 713 2243 ἐγκειμένου
728 2160 763 2225 δὲ
773 2165 833 2225 τοῦ
847 2156 970 2245 πατρός
983 2165 1144 2244 γίνεσθαι

151 2253 254 2325 τώυτό
267 2253 384 2340 βάρος,
407 2253 614 2338 ἐμπλάσαντα
627 2255 663 2320 δέ
677 2260 819 2339 κομίζειν
830 2281 888 2338 μιν
899 2252 951 2322 ἐπ’
964 2257 1144 2343 Αἰγύπτου
1230 2324 1231 2329 ,

151 2356 183 2430 ἐς
199 2357 259 2417 τοῦ
275 2347 389 2415 Ἡλίου
403 2345 439 2415 τό
456 2348 539 2433 ίρόν.
572 2352 748 2435 ταῦταμὲν
762 2358 880 2417 τοῦτον
896 2350 956 2417 τόν
973 2352 1073 2439 ὄρνιν
1088 2357 1141 2421 λέ·
1230 2378 1231 2413 ι

150 2467 246 2534 γουσι
260 2447 394 2511 ποιέειν.

102 2566 135 2622 ης
232 2545 306 2610 Em
326 2543 362 2608 δέ
383 2542 457 2626 περὶ
470 2540 581 2627 Θήβας
602 2547 667 2628 ίρολ
691 2540 800 2629 ὄφιες,
821 2542 1015 2633 ἀνθρώπων
1037 2545 1147 2615 ούὸοι·

149 2645 217 2725 μῶς
230 2635 421 2723 δηλήμονες,
434 2644 469 2704 οἳ
476 2638 618 2723 μεγάθει
630 2638 738 2717 ἐόντες
749 2645 879 2726 σμικροὶ
891 2641 954 2710 δύο
965 2648 1065 2728 κέρεα
1078 2670 1143 2730 φυ-

149 2737 261 2818 ρέουσι
282 2732 453 2817 πεφυκότα
471 2735 503 2812 ἐξ
523 2731 627 2818 ἄκρης
642 2740 699 2818 τῆς
722 2741 881 2821 κεφαλῆς,
904 2735 983 2815 τούς
1006 2734 1145 2806 άποθα·

147 2828 267 2906 νόννας
276 2827 444 2895 θάπτουσι
455 2831 492 2896 ἐν
501 2836 546 2917 τῷ
557 2833 618 2917 ίρῷ
628 2836 688 2894 τοῦ
698 2828 796 2907 Διός·
818 2832 941 2899 τούτου
956 2833 1021 2919 γάρ
1036 2856 1147 2919 σφεας

148 2928 207 2989 τοῦ
220 2928 305 2990 θεοῦ
320 2926 401 3007 φασὶ
418 2920 501 3013 εἶναι
515 2922 617 3008 ίρούς.

101 3046 133 3105 ης,
170 3106 173 3113 Ι
220 3017 310 3085 Ἔστι
332 3018 367 3085 δὲ
390 3026 494 3105 χῶρος
515 3026 571 3103 τῆς
587 3015 741 3104 Ἀραβίης
760 3019 841 3086 κατά
861 3031 1017 3093 Βουτοῦν
1042 3026 1148 3095 πόλιν

146 3112 286 3199 μάλιστά
300 3140 342 3199 κη
356 3118 513 3198 κείμενος,
519 3115 573 3181 καὶ
589 3114 621 3190 ἐς
635 3120 731 3180 τοῦτο
746 3113 780 3182 τό
796 3123 919 3203 χωρίον
929 3113 1043 3206 ἦλθον
1054 3148 1148 3191 πυν-

146 3209 332 3293 θανόμενος
346 3214 421 3293 περὶ
442 3216 508 3275 τῶν
528 3216 704 3295 πτερωτῶν
725 3208 841 3296 ὀφίων.
877 3211 1084 3302 ἀπικόμενος
1110 3220 1148 3288 δέ

146 3302 235 3372 εἶδον
259 3302 354 3372 ὀστέα
381 3303 488 3386 ὀφίων
512 3309 566 3373 καὶ
591 3303 742 3383 άιιάνθας
762 3308 886 3394 ’πλήθεϊ
905 3314 967 3395 μὲν
989 3310 1147 3382 άδύνατα

146 3399 394 3487 ἀπηγήσασθαι,
409 3403 509 3476 σωροὶ
524 3403 559 3465 θλ
575 3395 658 3484 ἦσαν
673 3399 849 3470 ἀκανθέων
862 3408 915 3471 καὶ
930 3407 1074 3491 μεγάλοι
1091 3414 1148 3478 καλ
