2500 3925
162 237 202 298 38
538 237 791 296 HERODOTI

121 421 129 434 ·
161 402 368 485 Αἰγινητέων
388 399 519 480 ἐγένετο
540 397 573 474 ἐξ
594 393 696 483 ἀρχῆς
708 403 850 484 τοιῆσδε.
888 395 1128 486 Ἐπιδαυρίοισι
1146 428 1169 486 η

69 511 73 520 ’
159 503 202 583 γη
224 491 355 579 καρπὸν
373 491 496 562 οὐδένα
513 491 680 563 ἀνεδίδου.
709 498 784 582 περὶ
803 497 926 583 ταύτης
941 490 991 566 ἀν
1004 505 1064 585 τῆς
1079 520 1170 584 συμ-

161 600 268 678 φορης
284 597 317 660 οί
325 589 531 676 Ἐπιδαύριοι
546 595 698 678 ἐχρέοντο
713 596 750 661 ἐν
763 602 946 681 Δελφοῖσι·
966 593 1037 684 ἡδὲ
1048 603 1167 681 Πυθίη

160 694 265 776 σφέας
279 693 411 758 ἐκέλευε
425 697 557 776 Δαμίης
573 717 609 758 τε
625 694 682 760 καὶ
694 689 864 779 Αὐξησίης
877 690 1051 780 ἀγάλματα
1067 694 1170 781 ἱδρύ-

160 803 287 860 σασθαι
317 797 376 858 καί
400 811 462 877 σφι
489 794 742 876 ἱδρυσαμένοισι
766 791 907 879 ἀμεινον
934 801 1167 862 συνοίσεσθαι.

160 888 360 973 ἐπειρώτεον
375 881 424 956 οὖν
438 892 472 955 οἱ
480 885 702 974 Ἐπιδαύριοι,
720 891 841 977 κότερα
851 899 978 976 χαλκοῦ
987 894 1169 959 ποιέωνται

158 985 200 1055 τά
216 985 390 1072 ἀγάλματα
404 982 425 1073 ἦ
441 993 559 1054 λίθου·
582 1013 602 1074 η
619 987 656 1054 δὲ
666 995 783 1074 Πυθίη
798 985 957 1076 οὐδέτερα
970 988 1102 1057 τούτων
1116 993 1168 1072 ἔα,

159 1084 245 1156 ἀλλὰ
268 1085 371 1164 ξύλου
393 1081 517 1171 ἡμέρης
540 1087 659 1171 Ιἐλαίης.
693 1090 826 1155 ἐδέοντο
845 1078 895 1154 οἷν
908 1091 944 1153 οἱ
959 1084 1169 1171 Ἐπιδαύριοι

155 1181 347 1270 Ἀθηναίων
369 1185 483 1268 έλαίην
508 1204 570 1268 σφι
596 1187 718 1252 δουναι
737 1187 920 1271 ταμέσθαι,
947 1182 1102 1267 ίροτάτας
1123 1178 1166 1268 δη

158 1285 288 1361 ἐκείνας
305 1287 494 1366 νομίζοντες
510 1279 610 1349 εἶναι·
633 1285 763 1369 λέγεται
778 1285 814 1351 δέ
828 1283 884 1350 καὶ
900 1280 945 1361 ὡς
959 1286 1066 1351 έλαὶαι
1078 1274 1170 1365 ἦσαν
1233 1277 1238 1284 ’

158 1379 282 1450 ἄλλοθι
295 1388 357 1466 γῆς
371 1377 523 1466 οὐδαμοῦ
533 1377 606 1449 κατ’
620 1384 750 1450 ἐκεῖνον
762 1379 824 1450 τὸν
839 1381 964 1469 χρόνον
977 1377 999 1467 ἀρ’
1014 1383 1052 1448 έν
1062 1377 1170 1464 Ἀδη-

156 1502 245 1568 νησι.
268 1484 302 1547 οἱ
315 1483 352 1548 δὲ
367 1481 421 1547 έπὶ
436 1484 561 1546 τοιοίδε
576 1479 699 1548 δύσειν
719 1487 866 1568 ἔφασαν,
889 1478 941 1547 ἐπ’
958 1470 985 1570 ᾦ
1000 1475 1168 1558 ἀπάξουσι

158 1585 247 1657 ἔτεος
271 1577 415 1645 ἑκάστου
434 1583 476 1664 τῇ
497 1573 661 1664 Ἀθηναίη
680 1605 717 1645 τε
741 1586 783 1666 τῇ
791 1578 938 1646 Πολιάδι
960 1573 1017 1661 ἱρά
1043 1577 1099 1644 καὶ
1118 1569 1168 1665 τῷ

153 1674 317 1762 Ἐρεχθέι·
344 1678 599 1753 καταινέσαντες
621 1672 656 1741 δ’
672 1678 727 1743 ἐπὶ
744 1674 894 1743 τούτοισι
907 1679 943 1742 οἱ
958 1670 1168 1760 Ἐπιδαύριοι

156 1782 225 1843 τῶν
246 1801 281 1842 τε
304 1775 436 1842 ἐδέοντο
455 1780 589 1859 έτυχον,
612 1779 668 1866 καλ
687 1773 861 1862 ἀγάλματα
880 1778 918 1844 ἐκ
937 1782 1007 1842 των
1024 1776 1164 1844 έλαιέων

156 1872 287 1940 τούτων
303 1871 523 1958 ποιησάμενοι
541 1872 740 1959 ἱδρύσαντο·
763 1875 819 1940 καὶ
830 1871 855 1960 ἥ
867 1899 904 1941 τε
917 1879 959 1959 γη
977 1895 1039 1959 σφι
1053 1878 1164 1961 ἔφερε,

108 1986 142 2039 83
159 1975 214 2042 καὶ
224 1970 432 2058 Ἀθηναίοισι
446 1975 618 2041 ἐπετέλεον
633 1970 674 2042 τά
689 1976 884 2041 συνέθεντο.
924 1980 1053 2041 Τούτου
1067 1971 1099 2039 δ’
1116 1977 1165 2041 έτι

155 2068 216 2139 τὸν
232 2070 357 2156 χρόνον
372 2073 427 2139 καὶ
441 2067 507 2155 πρὸ
523 2077 585 2138 τού
602 2078 778 2159 Αἰγινῆται
790 2069 1011 2157 Ἐπιδαυρίων
1023 2070 1165 2159 ἤκουον,

155 2170 197 2238 τά
210 2196 246 2237 τε
261 2166 345 2239 ἀλλα
366 2172 421 2237 καὶ
441 2174 536 2250 δίκας
551 2176 780 2259 διαβαίνοντες
794 2173 827 2250 ές
837 2169 1037 2259 Ἐπίδαυρον
1053 2174 1168 2240 ἐδίδο-

157 2268 222 2337 σάν
235 2294 271 2335 τε
291 2272 347 2334 καὶ
367 2267 558 2355 ἐλάμβανον
579 2266 661 2355 παρ’
684 2266 839 2356 ἀλλήλων
854 2275 889 2337 οἱ
904 2276 1090 2357 Αἰγινῆται.
1123 2266 1163 2335 τὰ

157 2372 193 2438 δέ
213 2366 278 2436 ἀπὸ
300 2374 400 2435 τοῦδε
419 2371 497 2448 νέας
517 2395 554 2437 τε
570 2371 754 2456 πηξάμενοι
770 2374 826 2439 καὶ
842 2368 1068 2461 ἀγνωμοσύνη
1081 2397 1165 2459 χρη-

156 2468 296 2555 σάμενοι
310 2464 501 2554 ἀπέστησαν
515 2465 580 2535 ἀπὸ
596 2475 665 2535 τῶν
676 2464 906 2553 Ἐπιδαυρίων.
928 2466 987 2537 άτε
1000 2470 1038 2537 δέ
1051 2469 1166 2549 ἐόντες

156 2567 332 2652 διάφοροι,
354 2568 529 2652 ἐδηλέοντο
543 2562 669 2645 αὐτούς
685 2564 770 2634 ὥστε
788 2559 1165 2654 δηθαλασσοκράτορες

156 2666 283 2751 έόντες,
306 2667 361 2733 καὶ
382 2662 423 2751 δὴ
446 2668 501 2733 καὶ
521 2661 562 2732 τά
584 2663 758 2752 ἀγάλματα
777 2671 882 2733 ταῦτα
901 2670 959 2750 τῆς
978 2692 1013 2732 τε
1030 2671 1164 2751 Δαμίης

155 2766 211 2832 καὶ
224 2770 282 2849 της
295 2760 465 2849 Αὐξησίης
485 2761 704 2849 ὑπαιρέονται
719 2761 849 2850 αὐτῶν,
871 2772 930 2832 καί
946 2785 1033 2850 σφεα
1047 2763 1164 2849 ἐκόμι-

154 2863 221 2933 σάν
234 2889 270 2931 τε
284 2864 339 2931 καλ
359 2860 539 2948 ἱδρύσαντο
560 2869 618 2949 τῆς
632 2864 794 2949 σφετέρης
806 2862 915 2950 χύρης
935 2864 968 2941 ές
983 2859 1046 2948 την
1058 2860 1164 2947 μεσό-

154 2990 272 3051 γαιαν,
293 2967 334 3050 τῇ
349 2968 412 3046 Θὶη
429 2961 492 3045 μέν
511 2963 579 3028 ἐστι
601 2959 748 3047 ούνομα,
770 2959 889 3029 στάδια
903 2960 940 3028 δὲ
954 2958 1098 3046 μάλιστά
1117 2986 1162 3049 κη

154 3058 219 3130 ἀπὸ
241 3068 299 3145 τῆς
324 3058 440 3137 πόλιος
464 3056 510 3136 ὡς
539 3067 644 3127 εἱκοσι
668 3057 790 3143 ἀπέχει.
823 3056 1043 3143 ἱδρυσάμενοι
1061 3059 1098 3125 δέ
1122 3060 1162 3125 έν

154 3159 262 3250 τούτῳ
272 3163 318 3249 τῷ
328 3156 426 3249 χωρςο
437 3163 581 3246 θυσίησί
587 3159 625 3226 τέ
634 3179 721 3244 σφεα
732 3161 788 3225 καὶ
796 3170 924 3242 χοροῖσι
934 3163 1163 3242 γυναικηίοισι

155 3256 345 3343 κερτόμοισι
368 3256 562 3342 ἱλάσκοντο,
589 3262 744 3344 χορηγῶν
765 3252 1060 3339 ἀποδεικνυμένων
1081 3254 1163 3321 ἑκα-

155 3366 234 3443 τέρη
255 3362 323 3421 τῶν
343 3352 516 3441 δαιμόνων
536 3356 616 3424 δέκα
636 3351 789 3441 ἀνδρῶν·
817 3358 928 3433 κακῶς
940 3351 978 3420 δέ
990 3350 1162 3439 ἠγόρευον

156 3452 191 3517 οἱ
203 3451 296 3537 χοροὶ
311 3446 419 3539 ἀνδρα
431 3451 494 3538 μέν
508 3448 648 3539 οὐδένα,
669 3449 728 3530 τάς
744 3453 782 3518 δὲ
795 3452 971 3540 ἐπιχωρίας
985 3463 1159 3535 γυναῖκας.
