2500 3925
165 230 228 297 278
533 189 784 291 οευοοουι

165 392 303 481 γμάτων
324 389 494 480 σφρηγῖδά
521 409 582 476 σφι
610 392 750 478 ἐπέβαλε
770 387 832 477 τήν
849 397 1018 480 Δαρείου,
1036 391 1118 480 μετά
1134 396 1166 462 δὲ

164 489 217 578 ἤιε
232 496 317 578 ἔχων
330 496 434 557 ταῦτα
449 490 482 567 ἐς
492 486 552 567 τάς
566 489 703 575 Σάρδις.
726 486 930 576 ἀπικόμενος
942 489 979 559 δέ
994 494 1050 561 καί
1062 488 1167 579 Ὀροί-

165 617 229 660 τεω
240 593 273 669 ἐς
284 588 364 671 ὅφιν
381 587 494 659 ἐλθόν
508 596 577 657 των
590 596 732 677 βιβλίων
754 592 792 656 ἓν
813 592 955 661 ἕκαστον
976 593 1168 680 περιαιρεό-

165 714 265 777 μενος
279 690 392 757 ἐδίδου
405 695 452 780 τῷ
464 694 694 777 γραμματιστῇ
704 693 750 777 τῷ
765 694 927 780 βασιληίῳ
938 692 1165 776 ἐπιλέγεσθαι·

164 787 412 877 γραμματιστὰς
426 791 463 859 δέ
478 796 673 878 βασιληίους
687 792 722 857 οί
739 788 862 869 πάντες
878 788 1024 878 ὕπαρχοι
1039 797 1166 878 έχουσι·

164 885 447 974 άποπειρεόμενος
463 888 500 956 δὲ
513 894 582 956 τῶν
605 886 811 975 δορυφόρων
830 889 944 956 ἐδίδου
964 887 1005 957 τά
1019 897 1135 978 βιβλία
1149 888 1165 956 ό

164 996 317 1075 Βαγαῖος,
331 997 365 1055 εί
373 992 407 1056 οί
416 989 604 1068 ἐνδεξαίατο
615 983 801 1054 άπόστασιν
813 982 872 1054 ἀπ’
884 983 1047 1074 Ὀροίτεω.
1060 983 1167 1074 ὁρέων

164 1092 204 1155 δέ
214 1106 319 1173 σφεας
335 1086 376 1155 τά
396 1112 433 1154 τε
447 1093 559 1174 βιβλία
579 1087 782 1172 σεβομένους
802 1083 955 1171 μεγάλως
974 1086 1031 1153 καί
1057 1081 1098 1153 τά
1113 1093 1168 1154 λε-

162 1186 289 1271 γόμενα
304 1186 340 1252 ἐκ
357 1190 426 1252 τόν
439 1192 580 1272 βιβλίων
591 1190 639 1252 ἐτι
653 1183 815 1270 μεζόνως,
836 1187 927 1253 διδοῖ
944 1182 1045 1271 άλλο,
1071 1186 1109 1251 ἐν
1123 1191 1168 1274 τῷ

32 1350 37 1360 ,
163 1285 244 1369 ἐνῆν
259 1286 338 1348 ἐπεα
352 1276 481 1346 τοιάδε·
494 1272 535 1346 Ὦ
544 1280 688 1365 Πέρσαι,
703 1278 861 1367 βασιλιδς
877 1292 1024 1368 Δαρεῖος
1037 1278 1168 1367 άπαγο·
1220 1338 1221 1341 ,

164 1380 255 1468 ρεάει
269 1376 352 1466 ὑμίν
366 1376 411 1465 μή
427 1378 653 1464 δορυφορέειν
665 1376 823 1469 Ὀροίτην.
846 1386 890 1450 Οί
903 1383 939 1450 δὲ
960 1380 1169 1461 άκοάσαντες

163 1480 294 1548 τούτων
309 1477 457 1565 μετῆκάν
470 1482 505 1545 οί
518 1474 577 1556 τάς
590 1477 717 1565 αἰχμάς.
757 1478 840 1550 ίδάν
854 1484 891 1551 δέ
910 1484 1013 1552 τοῦτό
1027 1503 1137 1571 σφεας
1150 1481 1167 1551 ὁ

164 1585 309 1663 Βαγαῖος
319 1579 544 1663 πειθομένους
557 1583 603 1668 τῷ
623 1585 759 1670 βιβλίῳ,
772 1582 922 1651 ἐνθαῦτα
936 1580 978 1670 δή
990 1583 1169 1673 θαρσήσας

163 1674 407 1744 τὸτελευταῖον
425 1681 494 1743 τῶν
514 1682 655 1762 βιβλίων
679 1680 770 1745 διδοί
786 1686 833 1770 τῷ
856 1687 1106 1770 γραμματιστῇ,
1133 1683 1169 1749 ἐν

163 1780 209 1864 τῷ
223 1775 421 1860 ἐγέγραπτο·
438 1772 602 1853 Βασιλεὺς
608 1778 906 1867 ΔαρελοςΠέρσησι
919 1794 1004 1849 τοῖσι
1019 1784 1057 1849 ἐν
1072 1779 1169 1865 Σάρ·

163 1876 231 1939 δισι
251 1873 434 1941 ἐντέλλεται
454 1880 598 1941 κτείνειν
606 1870 765 1961 Ὀροίτην,
782 1890 784 1897 ’
801 1880 846 1944 Οί
862 1877 899 1945 δέ
917 1875 1109 1965 δορυφόροι
1127 1873 1169 1955 ὡς

163 1969 314 2060 ἥκουσαν
334 1979 455 2060 ταῦτα,
483 1973 689 2060 σπασάμενοι
710 1973 790 2053 τούς
812 1970 974 2054 ἀκινάκας
996 1982 1166 2043 κτείνουσι

163 2075 351 2155 παραυτίκα
371 2096 439 2156 μιν.
484 2069 572 2138 οὕτω
595 2065 635 2158 δή
654 2069 815 2157 Ὀροίτην
825 2069 887 2140 τόν
900 2074 1037 2161 Πέρσην
1050 2081 1163 2144 Πολυ

164 2165 301 2250 κράτεος
321 2173 383 2234 τοῦ
396 2174 530 2254 Σαμίου
543 2175 644 2248 τίσιες
657 2175 835 2257 μετῆλθον.
1085 2171 1088 2177 ’

242 2261 468 2353 Ἀπικομένων
482 2270 520 2335 δέ
539 2271 596 2336 καὶ
617 2267 916 2355 ἀνακομισθέντων
930 2276 999 2338 τῶν
1010 2267 1168 2356 Ὀροίτεω
1221 2295 1222 2386 ρ

163 2365 340 2454 χρημάτων
366 2368 399 2443 ἐς
424 2365 463 2433 τά
488 2371 605 2435 Σοῦσα
630 2367 808 2455 συνήνεικε
832 2366 944 2457 χρόνῳ
977 2364 1020 2436 οὐ
1051 2376 1168 2460 πολλῷ
1221 2395 1222 2424 1

162 2464 306 2552 ὕστερον
316 2465 607 2551 βασιλέαΔαρεῑον
617 2467 654 2532 ἐν
665 2463 751 2554 ἄγρη
764 2473 885 2554 θηρῶν
895 2462 1169 2553 ἀποθρώσκοντα
1221 2515 1222 2538 ;

163 2560 226 2629 ἀπ’
252 2565 358 2629 ίππον
372 2568 560 2648 στραφῆναι
573 2558 635 2630 τόν
647 2563 744 2629 πόδα.
781 2569 840 2630 καί
857 2588 923 2642 κως
944 2565 1172 2651 ἰσχυροτέρως
1221 2581 1222 2590 ’

165 2659 328 2748 ἐστράφη·
350 2656 368 2730 ὁ
389 2659 455 2748 γάρ
475 2664 510 2727 οί
527 2656 733 2746 ἀστράγαλος
753 2660 933 2749 ἐξεχώρησε
955 2663 992 2730 ἐκ
1013 2668 1084 2729 τῶν
1105 2661 1172 2747 άρ-

164 2772 270 2844 δρων.
309 2765 453 2848 νομίζων
477 2760 514 2827 δέ
540 2762 596 2828 καί
624 2762 791 2850 πρότερόν
814 2766 890 2850 περὶ
919 2758 1047 2832 ἑωυτόν
1078 2769 1170 2851 ἔχειν

164 2865 358 2949 Αἰγυπτίων
370 2855 450 2938 τούς
464 2859 642 2938 δοκέοντας
656 2857 741 2927 εἶναι
760 2858 915 2946 κράτους
927 2856 990 2947 τήν
1004 2862 1175 2950 ιἠτρικήν,

108 3012 110 3016 ,
163 2957 310 3027 τούτοισι
328 2958 454 3044 ἐχρᾶτο.
478 2961 513 3024 οί
531 2958 567 3024 δὲ
584 2965 822 3045 στρεβλοῦντες
839 2960 894 3027 καί
906 2955 1080 3044 βιεάμενοι
1105 2958 1171 3027 τὸν

163 3057 250 3125 πόδα
265 3050 371 3124 κακόν
384 3055 484 3140 μέζον
501 3056 687 3144 ἐργάζοντο.
710 3054 763 3125 ἐπ’
785 3053 866 3126 ἑπτά
890 3055 1016 3143 μὲνδὴ
1039 3053 1172 3147 ἡμέρας

163 3157 219 3224 καί
229 3150 310 3223 ἑπτά
326 3153 453 3234 νάκτας
474 3151 540 3224 ὑπό
562 3162 624 3224 τοῦ
643 3157 828 3241 παριόντος
848 3160 955 3224 κακοῦ
976 3151 994 3222 ὁ
1018 3166 1173 3240 Δαρεῖος

163 3251 367 3340 άγρυπνίησι
394 3262 514 3340 είχετο,
543 3261 584 3344 τῇ
608 3257 645 3323 δέ
668 3252 708 3341 δή
733 3252 838 3342 ὀγδόη
864 3250 972 3342 ἡμέρη
996 3257 1112 3341 ἔχοντί
1140 3260 1174 3322 οί

165 3350 324 3437 φλαύρως
347 3349 563 3439 παρακούσας
576 3378 626 3430 τις
642 3349 808 3439 πρότερον
823 3357 870 3421 ἔτι
893 3352 930 3420 ἐν
944 3348 1093 3438 Σάρδισι
1105 3357 1172 3419 τοῦ

166 3446 405 3536 Κροτωνιήτεω
421 3449 639 3536 Δημοκήδεος
651 3447 714 3536 τήν
727 3453 846 3538 τέχνην
861 3447 1013 3536 άγγέλλει
1028 3453 1076 3542 τρῖ
1091 3460 1172 3519 Δα-
