2500 3925
160 210 222 274 126
535 208 788 268 HERODOTI

158 380 227 443 τῶν
241 370 352 442 ἀλλων
363 373 522 457 Περσέων
538 365 581 435 ού
597 365 763 454 πρότερον
777 364 958 453 παύσομαι,
972 361 1086 453 πρλνῆ
1103 369 1175 434 ἕλω

158 475 263 543 τεκαὶ
281 471 429 559 πυρύσω
443 466 502 548 τάς
521 464 684 553 Ἀθήνας,
704 467 796 552 οἵγε
816 467 872 552 ἐμὲ
891 466 947 533 καλ
963 466 1090 552 πατέρα
1108 460 1173 533 τόν

158 569 241 659 έμόν
260 567 414 657 ὑπῆρξαν
438 566 538 634 ἀδικα
557 571 746 644 ποιεῦντες·
774 569 890 651 πρῶτα
905 566 968 650 μέν
987 564 1020 643 ές
1035 563 1171 650 Σάρδις
1247 565 1248 618 λ

159 672 317 750 έλθόντες
333 668 402 756 ἅμα
418 665 636 753 Ἀρισταγόρῃ
648 669 694 755 τῷ
709 670 883 754 Μιλησίῳ,
903 664 1015 754 δούλμ
1030 666 1067 732 δὲ
1081 661 1170 751 ἡμει
1247 685 1248 730 f

158 774 252 862 τέρςο,
267 766 465 854 ἀπικόμενοι
476 767 664 851 ἐνέπρησαν
674 763 715 830 τό
727 788 762 830 τε
772 761 873 830 ἀλσεα
884 760 990 830 καὶτὰ
1001 759 1069 849 ίρά,
1084 767 1169 830 δευ-
1247 821 1248 826 ,

159 893 237 954 τερα
252 867 289 935 δὲ
301 861 404 952 ἡμέας
415 859 469 932 οἷα
481 865 580 949 έρξαν
591 863 624 941 ές
633 858 696 948 την
711 862 875 948 σφετέρην
889 858 1091 948 ἀποβάντας,
1112 857 1170 930 ότε

158 968 263 1044 Δᾶτίς
272 989 308 1032 τε
319 964 375 1031 καὶ
386 960 608 1049 Ἀρταφέρνης
618 959 857 1050 ἐστρατήγεον,
889 959 1075 1028 ἐπίστασθέ
1102 987 1170 1030 κου

126 1081 144 1135 3
160 1062 290 1140 πάντες.
334 1059 472 1127 Τούτων
493 1061 608 1144 μέντοι
622 1061 751 1126 εἵνεκεν
766 1055 954 1144 ἀνάρτημαι
970 1057 1024 1126 ἐπ’
1040 1056 1170 1138 αύτοὺς
1247 1045 1248 1078 ¹

161 1160 419 1248 στρατεύεσθαι,
439 1154 553 1244 ἀγαθά
573 1156 610 1225 δέ
633 1158 670 1224 έν
686 1153 816 1226 αὑτοῖσι
834 1154 955 1226 τοσάδε
974 1153 1171 1243 ἀνευρίσκω

160 1256 386 1345 λογιζόμενος·
409 1261 440 1325 εί
451 1256 592 1334 τούτους
606 1281 642 1324 τε
659 1257 715 1324 καὶ
727 1252 806 1334 τούς
816 1256 964 1326 τούτοισι
977 1255 1172 1342 πλησιοχώ-

161 1382 242 1445 ρους
252 1354 560 1442 καταστρεύόμεθα,
578 1361 613 1423 ολ
620 1356 772 1433 Πέλοπος
785 1361 847 1423 τοῦ
857 1353 993 1442 Φρυγός
1006 1357 1169 1442 νέμονται

160 1455 289 1543 χύρην,
315 1461 380 1540 γῆν
398 1450 461 1541 τὴν
481 1459 630 1537 Περσίδα
656 1452 861 1540 ἀποδέξομεν
880 1459 925 1544 τῷ
948 1451 1033 1532 Διός
1052 1455 1169 1538 αἰθέρι

160 1551 404 1640 ὁμουρέουσαν.
430 1550 473 1620 ού
492 1549 557 1639 γάρ
571 1550 612 1638 δὴ
626 1553 739 1638 γύρην
754 1577 792 1636 γε
812 1548 972 1636 οὐδεμίαν
985 1547 1171 1632 κατόψεται

162 1651 283 1739 ὁῆλιος
292 1647 525 1740 ὁμουρέουσαν
534 1654 576 1738 τῇ
585 1646 742 1737 ἡμετέρη,
757 1647 843 1718 ἀλλά
857 1668 962 1734 σφεας
976 1645 1085 1726 πόσας
1098 1645 1171 1734 έγοὶ

161 1748 231 1835 ἅμα
247 1744 328 1835 ὑμῖν
347 1753 429 1834 μίαν
447 1747 560 1834 χύρην
573 1748 690 1833 θήσω,
713 1745 767 1816 διὰ
786 1748 893 1834 πάσης
908 1744 1091 1826 διεξελθών
1108 1753 1169 1832 τῆς

162 1843 337 1933 Εύρόπης.
356 1846 577 1932 πυνθάνομαι
589 1846 655 1932 γὰρ
674 1837 739 1914 ὦδε
754 1850 857 1930 ἔχειν,
879 1842 956 1914 ούτε
971 1841 1045 1912 τινὰ
1064 1843 1168 1912 πόλιν

162 1943 298 2031 ἀνδρῶν
311 1942 473 2033 οὐδεμίαν
487 1944 565 2015 οὑτε
581 1951 684 2025 έθνος
703 1943 804 2015 οὐδέν
818 1943 1013 2033 ἀνθρώπων
1028 1941 1170 2015 ὑπσλεί-
1247 1937 1248 1944 ¹

162 2054 303 2129 πεσθαι,
317 2041 355 2111 τὺ
372 2039 454 2131 ἡμίν
468 2039 543 2113 οἷόν
557 2069 593 2111 τε
608 2049 701 2112 ἔσται
713 2045 828 2140 ἐλθεῖν
841 2046 875 2123 ές
888 2042 1013 2129 μύχην,
1034 2039 1168 2109 τούτων

161 2148 230 2209 τῶν
240 2142 396 2220 κατέλεξα
411 2138 736 2227 ὑπεξαραιρημένων.
765 2139 854 2210 οὕτω
868 2144 954 2209 οἵτε
969 2137 1050 2229 ἡμῖν
1065 2149 1168 2208 αίτιοι

128 2261 145 2309 4
160 2242 272 2320 ἕξουσι
283 2237 422 2307 δούλιον
433 2233 534 2322 ζυγόν
544 2240 622 2305 οἵτε
632 2235 783 2307 ἀναίτιοι.
800 2237 907 2326 Ὑμεῖς
919 2238 950 2308 δ’
963 2238 1006 2308 ἀν
1016 2266 1075 2326 μοι
1086 2239 1167 2308 τάδε

64 2378 67 2383 ·
163 2339 331 2415 ποιέοντες
344 2341 550 2423 χαρίζοισθε·
578 2334 682 2404 έπεάν
701 2334 782 2423 ὑμίν
802 2338 939 2425 σημήνω
954 2336 1013 2406 τὸν
1027 2337 1165 2425 χρόνον,

163 2438 196 2515 ές
209 2432 270 2503 τόν
282 2431 379 2521 ἥκειν
397 2437 463 2519 δεί,
486 2435 673 2527 προθύμως
689 2436 797 2509 πάντα
805 2437 879 2509 τινά
889 2432 1003 2527 ὑμέων
1009 2434 1166 2527 χρό’σται

162 2548 333 2622 παρεῖναι·
355 2528 393 2612 ἀς
406 2530 450 2600 ἀν
467 2536 503 2601 δὲ
517 2538 602 2618 ἔχων
615 2530 680 2619 ἥκη
691 2533 1007 2617 παρεσκευασμένον
1020 2530 1165 2619 στρατὸν

162 2634 339 2719 κάλλιστα,
360 2632 458 2703 δύσω
473 2636 517 2703 οδ
525 2637 634 2719 δῶρα,
651 2630 691 2700 τά
705 2632 883 2719 τιμιώτατα
898 2636 1063 2718 νομίζεται
1079 2628 1164 2699 εἶναι

162 2735 199 2800 έν
215 2729 387 2819 ἡμετέρου.
411 2737 547 2819 ποιητέα
559 2734 622 2813 μέν
639 2757 705 2799 νυν
723 2729 827 2799 ταῦτα’
843 2732 911 2799 ἐστι
926 2728 1032 2815 οὑτω,
1054 2731 1111 2797 ἵνα
1128 2730 1164 2796 δὲ

160 2824 206 2916 μὴ
221 2830 465 2915 ίδιοβουλεύειν
482 2828 565 2914 ὑμίν
580 2830 703 2915 δοκέω,
723 2834 840 2915 τίθημι
853 2827 891 2896 τό
907 2834 1042 2917 πρῆγμα
1057 2829 1091 2908 ἐς
1104 2830 1161 2914 με’-

161 2951 239 3016 σον,
258 2928 398 3017 γνύμηυ
417 2928 566 2999 κελεύων
585 2926 698 3016 ὑμέων
712 2926 773 2997 τόν
791 2929 1002 3017 βουλόμενον
1016 2926 1164 3017 ἀποφαί-

128 3043 145 3097 9
161 3038 291 3097 νεσθαι.
325 3034 437 3095 Ταῦτα
452 3036 545 3105 είπας
561 3025 711 3097 ἐπαύετο.
745 3024 831 3095 Μετ’
849 3023 953 3095 αὑτόν
968 3025 1003 3095 δέ
1020 3025 1163 3113 Μαρδό-

161 3151 233 3204 νιος
247 3130 355 3211 ἔλεγε·
387 3118 427 3192 Ὦ
441 3127 600 3212 δέσποτα,
621 3121 663 3192 ού
675 3131 806 3212 μούνου
826 3122 871 3203 εἷς
887 3131 955 3193 τῶν
971 3132 1163 3213 γενομένων

161 3229 320 3314 Περσέων
334 3222 478 3314 ἀριστος,
492 3223 577 3296 ἀλλά
587 3228 721 3295 καὶτῶν
731 3226 910 3313 ἐσομένων,
925 3223 962 3305 ὃς
975 3225 1017 3295 ια’
1029 3252 1065 3295 τε
1079 3226 1162 3295 ἀλλα

161 3330 268 3412 λέγων
280 3327 390 3393 έπίκεο
402 3323 520 3410 ἄριστα
535 3328 591 3394 καλ
601 3323 822 3413 ἀληθέστατα,
841 3324 1019 3407 καλἽωνας
1032 3324 1111 3407 τοὺς
1126 3330 1162 3396 έν

161 3430 201 3510 τῇ
215 3419 364 3511 Εὑρύπη
378 3427 639 3511 κατοικημένους
652 3422 715 3495 οὑκ
729 3424 836 3503 έύσεις
849 3426 1070 3512 καταγελάσαι
1082 3422 1163 3513 ἡμῖν
1247 3486 1248 3521 ,
