2500 3925
159 232 221 296 Ἠ)
538 226 789 287 HERODOTI

158 417 239 465 σατο
256 404 325 465 πᾶν
343 394 381 463 τό
403 399 554 479 πρῆγμα
578 414 610 457 οι
602 386 662 456 δὲ
681 391 736 455 καὶ
759 383 899 455 αὐτοὶ”
877 411 941 474 αρα
969 374 1158 453 ὑπόπιενον

159 495 368 565 οὕτωτοῦτο
393 499 496 579 ἔχειν,
524 488 758 564 ἀνενείκαντος
780 486 816 552 δὲ
840 490 901 552 τοῦ
920 480 1063 551 Ὀτάνεω
1087 478 1160 558 τούς

158 595 282 681 λόγους
293 595 463 673 ἐδέξαντο·
484 589 541 656 καλ
551 589 646 665 ἔδοξέ
653 604 715 671 σφι
730 587 870 652 ἕκαστον
884 578 992 669 ἀνδρα
1006 579 1159 666 Περσέων

158 698 478 779 προσεταιρίσασθαι
495 694 634 772 τοῦτον,
657 692 702 775 τῷ
720 682 869 752 πιστεύει
885 680 1036 770 μάλιστα.
1072 680 1160 749 Ὀτά-

158 820 219 880 νης
232 794 295 880 μέν
312 818 378 859 νυν
395 790 546 875 ἐσάγεται
560 754 789 874 Ἰνταφέρυεα,
810 785 973 873 Γωβρύης
994 784 1030 851 δὲ
1046 782 1160 869 Μεγά-

158 897 277 980 βυζον,
297 889 500 974 Ἀσπαθίνης
515 889 551 954 δέ
568 883 739 971 Ὑδάρνεα.
773 882 963 969 γεγονότων
984 882 1021 947 δέ
1035 880 1161 948 τούτων

158 994 192 1071 ἓξ
213 995 430 1075 παραγίνεται
456 988 490 1065 ἐς
513 982 553 1054 τά
574 992 691 1053 Σοῦσα
706 994 850 1070 Δαρεῖος
870 980 887 1051 6
908 980 1110 1059 Ὑστάσπεος
1131 982 1161 1047 ἐκ

158 1093 317 1172 Περσέων
331 1085 442 1173 ἥκων·
464 1085 596 1155 τούτων
609 1082 674 1170 γάρ
691 1082 731 1170 66
747 1077 790 1170 ἦν
805 1087 839 1151 οί
852 1080 871 1150 6
883 1080 990 1169 πατὴρ
1006 1079 1159 1168 ὕπαρχος.

158 1189 227 1254 ἐπεὶ
242 1178 291 1253 όν
306 1178 404 1263 ούτος
419 1182 572 1270 ἀπίκετο,
590 1198 676 1251 τοῖσι
698 1186 731 1263 ἓξ
746 1190 815 1251 τῶν
828 1187 987 1269 Περσέων
1002 1184 1097 1261 ἔδοξε
1112 1184 1161 1249 καὶ

114 1290 145 1349 n
158 1294 304 1368 Δαρεῖον
319 1290 647 1368 προσεταιρίσασθαι.
675 1283 911 1361 Συνελθόντες
926 1284 963 1351 δὲ
978 1274 1074 1349 οὗτοι
1089 1281 1163 1349 ἐόν·

158 1410 211 1460 τες
226 1380 305 1453 έπτά
321 1382 476 1450 ἐδίδοσάν
489 1401 586 1467 σφισι
600 1380 724 1466 λόγους
738 1382 793 1447 καὶ
807 1386 923 1459 πίστις.
955 1381 1063 1447 ἐπείτε
1082 1380 1120 1445 δὲ
1135 1380 1164 1455 ἐς

157 1496 305 1568 Δαρεῖον
336 1479 471 1549 ἀπίκετο
503 1480 643 1568 γνώμην
677 1477 944 1565 ἀποφαίνεσθαι,
980 1478 1074 1563 ἔλεγέ
1106 1496 1164 1561 σφι

156 1583 252 1650 τάδε·
281 1578 363 1666 Ἐγώ
387 1588 491 1648 ταῦτα
513 1580 650 1648 ἐδόκεον
674 1582 736 1666 μὲν
759 1576 860 1656 αὑτός
881 1585 1006 1664 μοῦνος
1031 1580 1165 1645 ἐπίστα-

156 1694 255 1769 σθαι,
278 1680 329 1749 ὅτι
351 1708 386 1749 τε
406 1679 425 1749 6
447 1682 553 1767 μάγος
574 1689 624 1765 είη
648 1677 665 1747 6
688 1678 879 1768 βασιλεύων
899 1678 957 1754 καὶ
977 1664 1163 1763 Σμέρδιςὺ

157 1781 276 1866 Κύρου
301 1780 529 1899 τετελεύτηκε·
561 1780 617 1847 καλ
646 1777 752 1847 αὑτοῦ
782 1776 905 1845 τούτου
937 1780 1067 1847 εἵνεκεν
1094 1772 1165 1861 ἥκω

156 1876 325 1970 oaov66‘
304 1906 348 1957 ως
362 1881 538 1966 συστήσων
554 1882 607 1947 ἐπὶ
623 1885 669 1970 τῷ
684 1878 779 1970 μάγφ
795 1879 956 1946 θάνατον.
999 1876 1109 1943 ἐπείτε
1131 1873 1164 1940 δὲ

156 2001 335 2104 συνηνεικε
350 1975 434 2044 ὥστε
455 1979 510 2044 καλ
534 1975 637 2062 ὑμέας
658 1981 781 2044 εἰδέναι
802 1977 857 2042 καὶ
877 1971 922 2074 66
943 1980 1076 2060 μοῦνον
1097 1975 1165 2058 666,

154 2081 281 2146 ποιέειν
303 2073 421 2143 αὐτίκα
443 2101 499 2160 μοι
521 2079 629 2143 δοκέει
652 2074 772 2198 καὶμὴ
797 2069 1165 2163 ὑπερβάλλεσθαι·οὑ

153 2201 219 2262 γαρ
231 2199 379 2260 αμεινον
413 2171 495 2240 Ειπε
508 2199 592 2259 προς
602 2199 736 2241 ταυταο
750 2171 902 2260 Ὀτάνης·
923 2167 1038 2240 Ὦπαί
1045 2169 1167 2239 Ὑστά-

153 2296 270 2357 οπεος,
294 2270 340 2349 εἷς
353 2298 389 2339 τε
400 2269 526 2357 πατρὸς
540 2269 675 2358 ἀγαθοῦ
690 2299 744 2340 και
734 2269 980 2358 ἐκφαίνειν
948 2295 1040 2349 οικας
1055 2277 1166 2336 ‹mm-

153 2370 214 2438 τὸν
229 2368 327 2436 ἐόντα
344 2375 405 2436 τοῦ
419 2365 544 2454 πατρὸς
559 2366 660 2437 οὐδὲν
674 2373 777 2437 ἕσσω·
798 2369 861 2458 τὴν
870 2374 984 2458 μέντοι
996 2372 1166 2455 ἐπιχείρη-

154 2490 214 2536 σιν,
224 2464 351 2552 ταύτην
371 2465 415 2553 66
440 2467 529 2534 οὑτω
549 2468 738 2554 συντάχυνε
759 2467 929 2556 ἀβούλως,
952 2466 1028 2538 ἀλλ’
1046 2468 1106 2536 ἐπὶ
1126 2465 1165 2533 τό

154 2567 430 2650 σωφρονέστερον
444 2560 550 2650 αὐτὴν
564 2565 731 2652 λάμβανε·
755 2573 806 2635 δεῖ
820 2565 884 2654 γάρ
899 2575 1047 2646 πλεῦνας
1061 2593 1168 2653 γενο-

152 2665 275 2750 μένους
299 2658 387 2728 οὑτω
404 2663 606 2749 ἐπιχειρέειν.
651 2667 750 2750 Λέγει
774 2663 858 2751 πρὸς
877 2674 981 2734 ταῦτα
998 2677 1167 2754 Δαρεῖος·

151 2760 282 2844 Ἀνδρες
303 2763 337 2827 οἱ
356 2761 553 2845 παρεόντες,
575 2762 689 2851 τρόπω
714 2771 760 2853 τῷ
781 2765 944 2854 εἰρημένω
965 2765 998 2846 ἐξ
1016 2758 1169 2833 Ὀτάνεω

152 2865 183 2926 εί
195 2859 377 2944 χρήσεσθε,
400 2857 614 2928 ἐπίστασθε”
594 2885 645 2926 οτι
659 2833 844 2930 ἀπολέεσθε
860 2863 1014 2932 κάκιστα·
1043 2867 1169 2944 ἐξοίσει

150 2956 217 3042 γάρ
239 2980 288 3036 τις
309 2953 393 3040 πρός
417 2957 478 3023 τόν
498 2957 661 3079 μάγον,ί
660 2962 714 3047 δίη
740 2964 1065 3085 περιβαλλόμενος’
1047 2973 1170 3054 εωντῷ

63 3120 66 3126 ,
150 3054 279 3138 κέρδεα,
314 3053 456 3139 μάλιστα
480 3056 543 3139 μέν
559 3079 626 3120 νυν
654 3053 812 3141 ὠφείλετε
834 3057 886 3126 ἐπ’
911 3058 1039 3182 ὑμέων
1047 3056 1170 3128 αὐτῶν

150 3150 332 3236 βαλόμενοι
352 3154 478 3218 ποιέειν
498 3157 618 3218 ταῦτα·
655 3153 764 3220 ἐπείτε
778 3147 847 3222 δὲ
831 3171 911 3242 ημῖν
926 3155 1112 3242 ἀναφέρειν
1132 3161 1171 3237 ἐς

150 3251 298 3325 πλεῦνας
314 3248 427 3315 ἐδόκεε
445 3251 501 3316 καὶ
519 3250 594 3366 ’έμολ
613 3247 892 3339 ὑπερέθεσθε,“
869 3281 890 3341 η
909 3256 1077 3341 ποιέωμεν
1098 3257 1171 3379 ση-

150 3365 272 3427 μερου,
293 3339 315 3428 6
333 3343 440 3412 ίστε’
422 3360 504 3430 υμιν
528 3344 580 3413 ότι
598 3343 645 3433 ἢν
660 3346 864 3441 ὑπερπέσῃ*
846 3380 867 3440 η
885 3360 952 3421 νῦν
967 3351 1143 3443 ἡμέρη,
1116 3385 1171 3438 ως

150 3434 213 3529 υύκ
228 3437 328 3518 ἀλλος
348 3441 442 3524 φθάς
456 3445 536 3529 έμεῦ
554 3444 738 3532 κατήγορος
753 3454 859 3533 ἔσται,
882 3449 968 3520 ἀλλά
985 3474 1073 3536 σφεα
1094 3454 1161 3523 αὑ
