2500 3925
132 179 176 244 24
509 184 764 245 HERODOTI

135 340 266 431 μένειὴ
288 342 461 430 θυγάτηρ,
482 349 522 432 τῇ
540 341 671 431 οάνομα
693 334 739 429 ἦν
760 345 896 431 Γοργά·
924 354 1024 416 τοῦτο
1049 347 1087 416 δέ
1111 353 1146 418 οί

54 492 58 496 -
135 447 190 512 καὶ
211 450 341 532 μοῦνον
366 443 487 510 τέκνον
507 441 667 530 έτόγχανε
692 439 750 511 έόυ
771 443 872 511 έτέων
893 441 981 518 όκτὼ
1001 441 1024 535 ἢ
1044 447 1144 516 έννέα

134 539 277 628 ηλικίην.
311 541 503 626 Κλεομένης
518 539 555 608 δέ
571 542 683 626 λέγειν
700 566 759 627 μιν
773 542 954 611 έκέλευε
917 569 958 612 τα
973 543 1143 632 βούλεται,

134 637 218 727 μηδὲ
232 642 378 724 έπισχελν
394 643 456 706 τοῦ
476 641 614 706 παιδίου
630 640 768 707 εἵνεκεν
792 640 942 709 ἐνθαῦτα
958 639 1031 728 δὴτ
1015 667 1034 710 ο
1053 638 1142 729 Ἀρι-

135 737 300 826 σταγόρης
314 735 433 826 ἤρχετο
448 737 484 804 έκ
502 739 582 805 δέκα
601 737 777 806 ταλάντων
797 734 1076 825 ὑπισχνεόμενος,
1097 736 1142 826 ηὐ

136 836 348 924 ίέπιτελέση
359 861 427 903 των
438 832 599 904 ἐδέετο
579 861 806 915 αναυενοντος
817 836 854 906 δέ
863 863 925 905 τον
910 839 1143 924 Κλεομένεος

93 965 96 972 ·
135 939 315 1022 προέβαινε
335 947 420 1003 τοῖσι
441 932 586 1021 χρήμασι
606 931 872 1023 ὑπερβάλλωνὸ
895 932 1142 1023 Ἀρισταγόρης,

135 1033 204 1116 ές“
184 1063 201 1103 ο
217 1033 427 1123 πεντήκοντά
441 1060 478 1103 τε
490 1032 637 1103 τάλαντα
652 1032 871 1122 ὑπεδέδεκτο,
885 1031 988 1102 καὶ
953 1060 992 1103 το
1006 1039 1144 1102 παιδίον

136 1132 321 1215 αόδάξατο·
344 1134 466 1223 πάτερ,
488 1136 684 1221 διαφθερέει
700 1152 739 1200 σε
758 1159 777 1201 ο
764 1125 958 1220 ξελνος,’“
939 1155 981 1216 ην
994 1128 1039 1218 μὴ
1055 1128 1143 1200 ἄπο-

135 1229 215 1312 στᾶς
239 1241 300 1320 ίης
335 1229 356 1300 ὅ
378 1258 414 1301 τε
439 1229 478 1319 δὴ
501 1233 693 1318 Κλεομένης
717 1228 835 1318 ησθελς
857 1239 918 1298 τοῦ
938 1235 1075 1300 παιδίου
1101 1239 1143 1321 τῇ

135 1334 312 1416 παραινέσι
326 1329 379 1418 ἤιε
393 1333 460 1409 ές”
440 1356 555 1418 ετερον
571 1339 710 1416 οἴκημα,
725 1325 810 1397 καὶ
795 1355 813 1396 ο
828 1326 1095 1420 Ἀρισταγόρης’
1076 1358 1144 1402 απ-

136 1428 317 1500 αλλάσσετο
333 1427 370 1497 τό
386 1428 546 1515 παράπαν
561 1428 598 1495 έκ
614 1433 672 1514 τῆς
686 1427 863 1515 Σπάρτης,
886 1425 967 1497 οόδέ
982 1433 1015 1497 ολ
1034 1433 1142 1516 ἐξεγέ-

135 1553 211 1596 νετο
233 1530 286 1596 ἐπὶ
307 1529 409 1596 πλέον
424 1532 472 1595 έτι
492 1531 639 1614 σημῆναι
659 1526 735 1611 περὶ
757 1532 816 1612 τῆς
831 1523 959 1595 ἀνόδου
973 1535 1032 1614 τῆς
1050 1524 1141 1615 παρὰ

135 1628 284 1714 βασιλέα.

90 1742 127 1797 σε
209 1721 299 1809 Ἔχει
308 1720 374 1810 γάρ
390 1720 475 1810 ἀμφὶ
490 1748 530 1812 τη
515 1718 614 1812 ὁδῷ
628 1718 732 1808 ταύτῃ
745 1711 827 1788 ωδε·
850 1727 997 1808 σταθμοί
1007 1747 1043 1790 τε
1054 1745 1144 1790 παν-

136 1828 216 1910 ταχῇ
238 1822 301 1888 εἰσὶ
320 1820 488 1908 βασιληιοι
508 1821 563 1888 καὶ
586 1817 784 1897 καταλύσιες
802 1818 991 1907 κάλλισται,
1013 1817 1070 1888 διά
1090 1826 1143 1888 ol-

136 1921 295 2006 κεομέυης
313 1943 349 1989 τε
375 1947 396 2007 η
421 1915 499 1999 ὁδός
522 1916 636 1987 ἅπασα
656 1917 712 1985 καὶ
736 1912 910 2004 ἀσφαλέος.
942 1915 999 1986 διά
1020 1922 1082 2006 μέν
1102 1944 1142 2007 γε

134 2022 261 2103 Λυδίης
271 2021 327 2085 καλ
338 2022 487 2104 Φρυγίης
497 2016 642 2102 σταθμοὶ
653 2021 818 2095 τείνοντες
829 2020 937 2084 εἴκοσί
944 2025 1020 2104 είσι,
1032 2040 1141 2101 παρα-

135 2116 257 2202 σάγγαι
270 2116 308 2183 δέ
321 2118 472 2200 τέσσερες
486 2116 541 2182 καὶ
552 2112 755 2199 ἐνενήκοντα
769 2117 825 2181 καλ
837 2111 950 2200 ἥμισυ.
974 2115 1142 2182 ἐκδέκεται

135 2212 166 2281 δ’
191 2217 228 2282 έκ
249 2220 308 2301 τῆς
329 2220 478 2300 Φρυγίης
498 2209 516 2279 ὁ
537 2210 638 2290 ’Ἅλυς
659 2210 823 2300 ποταμός,
851 2210 903 2279 ἐπ’
932 2204 960 2304 ᾦ
979 2213 1083 2280 πάλαι
1104 2238 1141 2281 τε

135 2318 257 2398 ἔπεισι,
272 2310 331 2390 τάς
342 2311 527 2391 διεξελάσαι
542 2316 632 2377 πᾶσα
646 2307 776 2397 άνάγκη
788 2313 844 2379 καὶ
854 2310 943 2379 οὕτω
959 2316 1141 2398 διεκπερᾶν

134 2408 196 2480 τόν
209 2412 376 2497 ποταμόν,
394 2412 448 2477 καὶ
460 2408 693 2496 φυλακτήριον
703 2414 786 2497 μέγα
798 2407 851 2478 ἐπ’
864 2408 963 2503 αὐτῷ.
986 2412 1141 2500 διαβάντι

134 2508 172 2579 δέ
200 2511 233 2589 ές
252 2506 315 2595 τὴν
335 2513 580 2596 Καππαδοκίην
603 2513 659 2577 καὶ
681 2509 786 2597 ταάτη
809 2512 1024 2601 πορευομένῳ
1044 2514 1141 2598 μέχρι

134 2604 249 2689 οόρων
270 2613 338 2674 τῶν
353 2613 516 2676 Κιλικίων
535 2611 681 2694 σταθμοὶ
702 2612 796 2675 δυῶν
812 2611 942 2688 δέοντές
962 2615 1025 2677 είσι
1044 2609 1142 2697 τριη-

133 2730 252 2790 κουτα,
274 2704 487 2790 παρασάγγαι
503 2708 539 2773 δὲ
553 2708 705 2791 τέσσερες
715 2707 771 2773 καὶ
781 2706 916 2774 ἑκατόν·
938 2709 991 2776 ἐπὶ
1006 2707 1042 2775 δὲ
1053 2720 1142 2775 τοῖσι

133 2802 264 2868 τούτων
281 2798 413 2888 οὔροισι
431 2803 522 2883 διξάς
535 2829 571 2872 τε
584 2804 694 2884 πάλας
709 2808 854 2893 διεξελᾷς
868 2807 923 2873 καλ
938 2802 1011 2886 διξά
1027 2813 1143 2891 φυλα-

134 2898 253 2987 κτήρια
268 2906 499 2986 παραμείψεαι.
523 2907 628 2968 ταῦτα
643 2902 680 2968 δέ
696 2901 923 2981 διεξελάσαντι
937 2904 993 2971 καλ
1008 2900 1063 2970 διά
1081 2908 1142 2987 τῆς

133 3004 285 3084 ,Κιλικίης
297 2995 379 3067 ὁδόν
389 3001 576 3091 ποιευμένῳ
588 3013 676 3087 τρεῖς
688 3006 751 3068 είσι
761 3010 915 3089 σταθμοί,
926 3002 1141 3089 παρασάγγαι

134 3101 169 3167 δὲ
187 3102 423 3168 πεντεκαίδεκα
446 3101 501 3168 καὶ
521 3097 635 3186 ἥμισυ.
668 3092 771 3184 οόρος
785 3099 821 3168 δὲ
835 3107 988 3187 Κιλικίης
1006 3104 1062 3169 καὶ
1081 3107 1140 3187 τῆς

128 3196 301 3284 Ἀρμενίης
322 3201 389 3267 ἐστὶ
411 3197 558 3287 ποταμός
573 3203 833 3287 νηυσιπέρητος,
856 3206 902 3290 τῷ
922 3199 1054 3286 οὕνομα
1068 3196 1138 3268 Εό-

134 3296 270 3383 φρήτης.
293 3299 330 3365 έν
341 3298 378 3366 δέ
388 3304 429 3389 τῇ
442 3296 596 3386 Ἀρμενίη
611 3301 756 3386 σταθμοὶ
770 3301 832 3385 μέν
844 3303 907 3367 ελσι
917 3298 1140 3384 καταγωγέων

131 3400 386 3483 πεντεκαίδεκα,
415 3394 628 3483 παρασάγγαι
654 3396 691 3464 δέ
713 3399 748 3477 ἓξ
771 3397 828 3464 ναλ
852 3395 1059 3483 πεντήκοντα
1083 3397 1141 3463 καί
