2500 3925
197 212 261 279 m
578 208 832 269 nssnonov

199 372 283 444 όδδν
297 374 475 499 έκάστην”
460 396 560 451 ιππος
573 394 609 439 τε
623 364 714 439 καδ’
694 364 781 455 ανὴρ
796 370 1010 456 τεταγμένος,
1033 394 1116 447 τους
1129 367 1185 437 οόιι

199 470 352 595 νιφετός,
370 471 433 541 οόκ
447 470 582 559 ὄμβρος,
598 466 640 538 05
654 474 780 590 καῦμα,
792 492 834 535 ου
823 462 912 548 ’νὺξ
926 472 1016 555 έργει
1029 467 1078 555 μή
1095 467 1187 535 οὗκο

198 572 341 643 τανύσαι
360 571 421 640 τὸν
440 577 663 658 προκείμενον
688 564 780 659 πότῳ
811 566 940 654 δρόμον
959 566 1023 653 τὴν
1039 574 1186 655 ταχίστην.

198 668 217 739 5
231 670 348 759 μὲνδὴ
363 678 493 790 πρῶτος
507 665 646 756 δραμών
666 636 900 752 παραδιδοῖ
863 693 904 734 τα
924 669 1188 755 ἐντεταλμένα
1157 694 1189 733 ιο

199 764 396 857 δευτέρῳ,
381 768 452 837 οδέ
472 764 628 853 δεότερος
647 789 693 855 τῳ
679 768 824 853 τρίτῳ·
851 788 888 832 το
877 762 946 831 δέ
960 762 1189 851 ένθεῦτενῆδη

199 862 273 933 κατ’
292 863 396 935 ἄλλον
410 868 605 951 διεξέρχεται
620 862 882 949 παραδιδόμενα,
906 860 1057 950 κατάπερ
1072 861 1189 948 Ἕλλησι

198 958 587 1050 ἡλαμπαδηῳορίη,’τήν
599 967 646 1051 τῷ
655 958 826 1051 Ἡφαίστῳ
843 963 1060 1031 ἐπιτελέουσι.
1101 970 1190 1030 Τοῦτο

156 1074 191 1131 99
202 1057 238 1127 τὰ
254 1060 411 1148 δράμημα
424 1068 492 1129 τῶν
504 1062 618 1129 δππον
632 1061 789 1127 καλέουσι
802 1061 928 1146 Πέρσαι
942 1058 1141 1148 ἀγγαρήιον.
1163 1060 1190 1127 Ἡ

200 1160 262 1244 μὲν
272 1158 312 1248 δὴ
322 1158 437 1248 πρότη
447 1164 480 1239 ές
487 1166 603 1229 Σοῦσα
613 1156 750 1246 ιἰγγελίη
760 1154 955 1246 ἀπικομένη,
966 1156 1010 1238 ὡς
1022 1165 1096 1247 ἔχοι
1107 1157 1190 1244 Ἀθή-

199 1284 260 1336 νας
274 1261 411 1345 Ξέρξης,
434 1264 550 1345 ἔτερψε
570 1283 660 1326 ουτω
680 1258 722 1345 δή
741 1283 773 1325 τι
786 1260 946 1343 Περσέων
964 1257 1048 1339 τούς
1069 1258 1190 1328 ὑπολει-

197 1356 390 1445 φθέντας,’
369 1384 414 1438 υς
423 1358 481 1438 τάς
492 1385 528 1427 τε
536 1355 638 1438 ὁδοὺς
647 1364 828 1478 μῳρσίνησι
839 1357 947 1437 πάσας
957 1359 1142 1446 ἐστόρεσαν
1150 1360 1190 1425 κιλ

199 1445 1190 1544 ἐθυμίευνθυμιὴματακαδαότοδῆσανέυθνσίησίτεκαὶεὐ-

198 1558 373 1673 παθείησι·
400 1581 421 1640 η
409 1551 474 1621 ’δέ
488 1555 627 1674 δευτέρη
643 1570 704 1638 σφι
720 1549 855 1639 ἀγγελίη
877 1555 1110 1634 έπεξελδοῦσα
1123 1575 1190 1621 συν-

199 1650 325 1735 έχεε”
282 1676 381 1737 ουτω,
398 1648 481 1719 ὥστε
491 1649 571 1731 τοὺς
580 1657 730 1729 κιθῶνας
739 1650 981 1739 κατερρήξαντο
990 1651 1190 1738 wamma

198 1776 234 1818 τε
248 1753 304 1820 καὶ
318 1757 444 1840 οίμοεγῇ
460 1747 767 1842 έχρέοντοάπλέτῳ,
785 1752 985 1838 Μαρδόνιον
998 1754 1038 1819 έν
1053 1757 1142 1839 αἰτίη
1153 1778 1189 1817 τι-

198 1853 324 1929 θέντες.
346 1846 409 1917 οὐκ
424 1847 512 1919 οὕτω
529 1853 566 1919 δὲ
580 1852 656 1937 περὶ
671 1857 739 1918 τόν
753 1856 842 1919 νεῶν
855 1848 1039 1938 ἀχθόμενοι
1054 1858 1158 1919 ταῦτα
1169 1850 1189 1914 ολ

198 1952 326 2036 Πέρσαι
341 1951 492 2037 ἐποίευν,
507 1946 552 2030 ὡς
565 1951 641 2034 περὶ
656 1946 747 2040 αὐτῷ
759 1952 864 2039 Ξέρξη
879 1954 1121 2037 δειμαίνοντες.

136 2068 186 2122 loo
280 2050 347 2117 Καὶ
366 2051 442 2135 περὶ
456 2052 587 2136 Πέρσας
600 2049 663 2136 μὲν
684 2041 729 2136 ἦν
745 2054 849 2116 ταῦτα
869 2046 930 2116 τόν
950 2048 1062 2116 πάντα
1083 2041 1189 2134 μεταξὺ

195 2147 320 2234 χρόνον
334 2148 530 2235 γενόμενον,
545 2150 640 2236 μέχρι
655 2139 697 2216 05
708 2150 831 2236 Ξέρξης
846 2145 947 2226 αι’πός
962 2167 1070 2233 σφεας
1084 2143 1189 2214 άκιιιό-

195 2271 295 2330 μενος
310 2251 442 2314 ἔπαυσε.
464 2244 662 2332 Μαρδόνιος
679 2245 715 2314 δέ
730 2243 838 2330 ὁρέων
852 2245 914 2332 μέν
927 2249 1055 2333 Ξέρξην
1071 2265 1190 2331 συμφο-

196 2341 261 2428 ρὴν
274 2342 424 2429 μεγάλην
439 2346 475 2411 ἐκ
488 2350 547 2432 τῆς
563 2350 747 2431 ναυμαχίης
761 2344 982 2431 ποιεύμενον,
999 2341 1189 2412 ὑποπτεύων

198 2441 233 2507 δὲ
247 2435 352 2508 αὐτόν
366 2438 518 2530 δρησμὸν
531 2441 710 2531 βουλεύειν
725 2445 761 2510 ἐκ
776 2449 844 2510 τοῖν
854 2441 1041 2529 Ἀθηνέων,
1063 2445 1189 2530 φροντί-

197 2563 257 2621 σας
277 2539 361 2627 πρός
382 2539 509 2610 ἑωυτόν
534 2540 579 2623 ὡς
599 2543 701 2612 δεόσει
722 2548 820 2629 δίκην
846 2541 1044 2629 άυαγνοόσας
1065 2543 1188 2632 βασιλέα

197 2641 438 2725 στρατεύεσθαι
450 2645 503 2710 έπδ
517 2640 580 2729 τὴν
592 2639 750 2727 Ἑλλάδα,
773 2647 832 2709 καί
846 2647 880 2710 ol
892 2646 1034 2728 κρέσσον
1051 2651 1103 2726 εδη
1119 2636 1188 2706 555-

195 2743 413 2808 κινδυνεῦσαι
426 2736 448 2826 ἢ
462 2741 732 2828 κατεργάσασθαι
747 2739 809 2828 τὴν
825 2739 967 2810 Ἐλλάδα
984 2736 1005 2827 ἢ
1019 2737 1128 2808 αὐτόν
1140 2764 1187 2805 κα-

114 2898 122 2920 ,
194 2843 259 2916 λοίς
285 2844 478 2924 τελευτῆσαι
503 2835 564 2906 τόν
587 2846 664 2926 βίον
683 2838 767 2926 ὑπὲρ
792 2842 948 2927 μεγάλων
972 2840 1187 2927 αἰωρηθέντα·

194 2941 297 3005 πλέον
310 2940 424 3023 μέντοι
439 2939 540 3025 ἔφερέ
551 2943 585 3006 οδ
598 2935 620 3024 ἡ
638 2939 756 3025 γνάμη
771 2938 1043 3028 κατεργάσασθαι
1057 2933 1172 3025 τὴνἙλ
1172 2969 1186 2981 ·

193 3035 296 3105 λάδα·
318 3028 577 3120 λογισάμενος
550 3062 599 3102 ων
610 3043 715 3104 ταῦτα
729 3034 964 3123 προσέφερε
930 3063 990 3104 τον
1004 3037 1108 3121 λόγον
1121 3032 1185 3100 τόν·

194 3139 246 3201 δε·
267 3133 433 3220 Δέσποτα,
451 3134 533 3221 μήτε
552 3134 659 3202 λυπέο
675 3162 757 3222 μητε
769 3131 950 3223 συμφορὴν
964 3139 1128 3220 μηδεμίαν
1138 3155 1184 3217 με·

192 3230 301 3319 γάλην
313 3228 406 3296 ποιέο
417 3235 517 3299 τοῦδε
528 3239 589 3352 τρῦ
602 3234 782 3330 γεγονότος
793 3237 921 3302 εινεκεν
933 3233 1133 3355 πρηγματος.
1152 3221 1184 3294 05

191 3327 255 3416 γάρ
269 3327 409 3409 ξόλων’
389 3327 483 3416 αγάν
496 3327 515 3398 5
529 3327 566 3398 τὸ
579 3337 649 3398 πᾶν
660 3334 775 3416 φέρον
789 3328 883 3400 ἐστί’
866 3345 957 3450 ημῖν,
973 3328 1046 3398 ἄλλ’
1063 3327 1182 3412 ἀνδρῶν

192 3451 228 3493 τε
247 3427 338 3493 καδ”
323 3450 444 3495 ιππων.
472 3431 524 3496 σοι
542 3427 637 3497 δὲ’
593 3455 672 3496 ουτε
692 3457 742 3509 τις
756 3430 887 3498 τούτου
906 3435 974 3497 τῶν
995 3425 1032 3496 τὸ
1055 3435 1122 3496 πᾶν
1135 3443 1181 3507 σφι
