2500 3925
166 217 231 281 260
541 221 794 281 HERODOTI

166 382 273 448 ἵππου
293 376 372 459 τούς
392 385 561 468 μυκτῆρας
577 393 805 467 προσενεῖκαι,
828 378 889 449 τὸν
903 382 939 450 δέ
959 380 1159 468 αἰσθόμενον

168 480 403 571 φριμάξασθαί
414 508 450 551 τε
464 484 519 551 καὶ
533 487 730 568 χρεμετίσαι.

114 591 151 647 88
249 579 395 666 Δαρεῖός
414 606 451 649 τε
470 577 511 668 δή
532 578 764 658 ὁὙστάσπιος
783 576 940 665 βασιλεύς
955 578 1160 663 ἀπεδέδεκτο,

168 684 228 747 καί
234 682 269 746 οἱ
274 670 362 766 ἦσαν
373 680 410 747 έν
420 684 461 768 τή
469 676 560 766 Ἀσίη
570 677 693 756 πάντες
707 678 880 765 κατήκοοι,
891 675 981 764 πλήν
992 675 1160 765 Ἀραβίων,

168 778 288 864 Κύρου
306 803 343 845 τε
356 779 671 864 καταστρεψαμένου
686 778 740 845 καὶ
755 774 898 864 ὕστερον
915 768 1009 855 αύτις
1023 773 1160 862 Καμβύ-

169 895 244 945 σεω.
284 873 433 964 Ἀράβιοι
452 876 489 943 δέ
514 872 645 962 οὐδαμά
666 876 878 962 κατήκουσαν
902 876 954 943 ἐπὶ
975 873 1161 961 δουλοσύνη

167 976 332 1063 Πέρσησι,
352 971 438 1044 ἀλλά
457 976 560 1055 ξεῖνοι
575 975 729 1061 ἐγένοντο
746 975 906 1062 παρέντες
918 974 1108 1062 Καμβύσην
1118 967 1159 1040 ἐπ’

167 1083 357 1159 Αἴγυπτον·
385 1071 556 1145 άεκάντων
574 1074 640 1163 γάρ
657 1073 820 1163 Ἀραβίων
840 1072 902 1144 ούκ
927 1072 971 1144 ἀν
991 1076 1161 1165 ἐσβάλοιεν
1222 1062 1224 1141 Ι

166 1174 294 1257 Πέρσαι
314 1174 347 1251 ές
359 1180 542 1259 Αθγυπτον.
576 1174 705 1262 γάμους
724 1200 760 1242 τε
779 1172 857 1253 τούς
873 1174 1028 1258 πρώτους
1047 1174 1162 1261 ἐγάμεε
1222 1142 1224 1225 ί

167 1267 514 1359 ΠέρσησιὸΔαρεῑος,
531 1272 650 1358 Κύρου
661 1272 1163 1360 μὲνσύοθυγατέραςἍτοσσάν
1222 1288 1224 1367 χ

167 1395 203 1437 τε
213 1373 269 1438 καὶ
278 1368 599 1458 Ἀρτυστώνην,τήν
608 1370 840 1457 μέν”Ατοσσαν
851 1371 1163 1461 προσυνοικήσασαν
1222 1372 1224 1447 ἵ

167 1469 334 1557 Καμβύσῃ
359 1494 395 1537 τε
418 1476 464 1561 τῷ
486 1465 639 1560 ἀδελφεῷ
659 1474 713 1538 καὶ
737 1463 831 1549 αύτις
851 1477 897 1561 τῷ
917 1470 1029 1563 μάγῳ,
1050 1467 1115 1557 τήν
1132 1467 1165 1536 δέ
1223 1490 1224 1497 “

162 1565 395 1654 Ἀρτυστώνην
409 1572 592 1652 παρθένον.
615 1571 731 1655 ἑτέρην
745 1570 781 1637 δὲ
796 1573 960 1656 Σμέρδιος
974 1577 1036 1637 τοῦ
1049 1567 1164 1657 Κύρου
1223 1600 1224 1659 χ

166 1671 338 1756 θυγατέρα
360 1673 476 1756 ἔγημε,
497 1674 537 1760 πή
558 1665 688 1755 οὕνομα
711 1661 754 1755 ήν
772 1668 930 1755 Πάρμυς·
959 1673 1033 1755 έσχε
1054 1668 1093 1736 δὲ
1113 1669 1165 1735 καὶ
1223 1668 1224 1709 ¹

165 1768 228 1857 τήν
248 1776 310 1837 τοῦ
328 1767 471 1839 Ὀτάνεω
495 1771 684 1855 θυγατέρα,
714 1764 819 1855 ήτόν
844 1765 954 1854 μάγον
976 1766 1165 1852 κατάδηλον

166 1872 308 1956 ἐποίησε.
332 1867 495 1955 δυνάμιός
511 1893 547 1935 τε
563 1866 673 1935 πάντα
688 1870 724 1934 οἱ
736 1868 926 1951 ἐπίμπλατο.
956 1871 1092 1952 πρῶτον
1106 1865 1166 1949 μέν

165 1995 232 2036 νυν
241 1967 349 2036 τύπον
360 1967 584 2054 ποιησάμενος
598 1973 734 2036 λίθινον
748 1972 877 2052 ἔστησε·
900 1971 984 2056 ζῷον
996 1967 1035 2032 δέ
1042 1968 1078 2032 οἱ
1087 1967 1165 2050 ένήυ
1222 2039 1223 2052 ,

165 2062 251 2153 ἀνήρ
267 2066 403 2150 ἱππεύς,
415 2067 580 2150 ἐπέγραψε
590 2068 628 2133 δὲ
637 2066 815 2152 γράμματα
825 2067 964 2150 λέγοντα
974 2063 1069 2132 τάδε·
1092 2075 1165 2134 Δα-

166 2182 253 2249 ρεῑος
274 2163 292 2235 ὁ
307 2163 506 2243 Ὑστάσπεος
526 2165 591 2233 σύν
610 2192 647 2233 τε
665 2172 727 2234 τοῦ
743 2168 849 2232 ἰ’ππου
863 2170 904 2252 τῇ
919 2161 1019 2252 ἀρετή
1034 2158 1087 2252 (τό
1106 2160 1166 2229 ού-

165 2290 252 2349 νομα
265 2265 387 2348 λέγων)
403 2265 459 2329 καί
471 2261 634 2350 Οἰβάρεος
647 2269 709 2330 τοῦ
724 2261 913 2347 ἱπποκόμου
929 2261 1089 2348 ἐκτήσατο
1104 2257 1165 2346 τήν

117 2376 151 2431 89
167 2360 326 2444 Περσέων
342 2365 528 2448 βασιληίην.
556 2359 706 2446 Ποιήσας
723 2359 760 2428 δὲ
773 2365 877 2427 ταῦτα
890 2361 927 2428 έν
938 2363 1088 2448 Πέρσησι
1105 2356 1167 2444 ἀρ-

164 2455 224 2546 χάς
233 2458 453 2545 κατεστήσατο
465 2467 579 2544 είκοσι,
594 2455 653 2537 τάς
668 2454 763 2526 αὐτοὶ
777 2458 933 2527 καλέουσι
945 2463 1167 2546 σατραπηίας·
1221 2491 1222 2530 ι

164 2554 370 2642 καταστήσας
380 2553 482 2634 θέτάς
492 2553 595 2643 ἀρχὰς
606 2559 662 2624 καὶ
673 2554 834 2645 ἀρχοντας
844 2556 1021 2645 ἐπιστήσας
1031 2558 1169 2637 ἐτάξατο

164 2656 294 2743 φόρους
305 2659 340 2724 οί
347 2658 522 2742 προσιέναι
532 2652 615 2724 κατά
629 2655 733 2724 έθνεά
744 2683 779 2724 τε
790 2659 845 2724 καὶ
856 2653 940 2742 πρὸς
950 2669 1036 2724 τοῖσι
1052 2661 1170 2724 ἔθνεσι

164 2752 244 2834 τούς
259 2754 510 2842 πλησιοχώρους
525 2754 763 2841 προστάσσων,
785 2757 841 2822 καὶ
856 2750 1073 2840 ὑπερβαίνων
1088 2749 1171 2830 τοὺς

164 2854 361 2945 προσεχέας,
393 2850 433 2920 τά
461 2854 626 2939 ἑκαστέρω
651 2850 781 2922 ἀλλοισι
805 2850 889 2922 ἀλλα
914 2859 1018 2921 ἔθνεα
1043 2857 1168 2939 νέμων.
1220 2909 1221 2922 .

164 2947 268 3038 ἀρχάς
288 2951 325 3018 δέ
346 2953 402 3017 καλ
422 2950 541 3037 φόρων
562 2950 733 3034 πρόσοδον
752 2949 814 3038 τήν
836 2953 971 3022 έπέτεον
988 2950 1072 3019 κατά
1086 2951 1171 3018 τάδε

164 3054 282 3119 διεῖλε·
302 3061 388 3114 τοῖσι
409 3049 471 3132 μέν
492 3044 604 3116 αὐτῶν
624 3045 788 3137 ἀργύριον
811 3047 1031 3136 ’ἀπαγινέουσι
1055 3058 1170 3135 είρητο

163 3145 386 3234 Βαβυλώνιον
409 3144 563 3232 σταθμὸν
585 3148 751 3216 τάλαντον
778 3145 988 3233 ἀπαγινέειν,
1009 3153 1104 3214 ’τοῖσι
1134 3143 1173 3212 ὁὶ

157 3239 713 3337 χρυσίονἀπαγινέουσιΕύβοικόν.
731 3244 770 3315 τύ
777 3245 815 3315 δέ
821 3245 1041 3333 Βαβυλώνιον
1048 3245 1178 3316 τάλαν-

159 3373 219 3414 τον
231 3345 375 3415 δύναται
383 3345 553 3433 Εὐβοίδας
564 3346 789 3434 ἑβδομήκοντα
802 3348 858 3415 καὶ
872 3343 959 3416 ὀκτώ
976 3347 1090 3437 μνέας.
1123 3348 1180 3417 ἐπὶ

158 3445 225 3535 γάρ
234 3444 351 3534 Κύρου
366 3445 526 3535 ἀρχοντος
539 3447 596 3514 καὶ
609 3439 703 3528 αὖτις
714 3446 902 3534 Καμβύσεω
914 3440 958 3535 ήν
972 3447 1181 3534 κατεστηκὸς
