2500 3925
203 242 288 297 LIB.
321 240 357 296 V.
391 238 722 297 CAP.124-L113.
754 241 802 296 VI.
837 241 935 299 ΟΑΡ.
967 246 995 300 5.
1060 237 1100 304 61

94 402 311 488 Αρταφέρνης
327 399 390 486 μὲν
408 403 514 465 ταῦτα
534 397 567 474 ἐς
588 392 651 482 τὴν
674 392 859 465 ἀπόστασιν
879 403 996 484 ἔχοντα
1017 397 1133 484 εἶπεν

84 496 235 578 Ἰστιατος
257 497 293 565 δὲ
315 492 495 574 δείσας’ύς
519 498 679 560 συνιέντα
700 491 925 580 Ἀρταφέρνεα
948 492 1016 562 ὖπδ
1038 493 1101 584 τὴν

89 596 227 682 πρωτην
241 597 455 664 ἐπελθοῦσαν
469 592 576 660 νύκτα
588 589 715 678 ἀπέδρη
732 594 785 659 ἐπὶ
798 592 988 681 θάλασσαν,
1002 601 1100 681 βασι-

88 700 148 768 λέα
158 708 307 784 Δαρεῖον
318 696 542 790 ἐξηπατηκώς·
562 691 599 772 δς
610 690 735 781 Σαρδιδ
750 699 856 779 νῆσον
867 691 929 781 τὴν
939 700 1100 782 μεγίστην

87 794 336 882 ὑποδεξάμενος
357 792 634 880 κατεργάσεσθαι,
646 790 793 859 ὑπέδυνε
813 798 882 858 τῶν
899 791 1022 862 Ἰύνων
1036 789 1099 878 τὴν

87 890 270 981 ἡγεμονίην
284 898 345 960 τού
356 887 440 978 πρδς
449 902 599 975 Δαρεῖον
609 893 767 976 πολέμου.
791 887 909 977 διαβάς
919 893 956 959 δὲ
968 893 1001 969 ἐς
1012 896 1096 958 Χίον

87 993 189 1076 ἐδέθη
211 987 279 1058 ύπδ
299 997 409 1076 Χίων,
438 993 690 1075 καταγνωσθεὶς
708 986 793 1075 πρδς
814 987 928 1056 αὐτῶν
948 990 1096 1077 νεώτερα

85 1089 250 1177 πρήσσειν
265 1089 441 1178 πρήγματα
461 1091 495 1167 ἐς
521 1085 647 1166 αύτούς
674 1086 711 1154 ἐκ
734 1094 893 1175 Δαρείου.
927 1087 1096 1174 μαθόντες

85 1191 200 1276 μέντοι
214 1193 249 1256 οί
261 1197 339 1257 Χῖοι
352 1185 412 1256 τδν
429 1187 539 1256 πάντα
554 1185 675 1271 λόγον,
699 1182 743 1264 ὡς
759 1188 917 1271 πολέμιος
931 1196 982 1272 είη
997 1195 1095 1274 βασι-

84 1288 150 1373 λέι,
169 1292 293 1354 ἔλυσαν
307 1284 420 1354 αὐτόν.
455 1284 622 1354 Ἐνταῦθα
634 1282 675 1370 δὴ
694 1284 930 1372 είρωτεόμενος
943 1282 1010 1354 ὑπὸ
1026 1292 1127 1353 τῶνε

82 1387 205 1459 Ἰύνων
225 1386 243 1456 ὁ
261 1386 427 1474 Ἱστιαῖος,
445 1383 520 1454 κατ’
538 1383 604 1453 ὅτι
619 1385 807 1471 προθύμως
822 1383 912 1452 οὕτω
929 1387 1095 1453 ἐπέστειλε

83 1493 129 1578 τῷ
139 1483 358 1575 Ἀρισταγόρῃ
372 1483 578 1555 ἀπίστασθαι
593 1481 660 1551 ἀπὸ
675 1487 829 1572 βασιλέος
843 1487 899 1553 καὶ
915 1482 1022 1554 κακδν
1036 1510 1094 1552 το-
1175 1496 1186 1515 ·

84 1581 650 1673 σοῦτονείηἼωναςέξεργασμένος,
669 1580 732 1669 την
751 1584 814 1669 μὲν
828 1587 1015 1670 γενομένην
1029 1580 1094 1650 αύ-

85 1700 169 1756 τοῑσι
185 1691 295 1772 αίτίην
311 1683 353 1752 ού
368 1686 458 1772 μάλα
473 1688 637 1772 ἐξέφαινε,
653 1682 672 1752 ὁ
688 1685 724 1753 δὲ
739 1687 834 1771 ἐλεγέ
846 1705 918 1771 σφι,
935 1683 980 1764 ὡς
994 1693 1073 1771 βασι

82 1783 160 1864 λεύς
171 1795 316 1873 Δαρεῖος
331 1783 554 1873 ἐβουλεύσατο
567 1792 729 1864 Φοίνικας
742 1785 806 1872 μέν
817 1785 1041 1871 ἐξαναστήσας
1054 1787 1092 1853 ἐν

80 1892 121 1973 τῇ
129 1881 236 1973 Ἰωνίη
251 1891 454 1970 κατοικίσαι,
466 1883 586 1966 Ἴωνας
604 1887 641 1954 δέ
655 1888 693 1954 ἐν
707 1891 747 1976 τῇ
762 1893 922 1976 Φοινίκη,
941 1883 997 1954 καὶ
1010 1885 1092 1952 τού-

80 2009 149 2052 των
162 1987 289 2051 εἵνεκεν
301 1987 502 2055 ἐπιστείλειε.
520 1984 621 2055 οὐδέν
632 2014 664 2055 τι
674 1987 808 2067 πάντως
817 1995 922 2056 ταῦτα
934 1989 1087 2076 βασιλέος

81 2087 355 2172 βουλευσαμένου
369 2085 545 2172 ἐδειμάτου
559 2084 771 2165 τοδςἼωνας.
799 2085 897 2154 Μετὰ
913 2089 949 2153 δὲ
964 2083 1118 2154 wau-4

79 2197 151 2264 αίος
165 2182 212 2253 δι’
225 2177 370 2272 ἀγγέλου
380 2189 580 2275 ποιεύμενος
589 2187 777 2276 Ἑρμίππου
787 2187 912 2274 ἀνδρὸς
922 2188 1091 2275 Ἀταρνεί-

78 2308 142 2351 τεω
157 2297 242 2353 τοῖσι
265 2287 302 2353 ἐν
316 2287 462 2374 Σάρδισι
482 2291 576 2358 ἐοῦσι
590 2293 751 2375 Περσέων
767 2296 891 2376 ἔπεμπε
912 2296 1025 2377 βιβλία
1045 2285 1090 2365 ὡς

77 2390 457 2471 προλελεσχηνευμένων
479 2384 570 2477 αύτῷ
588 2384 790 2465 ἀποστάσιος
804 2390 889 2473 πέρι.
918 2386 937 2455 ὁ
960 2389 997 2455 δέ
1010 2385 1090 2471 Ἕρ-

78 2505 201 2569 μιππος
234 2481 319 2566 πρὸς
335 2483 416 2564 τούς
430 2486 492 2573 μὲν
508 2484 732 2573 ἀπεπέμφθη,
748 2484 790 2554 οὐ
805 2491 902 2572 διδοῖ,
921 2492 1036 2574 φέρων
1052 2491 1089 2555 δὲ

80 2582 257 2667 ἐνεχείρισε
269 2580 310 2647 τά
326 2590 440 2670 βιβλία
456 2581 681 2673 Ἀρταφέρνει.
712 2582 730 2653 ὁ
753 2588 790 2653 δέ
806 2584 928 2673 μαθων
945 2586 1037 2655 ἀπαν
1049 2587 1086 2655 τδ

76 2679 259 2767 γινόμενον
276 2684 408 2751 ἐκέλευε
421 2681 483 2750 τδν
489 2682 679 2770 Ἕρμιππον
688 2682 730 2751 τά
740 2687 804 2770 μέν
817 2685 908 2776 παρὰ
919 2695 981 2756 τοῦ
990 2686 1088 2757 Ἱστι-

77 2784 155 2847 αίου
170 2783 291 2848 δοῦναι
304 2782 451 2867 φέροντα
475 2789 625 2872 τοίσίπερ
646 2789 755 2870 ἔφερε,
770 2781 811 2851 τά
823 2785 860 2853 δέ
872 2783 1033 2874 ἀμοιβαῖα
1046 2784 1086 2853 τά

76 2874 167 2960 παρά
184 2884 253 2945 τῶν
264 2881 425 2963 Περσέων
439 2878 714 2966 ἀντιπεμπόμενα
721 2879 863 2973 Ἱστιαίῳ
877 2884 989 2975 ἑωυτῷ
1005 2888 1085 2951 δού-

75 3002 143 3045 ναι.
165 2975 298 3045 τούτων
312 2977 349 3045 δέ
365 2981 560 3065 γενομένων
574 2986 735 3066 φανερῶν
746 2978 919 3047 ἀπέκτεινε
935 2984 1085 3049 ἐνθαῦτα

75 3071 222 3155 πολλούς
237 3080 397 3162 Περσέων
419 3076 436 3145 ὁ
452 3075 686 3167 Ἀρταφέρνης.
723 3081 809 3163 Περὶ
822 3080 950 3165 Σάρδις
967 3078 1084 3166 μὲνδὴ
1100 3094 1117 3146 ⁵

76 3178 207 3260 ἐγένετο
218 3173 354 3263 ταραχὴ,
365 3174 521 3246 Ἱστιαίου
532 3177 569 3263 δέ
580 3179 702 3264 ταύτης
713 3176 951 3265 ἀποσφαλέντα
961 3185 1019 3264 τῆς
1030 3181 1085 3247 ἐλ-

74 3276 171 3351 πίδος
184 3280 261 3341 Χῖοι
276 3281 422 3361 κατῆγον
437 3277 470 3355 ἐς
484 3283 640 3363 Μίλητον
654 3275 925 3346 αύτούἹστιαίον
939 3280 1084 3365 δεηθέν-

75 3396 138 3448 τος.
163 3374 197 3438 οί
210 3370 246 3438 δὲ
257 3370 422 3458 Μιλήσιοι
432 3370 572 3461 ἀσμενοι
584 3373 852 3460 ἀπαλλαχθέντες
866 3378 922 3445 καὶ
932 3373 1084 3463 Ἀριστα·

75 3467 183 3556 γόρεω
201 3466 356 3557 οὐδαμῶς
375 3472 550 3561 πρόθυμοι
572 3466 660 3561 ἦσαν
682 3472 786 3543 ἀλλον
802 3474 973 3562 τύραννον
989 3479 1082 3545 δίκε·
