2500 3925
138 276 180 341 10
514 268 771 332 HERODOTI

138 434 210 508 δὲ
190 467 210 527 η
227 443 344 524 Πυθίη
362 434 593 522 ἀπικομένοισι
615 434 649 511 ἐς
665 427 825 514 Δελφούς
841 425 905 497 ούκ
919 433 983 515 ἔφη
997 424 1145 549 χρήσειν,

137 541 219 626 πρὶν
236 531 257 623 ή
271 533 332 603 τὸν
350 532 434 621 υηύν
453 539 512 621 τής
522 530 703 618 Ἀθηναίης
722 527 966 617 άνορθάσωσι,
989 526 1049 597 τὸν
1071 530 1145 595 ἐνέ-

93 664 128 716 20
138 657 273 763 πρήσαυ
286 636 396 756 χώρης
410 640 468 722 τής
483 638 654 718 Μιλησίης
668 625 727 697 ἐν’
726 633 876 718 Ασσησῷ.
907 632 1056 713 Δελφῶν
1070 615 1144 692 οῖδα

138 732 203 823 ἐμά
220 732 310 803 οὕτω
325 732 474 811 άιιούσας
488 734 666 819 γενέσθαι·
683 728 847 814 Μιλήσιοι
861 726 991 795 δὲτάδε
1005 745 1144 813 προστι-

137 848 228 906 θεῖσι
243 836 402 919 τούτοισι,
419 825 682 920 Περίανδρον
647 853 709 896 του
720 828 915 906 Κυψέλου’
897 826 996 894 εόντα
1008 833 1144 911 Θρασυ-

138 936 251 1027 βούλῳ
276 941 323 1028 τῶ
349 933 424 1001 τότε
449 928 609 1017 Μιλήτου
641 924 885 1014 τυραννεύοντι
910 916 1021 1003 ξεῖνον
1047 924 1081 1001 ἐς
1102 916 1143 986 τά
1238 964 1241 972 ·

111 1035 299 1156 μήλιστα,
313 1030 515 1118 πυθόμενον
527 1026 565 1096 ιδ
581 1026 785 1115 χρηστήριον
798 1020 836 1091 τδ
853 1030 900 1090 τῶ
912 1020 1072 1110 Ἀλυάττη
1086 1046 1144 1104 γε-

139 1133 297 1218 νόμενον,
312 1133 487 1251 πέμήιαντα
501 1126 646 1214 άμχελον
659 1138 840 1210 κατειπεῖν,
855 1121 942 1201 ὅκως
955 1120 1000 1191 άν
1013 1150 1045 1190 τι
1058 1144 1144 1207 προ-

141 1227 237 1309 ειδοδς
257 1227 342 1318 πρὸς
361 1227 398 1297 τδ
419 1225 548 1317 παρεόν
567 1227 779 1316 βουλεύηται.
810 1224 975 1311 Μιλήσιοι
995 1227 1058 1311 μέν
1078 1247 1144 1289 νυν

96 1343 129 1395 κι
141 1329 230 1399 οὕτω
244 1333 378 1416 λέγουσι
392 1332 560 1416 γενέσθαι.
580 1325 760 1411 Ἀλυάττης
770 1320 862 1410 δὲ,“
834 1348 879 1401 ας
890 1326 925 1391 οί
932 1329 1037 1389 ταῦτα
1048 1324 1144 1405 ἐξηγ-

139 1434 263 1516 μέλθη,
287 1427 406 1497 αὐτίκα
427 1435 552 1515 ἔπεμπε
573 1428 705 1515 κήρυκα
721 1429 755 1505 ἐς
769 1432 925 1512 Μίλητον
938 1425 1144 1513 βουλόμενος

139 1528 289 1608 σπονδὰς
316 1528 522 1615 ποιήσασθαι
547 1526 779 1617 Θρασυβούλῳ
806 1528 921 1591 τεκαὶ
946 1523 1144 1609 Μιλησίοισι

139 1628 265 1716 χρόνον
288 1626 371 1696 ὅσον
391 1624 435 1696 άυ
450 1624 510 1694 τὸν
525 1623 610 1713 νηδν
624 1623 813 1712 οἰκοδομέῃ.
828 1622 846 1691 6
863 1624 927 1710 μὲν
941 1622 982 1711 δή
998 1622 1143 1691 ἀπόστο-

140 1735 197 1805 λος
212 1722 297 1803 ἐς
254 1750 324 1811 την
338 1732 493 1811 Μίλητον
503 1720 586 1811 ήίεν.
598 1723 841 1812 Θρασύβουλος
857 1724 894 1792 δὲ
910 1728 1044 1811 σαφέως
1058 1746 1134 1809 προ

140 1830 352 1912 πεπυσμένος
362 1826 471 1893 πάντα
485 1825 590 1911 λόχον
605 1826 705 1893 καλί
675 1851 691 1891 ε
691 1820 822 1902 ίδύς
784 1848 825 1890 τα
838 1820 1015 1947 Ἀλυάττης
1028 1828 1142 1909 μέλλοι

140 1926 311 2014 ποιήσειν,
328 1934 511 2014 μηχανᾶται
526 1924 655 1992 τοιάδε·
687 1921 765 2001 ὅσος
777 1914 822 2009 ήν
836 1923 874 1990 ἐν
887 1929 933 2014 τῷ
949 1920 1040 1990 άστει
1054 1934 1143 1997 σῖτος

140 2027 227 2094 καὶ
210 2052 337 2094 εαυτου
323 2029 443 2094 καλί
429 2023 611 2113 ίδιιιτικδς,
632 2031 753 2094 τούτου
768 2025 878 2091 πάντα
892 2029 1095 2145 συγκομίσας
1110 2023 1143 2098 ἐς

139 2121 202 2212 τήν
222 2120 351 2211 άμορήυ
373 2139 511 2211 προεῖπε
525 2131 740 2210 Μιλησίοισι,
761 2123 864 2192 ἐπεὰν
885 2120 986 2201 αύτδς
999 2122 1142 2209 σημήνη,

139 2225 215 2293 τότε
231 2230 342 2291 πίνειν
356 2250 392 2291 τε
408 2224 535 2302 πάντας
554 2226 609 2292 καί
631 2223 733 2313 κάμφ
756 2216 903 2309 χρᾶσθαι
919 2224 953 2301 ἐς
966 2218 1140 2306 ἀλλήλους.

97 2343 132 2396 22
146 2329 257 2391 Ταύτα
272 2323 308 2389 δὲ
323 2325 434 2390 ἐποίεέ
444 2324 548 2390 τεκαὶ
562 2322 772 2409 προηγόρευε
781 2321 1022 2408 Θρασύβουλος
1035 2323 1142 2390 τῶνδε

141 2429 286 2509 εἵνεκεν,
308 2422 395 2502 ὅκως
409 2418 454 2490 άν
468 2420 509 2509 δή
526 2419 544 2490 ὁ
562 2425 668 2508 κήρυξ
684 2419 702 2489 ὁ
720 2419 913 2508 Σαρδιηνὸς
926 2421 1011 2490 ἰδών
1023 2446 1060 2488 τε
1073 2439 1142 2486 σω-

140 2522 203 2612 ρδν
216 2527 322 2611 μέγαν
336 2529 430 2592 σίτου
447 2527 631 2610 κεχυμένον
644 2524 700 2590 καλ
719 2519 800 2602 τούς
813 2519 1019 2611 ἀνθρώπους
1032 2525 1070 2591 ἐν
1085 2517 1142 2588 εύ-

139 2633 298 2714 παθείησι
319 2625 435 2704 ἐόντας
454 2623 593 2714 ἀγγείλῃ
603 2622 773 2712 Ἀλυάττη.
803 2621 844 2692 τά
865 2622 906 2712 δή
922 2628 978 2694 καί
994 2626 1141 2710 ἐγένετο·

140 2725 184 2804 ὡς
198 2722 262 2812 γὰρ
278 2721 318 2810 δή
336 2724 420 2792 ίδάυ
433 2750 469 2793 τε
486 2727 596 2792 ἐκεῖνα
610 2721 629 2792 6
645 2727 750 2810 κῆρυξ
771 2726 827 2792 καὶ
842 2734 936 2803 είπας
950 2722 1034 2812 πρὸς
1050 2734 1143 2811 Θρα-

140 2825 310 2911 σύβουλον
326 2821 386 2902 τὰς
402 2822 538 2904 ἐντολάς
548 2831 610 2893 τοῦ
620 2829 739 2892 Λυδοῦ
748 2822 881 2912 ἀπῆλθε
891 2829 925 2905 ἐς
934 2823 993 2906 τὰς
1003 2827 1141 2915 Σάρδις,

141 2925 186 3005 ὡς
197 2921 261 3011 ἐμοὶ
273 2926 504 3012 πυνθάνομαι,
521 2924 560 2994 δι’
574 2924 677 2994 ούδὲν
691 2925 772 2995 άλλο
787 2929 918 3012 ἐγένετο
930 2924 951 3015 ή
970 2925 1140 3012 διαλλαγή.

140 3029 281 3106 ἐλπίζων
299 3021 364 3112 γάρ
387 3022 405 3094 6
420 3023 599 3111 Ἀλυάττης
621 3027 789 3107 σιτοδείην
798 3051 833 3092 τε
850 3023 936 3092 εἶναι
949 3022 1090 3110 ίσχυρήν
1104 3026 1142 3090 ἐν

139 3151 179 3214 τη
164 3123 334 3215 Μιλήτῳ
358 3123 467 3192 καὶ
433 3151 493 3217 τον
518 3123 602 3210 ληδν
620 3131 802 3243 τετρῦσθαι
823 3121 909 3202 ἐς
875 3150 912 3191 το
928 3129 1065 3210 ἔσχατον
1080 3147 1143 3188 κα-

137 3227 220 3340 κοή,
237 3218 340 3307 ήκουε
361 3227 422 3288 τοῦ
443 3223 590 3310 κήρυκος
611 3223 835 3309 νοστήσαντος
855 3225 935 3290 ἐκ
914 3230 972 3310 τῆς
986 3220 1142 3308 Μιλήτου

138 3317 218 3397 τούς
232 3321 406 3397 ἐναντίους
420 3317 600 3405 λύγους,’“
577 3349 599 3407 η
617 3317 663 3400 ὡς
677 3319 781 3402 αύτός
792 3323 979 3390 κατεδόκεε.
1009 3348 1090 3409 μετα
1078 3319 1141 3388 δὲ

137 3417 161 3506 ή
180 3443 216 3484 τε
239 3415 402 3503 διαλλαγή
424 3436 485 3502 σφι
506 3420 637 3504 ἐγένετο
653 3413 751 3486 ἐπ’
723 3446 800 3510 φτε
817 3426 948 3500 ξείνους
969 3419 1141 3509 άλλήλοισι

138 3517 223 3588 εἶναι
249 3519 304 3582 καί
328 3517 538 3606 συμμάχους,
566 3521 621 3586 καὶ
646 3521 709 3587 δύο
733 3547 768 3588 τε
788 3519 862 3588 άντὶ
882 3517 957 3598 ἑνὸς
976 3518 1081 3605 νηούς
1101 3525 1141 3607 τή
