2500 3925
187 220 251 285 362
578 216 831 274 HERODOTI

185 390 247 476 τέῳ
259 380 399 468 δυνάμι,
426 385 501 468 κοίη
511 382 599 465 χειρί
602 406 612 457 3
643 382 757 443 Ταῦτα
771 379 880 462 λέγων
891 370 968 443 οὐκὶ
979 378 1094 441 ἔκευθε
1108 368 1183 439 ἀλλα

186 487 221 551 οί
235 488 336 568 χρᾶν·
357 478 402 558 ὡς
422 479 458 546 δὲ
479 474 562 546 κατά
586 472 691 543 ταότα
680 472 918 555 ’έθέσπιζᾚ
884 499 915 541 οι
940 471 1181 555 καὶπρότερον,

129 598 176 653 Ιεσ
189 591 295 666 ολχετο
309 574 431 665 μεταξά
446 570 653 643 ἀπολιπώνὸ
671 572 797 651 Βάττος
814 568 898 650 53*
860 595 925 657 την
935 569 1061 656 Θήρην.
1094 567 1180 635 Met&

189 678 278 749 δὲ’
237 686 327 770 αυτῷ
338 704 373 748 τε
384 676 491 768 τοάτφ
502 676 558 743 καὶ
566 688 653 742 τοῖσι
664 672 794 741 ἀλλοισι
801 678 976 758 Θηραίοισι
988 672 1183 757 συνεφέρετο

188 748 404 865 παλιγιίότως.
434 773 635 861 ἀγνοεῦντες
659 768 753 839 δὲ’
715 797 775 851 τας
802 765 979 857 συμφοράς
998 772 1034 837 υί
1049 776 1183 886 Θηρριοι

188 884 337 967 ἔπεμπον
354 878 387 953 ές
401 867 561 958 Δελφοὺς
579 871 656 956 περὶ
672 893 741 936 των
761 866 958 953 παρεόντων
972 872 1098 935 κακῶν.
1121 893 1141 953 η
1129 861 1184 931 δὲ

187 982 305 1062 Πυθίη
320 995 381 1060 σφι
398 977 515 1059 ἔχρησε
529 973 741 1053 συγκτίζουσι
754 966 870 1059 Βάττφ
884 965 1048 1086 Κυρήνην
1061 971 1122 1051 τῆς
1131 973 1186 1033 Λι-

189 1070 310 1161 βυης”
287 1096 427 1158 αμεινον
441 1066 588 1156 πρήξειν.
613 1062 815 1135 ἀπέστελλον
826 1062 907 1151 μετά
918 1071 1023 1132 ταῦτα
1033 1062 1098 1132 τὸν
1106 1063 1186 1133 Βάτ-

188 1197 249 1239 τον
269 1175 304 1239 οί
315 1179 456 1255 Θηραῖοι
476 1166 539 1235 δύο
557 1165 858 1288 πεντηκοντέροισι.
891 1162 1086 1240 πλάσαντες
1106 1163 1142 1229 δὲ
1160 1163 1186 1238 ές

188 1268 251 1358 τήν
263 1269 394 1357 Λιβύην
405 1259 516 1353 οὗτοι,
528 1262 570 1333 οὐ
579 1261 645 1350 γάρ
658 1258 778 1348 εἶχον”
757 1287 775 1329 ο
788 1287 820 1329 τι
829 1262 968 1331 ποιέωσι
978 1259 1072 1345 ἀλλο,
1089 1256 1220 1348 ὀπίσω

189 1367 443 1437 ἀπαλλάσσοντο
460 1368 494 1444 ές
512 1362 575 1486 τήν
590 1362 724 1449 Θήρην·
747 1365 782 1430 οί
794 1363 831 1429 δέ
846 1369 987 1447 Θηραῖοι
1007 1360 1220 1447 ααταγομέ·

189 1493 271 1547 νους
286 1472 428 1554 ἔβαλλον
442 1460 548 1533 κάλ’
509 1488 572 1530 ουκ
586 1468 654 1530 ἔων
666 1466 706 1549 τῇ
715 1486 760 1548 γη
745 1466 979 1582 προσίσχειν,
993 1456 1070 1528 ἀλλ’
1089 1457 1185 1527 ὀπίσω

189 1565 315 1635 κλάειν
329 1566 493 1633 ἐκέλευον.
515 1566 550 1629 οί
558 1561 595 1630 σε
606 1558 870 1647 ἀναγκαζόμενοι
881 1555 987 1628 ὀπίσω
1001 1555 1220 1643 ἀπέπλωον,
1219 1595 1220 1616 ι

189 1665 245 1731 καὶ
259 1668 393 1731 ἔκτισαν
407 1669 515 1749 νῆσον
529 1661 582 1727 ἐπὶ
597 1659 710 1747 Λιβύη
725 1660 898 1744 κειμένην,
920 1655 961 1747 τῇ
976 1656 1129 1745 οὔνομα,
1151 1653 1187 1733 ἀς

189 1763 244 1830 καὶ
259 1761 425 1848 πρότερον
442 1764 574 1848 εἰρέθη,
592 1761 662 1827 ίστλ
670 1761 812 1826 Πλατέα.
841 1760 971 1844 λέγεται
985 1757 1022 1825 δὲ
1037 1767 1098 1846 ίση
1112 1756 1187 1826 εἶναι

188 1859 209 1948 ἡ
224 1867 325 1948 νῆσος
340 1867 379 1950 τῇ
396 1867 462 1927 νῦν
477 1863 684 1944 Κυρηναίων
699 1856 788 1926 πόλι.
1066 1911 1068 1914 .

127 1976 176 2033 157
277 1958 412 2046 Ταύτην
426 1958 591 2037 οἰκέοντες
605 1956 668 2025 δύο
681 1961 771 2043 έτεα,
786 1951 887 2023 οὐδὲν
898 1954 965 2042 γάρ
976 1976 1037 2043 σφι
1047 1950 1187 2045 χρηστὸν

189 2060 409 2144 συνεφέρετο,
432 2058 492 2124 ἕνα
506 2053 618 2124 αὐτῶν
635 2053 872 2134 καταλιπόντες
892 2058 926 2122 οί
938 2058 1050 2125 λοιποὶ
1072 2056 1187 2133 πάντες
1218 2060 1219 2083 ³

189 2155 368 2226 ἀπέπλωον
382 2157 415 2235 ἐς
425 2152 601 2242 Δελφοάς,
616 2151 813 2241 ἀπικόμενοι
827 2155 864 2222 δὲ
876 2156 929 2223 ἐπί
938 2153 983 2224 τὰ
990 2157 1187 2244 χρηστήριον

189 2259 360 2344 ἐχρέοντο,
388 2255 535 2342 φάμενοι
563 2257 685 2324 οίκέειν
707 2281 744 2323 τε
767 2251 830 2342 τήν
853 2255 986 2343 Λιβύην
1010 2260 1070 2327 καὶ
1094 2255 1186 2326 οὐδὲν

190 2352 330 2440 ἀμεινον
341 2353 506 2440 πρήσσειν
516 2355 694 2432 οἰκέοντες.
712 2349 733 2440 ἡ
746 2354 782 2420 δὲ
792 2359 909 2440 Πυθίη
921 2374 982 2442 σφι
991 2353 1081 2437 πρὸς
1090 2362 1186 2426 ταῦτα

189 2460 252 2542 χρᾷ
264 2450 360 2519 τάδε·

251 2555 299 2618 Ac
311 2546 352 2615 τι)
370 2549 450 2634 έμεῦ
463 2548 597 2635 Λιβύην
610 2550 827 2640 μηλοτρόφον
842 2551 933 2633 οἶδας
948 2551 1105 2641 άμεινου,

253 2644 312 2733 Μή
329 2642 441 2714 ίλθάν
455 2645 632 2767 έλθόντος,
653 2645 740 2735 ἀγαν
755 2647 880 2738 ἀγαμαι
897 2657 1021 2737 σοφίην
1035 2671 1109 2720 σευ.

190 2745 394 2824 ἀκούσαντες
414 2746 451 2813 δὲ
471 2745 602 2813 τούτων
626 2750 661 2814 οί
680 2744 765 2869 ἀμφὶ
787 2744 848 2817 τόν
862 2748 992 2819 Βάττον
1012 2746 1186 2818 ἀπέπλωον

188 2845 311 2917 ὀπίσω
332 2840 375 2911 οὐ
383 2839 448 2930 γάρ
460 2841 502 2930 δή
513 2863 617 2930 σφεας
631 2841 721 2913 ἀπίει
735 2843 896 2926 ὁθεός
855 2874 914 2934 της
924 2844 1097 2935 ἀποικίης,
1114 2847 1218 2941 πρὶνη

187 2943 227 3034 δή
241 2942 425 3014 ἀπίκωνται
433 2939 520 3022 ές’
479 2940 586 3030 αυτὴν
591 2944 774 3032 Atssv'nvff
754 2946 952 3032 απικόμενοι
964 2948 1000 3015 δέ
1012 2946 1093 3026 ἐς
1056 2974 1121 3065 την
1131 2944 1218 3032 νῆ-
1217 3008 1218 3057 1

187 3063 249 3113 σον
264 3045 319 3111 καὶ
332 3038 559 3128 ἀναλαβόντες
578 3038 642 3110 τάν
656 3047 773 3112 ἔλιπον
789 3042 972 3114 ἔκτισαν
930 3071 1035 3130 αυτης
1054 3053 1114 3132 τῆς
1127 3055 1218 3116 Λι

186 3145 272 3232 βύης
288 3167 399 3230 χωρον
420 3138 537 3211 ἀντίον
557 3149 615 3229 τῆς
637 3143 762 3231 νήσου,
781 3151 828 3235 τῷ
852 3144 980 3233 οὕνομα
999 3138 1044 3234 ἦν
1056 3128 1219 3230 ''Attotc‚³

185 3239 247 3310 τόν
266 3241 371 3309 νάπαι
386 3265 423 3308 τε
442 3240 617 3308 κάλλισται
637 3239 729 3310 ἐπ”
709 3242 883 3328 αμφότερα
897 3247 1118 3328 συγκληίουσι
1136 3243 1219 3307 καλ

129 3348 178 3405 158
187 3335 334 3422 ποταμὸς
347 3363 386 3405 τα
377 3333 458 3406 ’έπὶ
471 3337 601 3427 θάτερα
615 3340 806 3426 παραρρέει.
852 3346 982 3408 Τοῦτον
999 3349 1114 3409 οἴκεον
1130 3335 1183 3406 τὸυ
1217 3304 1219 3387 ³

186 3461 297 3520 χωρον
317 3437 351 3513 ἓξ
368 3440 457 3503 ἔτεα·
480 3437 611 3528 ἑβδόμῳ
633 3441 674 3506 δέ
689 3459 794 3525 σφεας
816 3442 883 3507 ἔτεϊ
903 3437 1182 3526 παραιτησάμενοι
