2500 3925
151 206 192 268 68
532 208 786 265 HERODOTI

103 385 138 438 20
151 393 216 455 γου
231 365 447 452 ἐποιησάμην.
484 365 664 436 Ένθεάτεν
677 371 712 433 οί
725 372 950 457 ζωγρηθέντες
963 377 1033 440 τῶν
1044 377 1161 458 Μιλη-

151 473 234 534 σίων
244 463 367 552 ἤγοντο
378 467 411 544 ές
421 471 547 532 Σοῦσα.
567 461 727 552 βασιλεδς
739 468 779 533 δέ
786 466 1160 556 σφιαςΔαρεῑοςιιαιιδν

151 562 253 634 οὐδὲν
267 561 348 633 άλλο
360 563 501 650 ποιήσας
512 569 680 632 κατοίκισε
693 565 748 632 έπλ
761 571 802 653 τῇ
811 562 960 654 Ἐρυθρῇ
973 568 1159 654 καλεομένῃ

149 661 322 751 θαλάσσῃ,
345 665 382 730 έν
393 660 505 752 ’Ἀμπῃ
519 661 615 748 πόλι,
637 657 717 748 παρ’
735 657 780 747 ήν
797 668 919 750 Τίγρης
932 660 1080 750 ποταμὸς
1093 687 1160 729 πα-

150 765 302 851 ραρρέων
317 767 349 842 ἐς
359 763 537 832 θάλασσαν
548 764 633 843 ἐξίει.
650 767 709 847 τής
719 760 756 829 δὲ
763 769 933 850 Μιλησίης
942 764 1053 852 χώρης
1063 761 1160 832 αὐτοὶ

148 861 211 948 μὲν
228 867 263 930 οί
269 863 395 948 Πέρσαι
410 860 499 947 εἶχον
509 857 549 928 τά
562 861 639 946 περὶ
654 857 716 945 τήν
730 859 832 927 πάλιν
848 862 902 928 καὶ
914 859 952 929 τὸ
967 866 1103 946 πεδίον,
1117 856 1159 927 τά

101 977 133 1028 21
150 959 186 1027 δέ
200 957 388 1047 ὑπεράκρια
406 962 528 1028 έδοσαν
544 959 652 1044 Καρσὶ
665 960 861 1043 Πηδασεῦσι
872 961 1063 1044 κεκτήσθαι.
1083 966 1159 1026 Πα-

147 1063 251 1125 θοῦσι
266 1058 303 1124 δὲ
317 1063 421 1124 ταῦτα
433 1062 631 1144 Μιλησίοισι
648 1050 732 1142 πρὸς
741 1059 901 1142 Περσέων
914 1053 976 1125 οὐκ
988 1054 1159 1126 ἀπέδοσαν

147 1153 210 1240 τήν
224 1152 345 1242 ὁμοίην
361 1163 567 1243 Συβαρῖται,
589 1159 624 1221 οἳ
637 1151 732 1221 Λάον
752 1178 788 1220 τε
808 1154 863 1222 καί
877 1158 1028 1242 Σκίδρον
1044 1163 1159 1235 οἴκεον

146 1259 205 1338 τῆς
221 1253 338 1332 πόλιος
352 1251 622 1341 ἀπεστερημένοι.
658 1251 833 1338 Συβάριος
848 1248 913 1339 γάρ
927 1249 1076 1339 ἁλούσης
1089 1247 1158 1318 ὑπὸ

147 1354 409 1438 Κροτωνιητέων
419 1352 583 1440 Μιλήσιοι
594 1349 718 1428 πάντες
727 1337 857 1437 ήχληδδν
867 1346 1088 1437 ἀπεκείραντο
1099 1346 1159 1427 τάς

146 1446 295 1535 κεφαλάς
306 1452 360 1518 καὶ
370 1452 498 1530 πένθος
508 1451 592 1537 μέγα
603 1448 876 1536 προσεθήκαντο·
891 1446 1005 1529 πόλιες
1016 1446 1081 1536 γάρ
1092 1440 1159 1516 αὗ-

145 1577 200 1617 ται
214 1549 356 1636 μάλιστα
371 1549 411 1637 δή
428 1557 496 1618 τῶν
510 1546 605 1638 ήμείς
619 1552 717 1634 ίδμεν
732 1545 894 1636 άλλήλησι
908 1548 1157 1635 έξεινοίθησαν·

146 1645 248 1714 οὐδὲν
265 1644 387 1734 ὁμοίως
401 1652 456 1718 καί
473 1646 657 1736 Ἀθηναῖοι.
697 1644 871 1731 Ἀθηναῖοι
889 1645 953 1732 μδν
971 1644 1037 1734 γάρ
1052 1651 1159 1733 δήλου

146 1749 305 1831 ἐποίησαν
317 1744 627 1836 ὑπεραχθεσθέντες
637 1752 678 1835 τή
689 1744 845 1831 Μιλήτου
855 1742 961 1814 άλοίσι
972 1753 1012 1835 τῇ
1022 1771 1058 1814 τε
1071 1743 1158 1832 άλλη

144 1854 308 1937 πολλαχῇ,
327 1850 381 1916 καὶ
398 1847 439 1937 δή
451 1853 505 1918 καλ
516 1849 694 1937 ποιήσαντι
705 1853 863 1939 Φρυνίχῳ
874 1851 985 1935 δρᾶμα
995 1844 1157 1934 Μιλήτου

145 1946 273 2017 άλωσιν
287 1953 342 2019 καί
357 1951 526 2032 διδάξαντι
539 1953 572 2031 ές
584 1949 716 2037 δάκρυά
729 1974 766 2017 τε
780 1953 877 2018 έπεσε
887 1945 926 2016 τδ
937 1950 1085 2035 θέητρον
1100 1948 1158 2015 καλ

144 2047 330 2134 ἐζημίωσάν
340 2076 399 2135 μιν
411 2048 455 2130 ὦς
466 2048 705 2139 ἀναμνήσαντα
716 2049 826 2136 οίκήια
837 2045 923 2117 κακά
935 2053 1058 2137 χιλίῃσι
1070 2050 1158 2134 δρα-

143 2152 260 2234 χμήσι,
280 2148 336 2213 καὶ
355 2149 515 2230 ἐπέταξαν
530 2152 646 2235 μηκέτι
666 2148 793 2234 μηδένα
813 2153 960 2233 χρᾶσθαι
981 2142 1090 2235 τούτῳ
1107 2148 1156 2234 τῷ

145 2244 296 2333 δράματι.

93 2366 128 2419 22
227 2350 378 2431 Μίλητος
399 2350 461 2433 μέν
477 2373 542 2415 νυν
557 2352 738 2433 Μιλησίων
757 2342 930 2432 ήρήμωτο,
952 2348 1095 2429 Σαμίων
1117 2341 1156 2409 δέ

141 2448 229 2511 τοῖσί
241 2468 272 2509 τι
284 2448 395 2529 έχουσι
409 2441 446 2533 τρ
460 2444 522 2532 μὲν
534 2446 567 2524 ές
577 2442 658 2523 τούς
669 2444 813 2532 Μήδους
823 2445 861 2510 έιι
874 2449 944 2509 τῶν
955 2445 1156 2528 στρατηγῶν

141 2546 210 2607 τῶν
225 2543 398 2629 σφετέρων
411 2544 556 2630 ποιηθὲν
569 2540 726 2630 οὐδαμῶς
738 2540 877 2630 ήρεσκε,
891 2538 1003 2609 ἐδόκεε
1015 2538 1053 2607 δὲ
1067 2534 1154 2624 μετὰ

141 2640 203 2728 τήν
214 2649 403 2728 ναυμαχίην
414 2640 533 2711 αὐτίκα
542 2647 830 2731 βουλευομένοισι,
844 2644 926 2729 πρὶν
939 2638 1032 2727 ήσφι
1044 2641 1078 2719 ές
1088 2636 1154 2725 τήν

140 2738 254 2825 χάρηυ
271 2734 453 2808 ἀπικέσθαι
464 2737 525 2808 τδν
535 2741 709 2828 τάρανυον
719 2741 864 2826 Αίάκεα,
878 2742 912 2819 ές
922 2737 1083 2825 ἀποικίην
1094 2743 1156 2806 ἐκ·

140 2834 267 2904 πλείειν
282 2836 364 2923 μηδὲ
376 2841 539 2924 μένοντας
550 2840 705 2927 Μήδοισί
712 2865 747 2907 τε
758 2841 814 2907 καί
823 2837 945 2907 Αἰάκεϊ
958 2835 1151 2907 δουλεύειν.

139 2942 320 3019 Ζαγκλαῖοι
334 2934 399 3025 γάρ
411 2942 446 3007 οί
457 2936 523 3007 άπὸ
535 2944 692 3024 Σικελίης
701 2935 762 3004 τὸν
772 2933 877 3003 αὐτὸν
887 2933 1014 3022 χρόνον
1025 2941 1153 3013 τοῦτον

139 3033 324 3118 πέμποντες
338 3037 371 3113 ἐς
382 3033 445 3122 τήν
452 3034 581 3123 Ἰωνίην
591 3033 754 3122 άγγέλους
764 3036 980 3103 έπεκαλέοπο
992 3029 1073 3110 τοδς
1078 3029 1150 3101 ’Ίω

139 3158 199 3209 νας
220 3135 253 3211 ές
266 3132 385 3221 Καλὴν
408 3135 529 3224 άκτήυ,
553 3135 756 3224 βουλόμενοι
773 3131 897 3204 αὐτόθι
917 3131 1024 3203 πόλιν.
1039 3141 1152 3204 κτίσαι

134 3228 272 3297 Ἰάνων·
295 3228 315 3318 ἡ
334 3235 370 3299 δὲ
387 3232 481 3320 Καλή
496 3233 581 3319 αὕτη
596 3230 679 3319 άκτή
690 3235 874 3318 καλεομένη
889 3233 956 3299 ἐστὶ
970 3231 1033 3320 μὲν
1043 3240 1153 3299 Σικε-

137 3334 223 3414 λῶν,
236 3326 319 3413 πρὸς
332 3329 368 3395 δὲ
384 3336 575 3417 Τυρσηνίην
586 3332 793 3417 τετραμμένη
803 3336 860 3415 τῆς
870 3336 1043 3417 Σικελίης·
1065 3332 1153 3399 τού-

137 3448 206 3491 των
219 3418 268 3493 οἷν
280 3427 548 3513 ἐπικαλεομένων
558 3432 592 3497 οί
601 3429 727 3514 Σάμιοι
737 3434 858 3514 μοῦνοι
870 3426 994 3497 Ἰάνων
1004 3430 1151 3517 έστάλη<
