2500 3925
185 274 249 341 256
561 278 813 336 HERODOTI

184 464 251 527 γαρ
264 436 345 526 ὕβρι
359 437 583 523 κεκορημένος
596 438 686 522 ἔρδει
701 433 807 504 πολλά
825 438 880 505 καί
897 432 1083 522 ἀτάσθαλα,
1098 432 1140 503 τά
1155 435 1188 501 δὲ

186 539 318 627 φθάνω.
356 541 463 603 καίτοι
480 531 589 623 ἀνδρα
603 563 640 623 γε
660 536 831 622 τύραννον
844 532 1004 621 ἀφθυνον
1014 539 1082 605 ἔδει
1094 532 1189 619 εἶναι,

186 632 303 721 ἔχοντά
314 658 353 720 γε
363 631 473 701 πάντα
488 630 529 701 τά
543 630 675 719 ἀγαθά·
700 629 738 700 τὸ
754 629 786 700 δ’
802 629 1007 703 ὑπεναντίον
1020 633 1146 703 τούτου
1160 636 1190 712 ές

186 728 265 810 τούς
275 730 434 818 πολιήτας
444 733 744 817 πέφνκε·φθονεέι
752 727 909 818 γάρτοτσι
920 728 1085 819 ἀρίστοισι
1095 757 1190 820 περι-

186 834 283 897 εοῦσί
289 853 325 894 τε
332 830 387 896 καλ
399 826 530 913 ζώουσι,
535 834 644 914 χαίρει
655 826 692 895 δὲ
697 842 782 895 τοῖσι
793 835 978 896 κακίστοισι
988 835 1057 896 τών
1068 826 1190 914 ἀστῶν,

93 976 98 981 -
186 924 345 1017 διαβολάς
356 927 392 995 δὲ
411 930 746 1018 βῇστοεένδέκεσθαι.
759 925 1190 1016 ἀναρμοστότατουδὲπάν-

185 1055 271 1098 των·
285 1026 330 1117 ἡν
340 1054 375 1097 τε
386 1028 452 1116 γάρ
467 1027 572 1098 αάτδυ
581 1038 722 1118 μετρίως
740 1029 915 1119 θωμάζῃς,
935 1028 1074 1117 ἀχθεται
1085 1028 1141 1100 ὅτι
1153 1028 1193 1098 οά

187 1128 292 1215 κάρτα
302 1126 542 1220 θεραπεύεται,
558 1126 602 1214 ἦν
616 1152 652 1195 τε
669 1127 844 1215 θεραπεύῃ
861 1150 909 1205 τις
920 1127 1036 1214 κάρτα,
1051 1126 1191 1213 άχθεται

186 1227 245 1294 ἀτε
255 1232 356 1294 θωπί.
372 1224 411 1294 τά
425 1226 461 1295 δέ
473 1224 513 1314 δὴ
525 1229 662 1314 μέγιστα
673 1233 808 1313 ἔρχομαι
820 1227 940 1311 ἐρέων·
955 1226 1080 1312 νόμαιά
1091 1252 1131 1294 τε
1143 1254 1194 1293 κι-

186 1339 238 1393 νεί
247 1323 371 1410 πάτρια
385 1325 440 1394 καὶ
452 1333 564 1415 βιᾶται
575 1340 738 1412 γυναῖκας
749 1332 869 1393 κτείνει
881 1351 916 1392 τε
928 1323 1093 1412 ἀκρίτους.
1106 1332 1194 1411 πλῆ-

185 1433 250 1503 θος
261 1424 298 1491 δὲ
314 1422 418 1512 ἀρχου
433 1431 547 1511 πρώτα
558 1427 621 1512 μέν
634 1422 764 1511 οάνομα
775 1425 913 1493 πάντων
924 1424 1104 1494 κάλλιστον
1117 1433 1194 1513 ἔχει,

186 1530 379 1611 ίσουομίην,
400 1524 540 1611 δεύτερα
561 1527 597 1592 δέ
616 1524 747 1593 τούτων
763 1530 832 1591 τῶν
847 1522 865 1591 ὁ
882 1524 1071 1612 μούναρχος
1085 1528 1192 1593 ποιέει

187 1622 304 1693 οὐδέν·
328 1623 425 1714 πάλῳ
452 1624 514 1710 μέν
540 1620 644 1710 ἀρχάς
671 1620 781 1709 ἀρχει,
809 1620 1011 1691 ὑπεύθυνον
1026 1624 1063 1690 δὲ
1085 1621 1195 1709 ἀρχὴν

188 1728 270 1810 ἔχει,
283 1724 497 1810 βουλεύματα
510 1722 547 1792 δέ
561 1721 672 1791 πάντα
687 1725 720 1802 ές
736 1720 774 1791 τά
789 1720 1083 1808 κοινὸνάυαφέρει.
1098 1731 1186 1789 τίθε·

187 1852 246 1911 μαι
271 1818 319 1893 ών
334 1822 474 1912 γνώμην
487 1826 644 1912 μετέντας
659 1820 761 1912 ἡμέας
780 1830 988 1911 μουναρχίην
1005 1820 1044 1891 τὸ
1061 1830 1197 1910 πλῆθος

186 1923 310 2006 ἀέξειν·
330 1926 367 1993 έν
380 1921 445 2010 γάρ
463 1931 509 2016 τῷ
523 1930 636 2016 πολλῷ
651 1928 702 1994 ἔνι
718 1921 758 1992 τά
773 1924 891 1992 πάντα.
921 1920 1059 2010 Ὀτάνης
1072 1923 1145 2014 μὲν
1159 1919 1195 2010 δὴ

135 2046 168 2101 01
186 2025 313 2112 ταύτην
328 2021 391 2112 τὴυ
406 2024 546 2112 γνώμην
565 2028 719 2113 έσέφερε,
746 2023 946 2112 Μεγάβυζος
967 2025 1003 2091 δέ
1018 2021 1196 2113 ὀλνγαρχίη
1228 2039 1229 2130 ἡ

185 2127 317 2192 έκέλευε
334 2125 545 2212 έπιτράπειν,
560 2129 668 2212 λέγων
691 2123 786 2192 τάδε·
832 2122 880 2192 Τά
895 2125 957 2211 μέν
968 2123 1109 2211 Ὀτάνης
1129 2124 1199 2191 εἶπε

184 2225 370 2308 τυραννίδα
389 2223 526 2310 παύων,
554 2225 701 2310 λελέχθω
719 2221 818 2311 κάμοὶ
838 2231 957 2310 ταῦτα,
977 2222 1018 2292 τά
1041 2221 1075 2292 δ’
1101 2227 1140 2304 ἐς
1162 2221 1197 2291 τό

184 2329 315 2409 πλῆθος
335 2319 446 2409 ἄνωγε
466 2325 584 2410 φέρειν
604 2321 642 2391 τὸ
665 2325 801 2410 κράτος,
827 2323 962 2411 γνώμης
976 2329 1032 2410 τῆς
1055 2321 1200 2410 ἀρίστης
1226 2401 1227 2404 ¹

182 2419 362 2509 ἡμάρτηκε.
396 2419 516 2508 ὁμίλου
535 2419 599 2511 γάρ
622 2419 763 2511 ἀχρηίου
782 2419 884 2492 οὐδέν
899 2426 966 2492 έστι
982 2419 1201 2493 ἀσυνετώτε-
1226 2409 1227 2477 ἡ

185 2549 248 2610 ρον
265 2520 344 2592 οὐδὲ
355 2520 604 2612 ὑβριστότερον.
621 2531 728 2592 καίτοι
740 2522 912 2607 τυράννου
926 2519 1028 2612 ὕβριν
1040 2525 1201 2612 φεύγου·
1225 2565 1226 2651 χ

183 2649 241 2701 τας
255 2619 382 2708 ἀνδρας
392 2625 425 2701 ές
439 2622 550 2709 δήμου
569 2621 758 2691 ἀκολάστου
773 2619 875 2710 ὕβριν
900 2633 1016 2690 πεσείν
1044 2627 1120 2692 ἐστὶ
1139 2620 1203 2692 οὗ·

185 2724 298 2809 δαμώς
318 2717 518 2808 ἀνασχετόν·
549 2719 568 2790 ὁ
590 2723 654 2809 μέν
674 2719 739 2809 γάρ
761 2731 795 2791 εί
813 2750 844 2790 τι
865 2726 985 2810 ποιέει,
1012 2722 1203 2810 γινώσκων
1224 2771 1225 2827 ρ

184 2825 306 2908 ποιέει,
320 2828 367 2912 τῷ
379 2822 416 2888 δέ
430 2819 510 2891 οὐδὲ
524 2823 705 2908 γινώσκειν
719 2829 787 2892 ἔνι·
811 2830 877 2902 κώς
891 2821 957 2910 γὰρ
971 2818 1015 2891 ἀν
1028 2825 1203 2911 γινώσκοι

184 2919 222 3001 δς
246 2917 322 2988 οὔτ’
356 2917 518 3009 ἐδιδάχθη
551 2918 631 2990 οὔτε
665 2917 738 2989 οἶδε
772 2918 879 2987 καλὸν
913 2915 1018 2988 οάδδν
1048 2923 1224 3010 οίκήιου,λ

184 3018 284 3090 ώθὲει
295 3045 331 3087 τε
343 3015 496 3104 ἐμπεσών
507 3014 548 3084 τά
559 3016 736 3103 πρήγματα
747 3015 831 3084 ἀνευ
844 3016 939 3102 νόου,
946 3015 1125 3111 χειμάρρῳ
1138 3045 1202 3088 πο-

182 3124 275 3209 ταμῷ
294 3124 419 3197 ίκελοςς
441 3113 697 3203 δὴμῳμέννυν,
717 3116 907 3203 οἳΠέρσησι
921 3110 1028 3182 κακὸν
1064 3127 1223 3204 νοεῦσι,λ

183 3209 279 3285 οὗτοι
292 3213 464 3300 χράσθων,
478 3209 573 3299 ἡμεῖς
587 3214 624 3282 δὲ
639 3211 849 3299 ἀνδριάντων
860 3211 1006 3300 ἀρίστων
1017 3215 1207 3295 ἐπιλέξαν-

184 3339 237 3391 τες
252 3310 387 3399 ὁμιλίην
399 3309 548 3379 τοάτοισι
563 3316 774 3399 περιθέσιμον
793 3309 831 3380 τὸ
853 3311 991 3400 κράτος·
1013 3313 1052 3380 έν
1066 3309 1144 3400 γάρ
1164 3309 1222 3401 615¹

184 3411 333 3479 τούτοισι
348 3413 403 3478 καί
416 3407 512 3477 αὐτοὶ
526 3409 729 3497 ἐνεσόμεθα,
744 3409 890 3498 ἀρίστων
901 3411 938 3478 δὲ
951 3407 1096 3498 ἀνδρῶν
1107 3409 1210 3494 οίιιδς

183 3506 302 3590 ἀρεστα
313 3508 527 3594 βουλεύματα
537 3516 703 3596 γίνεσθαι.
722 3511 923 3597 Μεγάβυζος
932 3511 996 3599 μὲν
1011 3505 1053 3597 δὴ
1065 3513 1201 3602 ταύτην
