2500 3925
319 267 404 324 ιιι.
436 266 480 322 111.
515 265 613 345 οᾼν.
645 274 819 331 ιιι-τεο.
1012 267 1074 331 τοο

78 427 105 492 ἐν
118 424 257 512 στόμασι
273 428 449 503 αἰνέοντες.
485 420 504 491 ὁ
521 426 557 492 δέ
573 416 669 504 αύτις
683 426 849 497 διαλιποάν
863 430 922 511 τάς
935 451 1072 521 συγκει-

79 528 166 609 μένας
181 522 309 612 ἡμέρας
329 524 468 613 ἐξήγαγε
489 524 523 603 ές
542 520 580 591 τὸ
604 531 850 615 προειρημένον
868 531 923 599 καί
939 536 1072 599 κυκλοε-

79 623 208 710 σάμενος
228 624 458 711 κατεφόνευσε
478 619 558 701 τούς
577 633 868 714 τετρακισχιλίους.
899 624 943 708 ύς
963 628 1000 697 δέ
1017 630 1072 699 καλ

77 735 162 795 τοῦτο
178 730 400 814 κατέργαστο,
422 723 533 793 πάντα
547 721 588 811 δὴ
608 718 654 812 ἦν
669 729 707 795 έν
723 740 809 795 τοῖσι
826 734 1072 817 Βαβυλωνίοισι

77 824 245 912 Ζάπυρος,
266 826 323 893 καὶ
338 822 543 910 στρατάρχης
556 848 592 891 τε
608 817 709 905 οὗτός
726 846 787 911 σφι
800 830 857 895 καὶ
871 828 1071 915 τειχοφύλαξ

77 922 273 993 ἀπεδέδεκτο.
317 918 520 1010 Προσβολὴν
541 921 578 989 δὲ
597 928 749 1011 Δαρείου
769 922 853 993 κατὰ
873 923 914 994 τά
935 932 1071 1013 συγκεί-
1091 936 1138 992 158

76 1048 148 1107 μευα
169 1021 375 1107 ποιευμένου
396 1022 490 1107 πέριξ
512 1016 550 1088 τὰ
572 1034 693 1108 τείχος,
717 1023 867 1092 ἐνθαῦτα
894 1022 934 1112 δη
960 1023 1070 1092 πάντα

76 1120 125 1189 τὸν
135 1118 274 1192 δύλονὸ
290 1119 454 1204 Ζάπυρος
469 1121 630 1206 ἐξέφαινε.
654 1124 688 1191 οί
700 1123 763 1209 μὲν
778 1120 843 1210 γάρ
854 1124 1069 1212 Βαβυλύνιοι

76 1219 251 1309 ἀναβάντες
272 1222 325 1289 έπά
343 1215 380 1287 ’τό
402 1230 508 1304 τεῖχος
527 1214 699 1305 ἠμύνοντο
719 1216 782 1308 τὴν
795 1229 946 1309 Δαρείου
967 1240 1069 1307 στρα-

75 1319 141 1408 τεὴν
153 1318 450 1409 προσβάλλουσαν,
473 1313 491 1386 ὁ
507 1318 544 1386 δέ
558 1317 723 1404 Ζοέπυρος
739 1320 798 1399 τάς
813 1346 849 1389 τε
861 1328 999 1401 Κισσίας
1013 1324 1068 1389 καὶ

75 1424 207 1506 Βηλίδας
221 1419 427 1504 καλεομένας
436 1417 545 1495 πύλας
556 1413 768 1495 ἀναπετάσας
781 1420 877 1505 έσῖμιε
889 1416 967 1497 τούς
978 1420 1068 1501 Πέρ-

75 1540 127 1600 σας
143 1523 174 1599 ές
189 1514 226 1587 τὰ
248 1532 361 1604 τεῖχος.
395 1522 463 1585 τῶν
484 1519 521 1584 δὲ
533 1522 764 1604 Βαβυλωνίων
784 1522 820 1584 οἳ
837 1515 900 1603 μὲν
922 1514 1012 1585 εἶδον
1028 1513 1066 1584 τὸ

74 1622 217 1705 ποιηθέν,
236 1610 331 1685 οὗτοι
343 1622 489 1702 ἔφευγον
505 1616 538 1693 ές
553 1620 614 1682 τοῦ
624 1613 710 1693 Διὸς
724 1614 911 1703 τοῦΒήλου
927 1612 964 1685 τὸ
979 1613 1066 1705 ίρόν,

75 1725 104 1785 οἳ
115 1718 149 1785 δὲ
165 1714 227 1784 ούκ
243 1714 350 1801 εἶδον,
374 1720 495 1802 έμενον
515 1715 553 1780 έν
566 1718 607 1802 τῇ
622 1716 750 1781 ἑωυτοῦ
764 1714 837 1795 τάξι
854 1718 1007 1800 ἕκαστος,
1034 1716 1067 1791 ές

75 1814 91 1883 ἀ
105 1812 142 1902 δὴ
157 1817 211 1884 καὶ
225 1806 320 1883 οὗτοι
332 1819 462 1901 ἔμαθον
473 1812 723 1901 προδεδομένοι.
750 1810 917 1900 Βαβυλάιν
928 1814 991 1897 μέν
1000 1836 1066 1878 νυν
1085 1828 1135 1882 15⁹

75 1912 154 1982 οάτο
167 1910 204 1983 τὸ
223 1913 382 2001 δεύτερον
399 1912 537 2001 αἱρέθη,
559 1922 705 1998 Δαρεῖος
719 1909 756 1980 δέ
771 1913 846 1980 έπεί
857 1935 892 1978 τε
906 1906 1065 1997 ἐκράτησε

74 2024 135 2083 τῶν
148 2020 390 2103 Βαβυλωνίων,
412 2019 512 2080 τοῦτο
532 2013 595 2098 μέν
612 2030 728 2098 σφεων
743 2007 781 2078 τὸ
797 2023 902 2097 τεῖχος
923 2017 1068 2098 περιεῖλε

75 2116 124 2182 καὶ
135 2111 189 2194 τάς
202 2112 312 2191 πύλας
331 2112 440 2190 πάσας
459 2108 630 2178 ἀπέσπασε
652 2106 703 2199 (τό
718 2107 784 2197 χάρ
800 2108 966 2198 πρότερον
981 2106 1067 2177 ἕλύν

76 2219 176 2298 Κῦρος
187 2212 250 2301 τὴν
260 2217 448 2301 Βαβυλῶνα
459 2212 594 2294 ἐποίησε
604 2209 735 2280 τούτων
745 2207 952 2295 οὐδέτερον),
967 2213 1067 2275 τοῦτο

77 2315 107 2380 δὲ
120 2309 136 2380 ὁ
149 2323 293 2398 Δαρελος
307 2316 376 2378 τάν
396 2305 534 2392 ἀνδρῶν
554 2304 635 2387 τούς
651 2314 860 2396 κορυφαίους
876 2306 1018 2394 μάλιστα
1034 2309 1068 2384 ές

77 2419 262 2500 τρισχιλίους
286 2407 543 2496 ἀνεσκολόπισε,
572 2421 657 2476 τοῖσι
682 2408 719 2476 δὲ
737 2416 883 2477 λοιποῖσι
903 2413 1067 2494 Βαβυλω-

78 2517 164 2580 νίοισι
175 2507 327 2578 ἀπέδωκε
336 2506 398 2596 τὴν
409 2509 511 2576 πόλιν
523 2509 653 2576 οίκέειν,
679 2505 723 2586 ὡς
734 2503 766 2574 δ’
784 2509 895 2587 ἕξουσι
906 2520 1068 2592 γυναῖκας

78 2613 104 2674 ολ
119 2607 344 2696 Βαβυλώνιοι,
372 2609 430 2674 ἵνα
447 2625 508 2691 σφι
531 2603 630 2692 γενεὴ
656 2602 871 2691 ὑπογίνηται,
892 2605 972 2673 τάδε
991 2614 1067 2676 Δα-

79 2720 151 2786 ρεῖος
169 2703 320 2794 προιδιάν
341 2709 474 2792 έποίησε
495 2701 569 2792 (τάς
589 2701 656 2792 γάρ
680 2705 831 2792 ἀαυτιὸν,
853 2701 899 2786 ὡς
914 2707 971 2774 καί
990 2701 1065 2772 κατ’

80 2802 165 2890 ἀρχάς
180 2804 380 2894 δεδήλωται,
402 2801 589 2884 ἀπέπνιξαν
602 2808 637 2871 οί
648 2805 879 2892 Βαβυλοάνιοι,
895 2811 957 2873 τοῦ
971 2811 1067 2873 σίτου

80 2908 314 2991 προορέοντες)·
343 2904 477 2984 ἐπέταξε
490 2916 576 2971 τοίσι
596 2909 796 2990 περιοίκοισι
810 2909 927 2974 έθνεσι
944 2917 1068 2991 γυναί-

80 3024 127 3078 κας
146 3003 177 3080 ές
197 3009 386 3090 Βαβυλῶνα
413 3001 625 3085 κατιστάναι,
654 2999 780 3089 ὁσασδη
802 3003 972 3071 ἑκάστοισι
993 3005 1066 3069 έττι-

81 3098 211 3185 ιάσσων,
245 3099 329 3168 ὅστε
360 3103 459 3168 πέντε
484 3100 661 3187 μυριάδων
685 3097 723 3169 τὸ
754 3107 971 3189 κεφαλαίωμα
997 3105 1066 3167 τῶν

80 3205 235 3277 γυναικῶν
247 3205 408 3286 συνῆλθε.
438 3203 476 3266 έκ
488 3200 620 3267 τούτων
634 3198 671 3267 δέ
684 3205 752 3267 τῶν
764 3206 939 3286 γυναικῶν
953 3203 987 3267 οἱ
999 3203 1066 3266 νῦν

80 3294 274 3380 Βαβυλώνιοι
293 3297 462 3384 γεγόνασι.
508 3299 677 3384 Ζωπύρου
704 3300 740 3366 δὲ
768 3295 878 3376 ούδεάς
899 3295 1069 3388 ἀγαθοερ-
1085 3317 1135 3372 16⁰

80 3399 143 3479 γίηυ
155 3399 312 3484 Περσέων
334 3394 561 3486 ἀπερεβάλπο
582 3395 673 3484 παρά
693 3402 828 3488 Δαρείφ
851 3406 964 3488 κριτῇ,
988 3400 1067 3469 ούτε
1111 3489 1113 3496 y

80 3497 135 3558 τῶν
154 3492 296 3584 ὕστερον
321 3503 515 3584 γενομένων
538 3494 616 3564 οὔτε
642 3503 710 3563 τῶν
733 3496 916 3583 πρότερον,
944 3495 996 3564 ὅτι
1020 3496 1064 3582 μὴ
