2500 3925
356 234 441 289 LIB.
473 233 508 288 V.
543 232 644 290 cAP.
675 237 817 294 82-86.
1050 227 1094 290 39

82 385 169 478 ήσαν
190 392 228 458 δὲ
245 395 299 460 καί
317 405 403 459 τοῖσι
421 389 661 479 Ἐπιδαυρίοισι
681 397 718 459 αί
735 398 887 460 τοιαῦται
912 394 1090 480 ίροεργίαι·

83 491 145 556 είσί
156 484 192 555 δε
203 507 263 572 σφι
273 491 328 556 καὶ
343 484 481 575 άρρητοι
498 490 671 576 ἱροεργίαι.
695 492 926 575 Κλεφθέντων
936 490 1133 557 δὲτῶνδεθλ

81 591 150 653 τῶν
163 583 364 672 ἀγαλμάτων
376 591 412 655 οί
415 585 621 672 Ἐπιδαύριοι
632 600 718 654 τοῖσι
728 584 935 674 Ἀθηναίοισι
948 585 990 656 τά
1004 609 1089 654 συν-

82 685 200 753 έθεντο
212 682 275 753 οάκ
287 688 468 755 ἐπετέλεον.
482 686 672 770 πέμψαντες
683 685 719 752 δὲ
727 682 941 772 οίἏθηναῑοι
952 684 1091 773 ἐμήνιον

80 795 166 850 τοῖσι
178 780 435 871 Ἐπιδαυρίοισι·
451 788 485 851 οί
494 781 531 850 δέ
547 778 739 869 ἀπέφαινον
752 782 860 875 λόγῳ,
877 780 922 863 ἀς
936 780 1000 851 οάκ
1014 779 1092 850 ἀδι-

79 877 294 950 κέοιεν·ὃ’σον
315 883 378 969 μὲν
397 879 462 968 γάρ
478 880 604 967 χρόνον
629 878 718 965 εἶχον
738 877 780 947 τά
801 878 975 968 ἀγάλματα
992 885 1030 949 έν
1050 886 1091 969 τῆ

80 980 190 1068 χάρη,
206 983 385 1049 ἐπιτελέειν
398 977 439 1048 τά
454 984 656 1066 συνέθεντο,
671 982 742 1048 ἐπεὶ
757 981 794 1048 δὲ
810 984 1011 1069 ἐστερῆσθαι
1025 978 1091 1047 αά-

79 1089 166 1165 τῶν,
182 1079 225 1148 οὐ
239 1085 362 1151 δίκαιοι
377 1080 462 1150 εἶναι
481 1079 668 1169 ἀποφέρειν
681 1087 746 1167 έτι,
761 1078 846 1150 ἀλλά
860 1078 940 1160 τούς
955 1087 1090 1165 ἔχοντας

80 1177 355 1268 αάτάΑίγινήτας
365 1180 578 1267 πρήσσεσθαι
589 1183 753 1249 ἐκέλευον.
771 1178 861 1266 πρὸς
870 1187 975 1248 ταῦτα
986 1176 1091 1264 Ἀθη-

80 1293 170 1347 ναῖοι
180 1282 367 1366 έςΑίγιναν
377 1280 567 1367 πέμψαντες
580 1278 738 1348 ἀπαίτεον
749 1278 791 1347 τά
801 1276 991 1365 ἀγάλματα·
1008 1282 1043 1344 οί
1052 1275 1090 1344 δὲ

79 1383 257 1465 Αἰγινῆται
273 1383 403 1464 ἔφασαν
420 1385 516 1465 σφίσι
535 1405 571 1445 τε
592 1381 648 1446 καί
664 1376 873 1464 Ἀθηναίοισι
888 1374 974 1444 εἶναι
987 1371 1089 1442 οὐδὲν

79 1481 225 1562 πρῆγμα.
265 1473 440 1562 Ἀθηναῖοι
455 1477 517 1562 μέν
534 1501 600 1545 νυν
616 1477 753 1562 λέγουσι
771 1472 854 1561 μετά
870 1472 932 1562 τήν
946 1471 1132 1559 ἀπαίτη-85

81 1592 137 1639 σιν
148 1570 375 1660 ἀποσταλῆναι
385 1573 518 1662 τριήρεϊ
526 1581 585 1663 μιῇ
595 1580 664 1641 τῶν
674 1571 786 1641 ἀστῶν
795 1573 947 1659 τούτους,
959 1579 994 1640 οἳ
1002 1569 1089 1639 ἀπο·

81 1672 294 1757 πεμφθέντες
308 1670 373 1741 ἀπὸ
394 1680 456 1741 τοῦ
470 1680 590 1740 κοινοῦ
605 1677 661 1740 καί
677 1669 877 1757 ἀπικόμενοι
894 1675 928 1750 ἐς
942 1681 1088 1757 Αίγιναν

80 1765 121 1836 τά
134 1765 308 1856 ἀγάλματα
320 1779 426 1840 ταῦτα
441 1768 485 1850 ὥς
500 1775 673 1857 σφετέρων
689 1771 799 1850 ξύλων
816 1767 914 1838 ἐόντα
922 1765 1090 1853 έπειρέον·

59 1932 62 1937 .
81 1897 117 1938 το
134 1873 170 1951 ἐκ
184 1877 253 1938 τῶν
263 1871 407 1959 βάθρων
417 1875 619 1957 ἐξανασπᾶν,
634 1874 691 1938 ἵνα
706 1875 794 1958 σφέα
808 1870 1086 1958 ἀνακομίσωνται.

82 1970 124 2038 υά
137 1972 348 2058 δυναμένους
361 1973 398 2042 δέ
410 1976 518 2066 τούτῳ
530 1981 576 2066 τῷ
588 1974 703 2065 τρόπῳ
715 1972 829 2042 αὐτῶν
841 1980 1012 2062 κρατῆσαι,
1027 1995 1089 2038 πε-

81 2069 282 2156 ριβαλόντας
296 2079 425 2158 σχοινία
436 2075 546 2142 ἕλκειν
555 2069 596 2140 τά
608 2070 799 2159 ἀγάλματα,
814 2078 874 2139 καί
881 2090 943 2157 σφι
954 2073 1090 2138 ἕλκουσι

80 2166 230 2255 βροντήν
242 2195 277 2237 τε
287 2173 341 2239 καί
350 2170 419 2258 ἅμα
431 2180 471 2261 τῇ
481 2178 607 2262 βροντῇ
617 2170 757 2258 σεισμὸν
768 2172 998 2257 ἐπιγενέσθαι·
1009 2164 1091 2245 τούς

82 2265 119 2331 δὲ
138 2273 306 2352 τριηρίτας
325 2266 404 2350 τούς
418 2273 577 2350 ἕλκοντας·
593 2268 661 2338 ὑπὸ
680 2270 811 2338 τούτων
826 2267 1089 2356 ἀλλοφρονῆσαι,

81 2364 255 2443 παθόντας
270 2366 306 2433 δὲ
320 2376 419 2437 τοῦτο
435 2376 579 2437 κτείνειν
596 2367 763 2456 ἀλλήλους
777 2365 836 2437 ἀτε
848 2373 1038 2452 πολεμίους,
1057 2366 1091 2443 ές

81 2462 102 2529 δ
113 2464 149 2531 εἰι
160 2462 298 2532 πάντων
309 2468 369 2533 ἕνα
379 2470 564 2552 λειφθέντα
575 2465 848 2554 ἀνακομισθῆναι
858 2462 964 2532 αὐτὸν
975 2461 1090 2541 έςΦά-

81 2570 194 2647 ληρον.
229 2559 403 2648 Ἀθηναῖοι
417 2566 479 2649 μέν
493 2590 560 2632 νυν
574 2564 814 2651 οὕτωλέγουσι
829 2566 1007 2649 γενέσθαι,
1024 2566 1089 2628 Ac·
1098 2571 1133 2627 8⁶

81 2666 214 2750 γινῆται
230 2662 267 2727 δὲ
288 2658 329 2728 οὐ
346 2668 406 2749 μιῆ
422 2667 480 2747 νηί
494 2660 676 2731 ἀπικέσθαι
694 2660 896 2748 Ἀθηναίους
911 2667 1007 2748 (μίαν
1026 2659 1090 2745 μέν

82 2752 147 2843 γάρ
163 2759 219 2824 καὶ
234 2752 336 2849 ὀλίγῳ
351 2766 499 2839 πλεῦνας
515 2768 608 2847 μιῆς,
628 2762 684 2829 καί
700 2769 734 2828 εί
743 2781 805 2845 σφι
819 2759 864 2846 μή
881 2765 1000 2846 ἔτυχον
1014 2760 1093 2826 ἐοῦ-

80 2874 139 2921 σαι
150 2857 234 2941 νέες,
242 2852 486 2942 ἀπαμύνασθαι
501 2854 545 2926 ἀν
560 2856 748 2944 εὐπετέως),
756 2855 842 2928 ἀλλά
854 2865 996 2946 πολλῇσι
1006 2882 1094 2941 νηυ-

82 2958 116 3022 σὶ
129 2954 310 3023 ἐπικλάειν
324 2976 385 3041 σφι
400 2958 453 3026 έπὶ
466 2956 530 3045 τήν
542 2958 674 3046 χώρην,
696 2956 792 3027 αὐτοὶ
807 2962 846 3027 δέ
863 2978 925 3045 σφι
941 2956 1022 3036 εἶξαι
1037 2957 1093 3023 καὶ

83 3050 126 3119 οὐ
137 3057 411 3141 διαναυμαχῆσαι.
425 3053 488 3124 οάκ
500 3064 612 3144 έχουσι
623 3059 660 3126 δὲ
666 3064 766 3126 τοῦτο
778 3062 980 3145 διασημῆναι
991 3053 1091 3142 ἀτρε-

81 3154 183 3237 κέως,
198 3150 276 3219 οὕτε
292 3159 323 3222 εί
335 3155 470 3233 ἕσσονες
484 3157 794 3243 συγγινωσκόμενοι
806 3154 892 3224 εἶναι
904 3162 945 3243 τῆ
956 3177 1089 3239 ναυμα-
1147 3206 1153 3215 .

83 3256 136 3339 χίη
150 3248 233 3319 κατὰ
248 3258 349 3321 τοῦτο
368 3250 476 3340 εἶξαν,
499 3252 577 3323 οὔτε
594 3261 624 3324 εί
642 3255 846 3343 βουλόμενοι
862 3259 998 3339 ποιῆσαι
1014 3245 1088 3318 οἶόν

81 3376 114 3417 τι
126 3352 182 3418 καί
194 3352 363 3439 έποίησαν.
383 3350 583 3440 Ἀθηναίους
597 3358 660 3441 μέν
674 3381 757 3442 νυν,
784 3352 897 3421 έπείτέ
907 3370 967 3438 σφι
979 3347 1089 3428 οὐδεὶς

81 3453 116 3528 ές
124 3450 236 3538 μάχην
246 3458 431 3543 κατίστατο,
442 3450 633 3545 ἀποβάντας
644 3452 710 3523 ἀπὸ
721 3460 791 3522 τῶν
801 3458 890 3521 νεάν
900 3453 1089 3539 τραπέσθαι
