2500 3925
339 273 421 329 ΗΒ.
448 271 487 326 vl
529 269 626 328 CAP.
659 275 855 338 8⁶‚4-92
1058 269 1100 330 99

94 443 261 518 εγίνοντο,
287 437 320 510 ἐς
336 438 454 498 πλοίου
476 426 575 517 ἐσβὰς
591 427 800 516 ἐκδιδρήσκει
822 431 858 497 ἐκ
877 437 934 518 τῆς
949 438 1099 520 Αἰγίνης,

94 527 159 599 σόν
178 533 217 597 δέ
231 532 265 597 οί
279 530 334 596 καί
355 525 448 595 ἄλλοι
471 528 594 594 ἐκτῶν
611 529 819 613 Αἰγινητέων
834 530 991 615 ἕσποντο,
1014 545 1099 598 τοῖσι
1157 611 1158 616 ¹

91 636 261 714 Αθηναῖοι
268 625 419 694 Σούνιον
430 629 561 710 οἰκῆσαι
573 629 702 692 ἔδοσαν.
717 625 877 694 ἐνθεῦτεν
888 627 925 694 δέ
934 619 1026 695 οὗτοι
1038 624 1084 711 ὁρ

91 728 248 816 μεόμενοι
263 728 388 813 ἐφερόν
401 752 436 795 τε
451 729 505 794 καί
515 718 602 813 ἦγον
613 721 692 804 τοὺς
703 727 740 794 έν
751 733 791 815 τῇ
802 726 894 819 νήσω
906 729 1095 815 Αἰγινήτας.

90 827 271 914 ταῦταμὲν
286 823 325 912 δή
343 824 486 912 ὕστερον
501 826 644 911 ἐγίνετο,
659 821 867 910 Αἰγινητέων
884 827 919 892 δὲ
935 831 968 893 οἰ
979 829 1096 914 παχέες
1113 838 1142 900 9ἰ

91 924 338 1003 ἐπαναστάντος
352 929 413 992 τοῦ
428 921 536 1011 δήμου
547 939 607 1007 σφι
619 919 687 1007 ἅμα
698 922 902 1015 Νικοδρόμῳ
916 925 1097 1013 ἐπεκράτη-

55 1069 59 1074 .
91 1045 166 1109 σαν,
183 1025 239 1092 καί
250 1025 377 1091 ἐπειτέν
389 1042 493 1108 σφεας
503 1021 743 1107 χειρωσάμενοι
756 1023 873 1108 ἐξῆγον
888 1019 1095 1102 ἀπολέοντες.

90 1118 156 1188 άπὸ
173 1121 296 1189 τούτου
311 1122 347 1189 δὲ
361 1123 415 1188 καί
427 1117 507 1205 άγος
519 1139 579 1206 σφι
594 1120 742 1206 ἐγένετο,
757 1117 794 1188 τό
807 1120 1019 1190 ἐκθύσασθαι
1035 1118 1097 1189 οὐκ

90 1214 159 1290 οἷοί
175 1247 211 1289 τε
226 1222 376 1306 ἐγίνοντο
395 1213 698 1307 ἐπιμηχανεόμενοι,
722 1215 796 1287 ἄλλ’
820 1223 977 1306 ἔφθησαν
998 1221 1097 1288 ἐκπε-

90 1320 206 1400 σόντες
220 1319 385 1408 πρότερον
400 1320 436 1386 ἐκ
448 1324 506 1406 τῆς
515 1321 623 1404 νήσου
635 1315 656 1404 ή
670 1337 731 1403 σφι
745 1320 846 1385 ἵλεων
862 1321 1020 1405 γενέσθαι
1035 1317 1097 1406 τήν

88 1419 185 1488 θεόν,
209 1419 425 1496 ἑπτακοσίους
440 1411 506 1505 γάρ
523 1412 563 1502 δή
582 1423 645 1483 τοῦ
662 1414 771 1502 δήμου
784 1418 1009 1506 ζωγρήσαντες
1023 1421 1096 1502 ἐξῆ-

89 1543 153 1604 γον
165 1512 209 1595 όις
224 1511 438 1602 ἀπολέοντες,
454 1509 500 1593 εἰς
511 1519 550 1581 δέ
560 1539 608 1592 τις
619 1515 750 1582 τούτων
765 1514 923 1603 ἐκφυγών
936 1515 976 1585 τά
992 1515 1095 1602 δεσμά

90 1612 294 1700 καταφεύγει
308 1608 393 1700 πρός
406 1610 566 1699 πρόθυρα
577 1611 756 1701 Δήμητρος
770 1616 992 1704 θεσμοφόρον
999 1667 1008 1701 ,
1025 1618 1097 1686 ἐπι-

92 1713 276 1803 λαβόμενος
287 1711 323 1780 δέ
334 1719 403 1780 τῶν
413 1711 670 1799 ἐπισπαστήρων
682 1721 801 1798 είχετο.
822 1717 856 1781 οἰ
865 1715 901 1782 δέ
915 1715 1022 1807 ἐπείτε
1040 1739 1097 1800 μιν

92 1811 283 1884 άποσπάσαι
298 1810 361 1880 οὐκ
379 1807 447 1880 οἷοί
456 1837 492 1879 τε
506 1808 706 1891 ἀπέλκοντες
719 1814 886 1901 ἐγίνοντο,
900 1809 1097 1894 άποκόιγαν-

90 1939 142 1993 τες
158 1910 263 1982 αὐτοῦ
278 1909 336 1991 τάς
348 1926 460 1999 χεῖρας
470 1902 556 1998 ήγον
571 1907 676 1999 οὕτω,
691 1924 797 1999 χεῖρες
811 1913 847 1979 δὲ
859 1912 982 1980 ἐκεῖναι
997 1913 1097 1999 ἐμπε-

89 2026 232 2102 φυκυῖαι
244 2004 332 2102 ἦσαν
345 2026 429 2080 τοῖσι
446 2013 694 2100 ἐπισπαστῆρσι.
719 2017 831 2079 Ταῦτα
841 2014 902 2099 μέν
914 2039 980 2081 νυν
991 2014 1095 2099 σφέας
1111 2023 1144 2079 92

89 2109 214 2192 αιἐτοδς
235 2117 270 2181 οί
281 2116 456 2198 Αἰγινῆται
476 2109 678 2198 ἐργάσαντο,
697 2106 903 2197 Ἀθηναίοισι
927 2112 962 2179 δὲ
977 2109 1097 2198 ήκουσι

89 2210 326 2299 ἐναυμάχησαν
336 2214 435 2297 νηυσὶ
448 2209 686 2298 ἑβδομήκοντα,
699 2211 902 2291 ἑσσωθέντες
913 2211 949 2279 δὲ
961 2219 1001 2302 τῇ
1012 2238 1097 2280 ναυ-

86 2318 189 2402 μαχίη
205 2312 422 2379 ἐπεκαλέοντο
435 2312 515 2392 τοδς
528 2305 653 2391 αάτοδς
666 2306 746 2390 τοδς
759 2308 814 2377 καί
829 2308 1003 2399 πρότερον,
1020 2304 1097 2398 Ἀρ-

87 2420 210 2499 γείους.
220 2411 276 2479 καὶ
284 2410 326 2497 δή
336 2404 562 2499 σφιοότοιμδν
571 2409 684 2480 οόκέτι
693 2410 872 2497 βωθέονσι,
880 2410 1097 2498 μεμφόμενοι,

88 2513 140 2581 ότι
158 2515 330 2597 Αἰγιναῖαι
347 2511 422 2589 νέες
439 2508 569 2600 ἀνάγκη
588 2518 792 2596 λαμφθεῖσαι
808 2506 877 2577 ’δπδ
892 2509 1097 2596 Κλεομένεος

90 2620 189 2700 ἔσχον
197 2636 233 2679 τε
243 2612 276 2690 ἐς
285 2606 529 2698 τήνἈργολίδα
542 2608 655 2697 χεόμην
669 2609 726 2676 καὶ
740 2610 979 2697 συναπέβησαν
986 2617 1096 2679 Λακε-

89 2717 306 2801 δαιμονίοισι·
325 2710 563 2797 συναπέβησαν
577 2710 614 2778 δέ
628 2708 683 2797 καὶ
698 2703 763 2776 άπδ
781 2714 994 2779 Σικυωνιέων
1007 2715 1095 2781 νεῶν

89 2814 209 2901 ἄνδρες
223 2813 262 2901 τῇ
274 2808 360 2901 αὐτῇ
373 2810 476 2901 ταότη
487 2813 619 2899 ἐσβολῇ.
646 2814 704 2877 καί
712 2830 769 2897 σφι
779 2805 1007 2899 ὑπ”Αργείων
1017 2814 1092 2881 έπε-

85 2915 196 3004 βλήθη
209 2919 320 3000 ζημίη,
339 2920 427 3000 χίλια
441 2913 588 2981 τάλαντα
602 2914 743 2996 ἐκτῖσαι,
763 2910 966 2979 πεντακόσια
981 2914 1094 2981 ἐκατέ-

87 3040 175 3099 ρους.
209 3011 395 3080 Σικυώνιοι
412 3014 474 3099 μέν
488 3037 554 3079 νυν
570 3009 774 3096 συγγνόντες
791 3006 946 3097 άδικῆσαι
963 3008 1093 3097 ὡμολό-

84 3132 193 3199 γησαν
208 3109 326 3178 ἑκατόν
339 3110 485 3191 τάλαντα
502 3113 689 3189 ἐκτίσαντες
700 3105 830 3197 άζήμιοι
843 3106 938 3196 εἶναι,
953 3114 1094 3195 Αἰγινῆ-

85 3234 138 3277 ται
155 3207 191 3276 δέ
205 3205 282 3276 οὔτε
298 3209 588 3296 συνεγινόσκοντο
614 3199 703 3296 ἦσάν
714 3232 749 3275 τε
761 3204 1013 3290 αὐθαδέστεροι.
1038 3205 1093 3274 διδ

86 3303 125 3394 δή
142 3312 245 3375 ταῦτα
266 3311 453 3395 δεομένοισι
474 3303 540 3377 άπὸ
556 3306 619 3395 μέν
635 3314 696 3377 τοῦ
711 3311 874 3393 δημοσίου
889 3303 1000 3385 ου’δείς
1017 3304 1092 3394 Ἀρ·

85 3414 186 3498 γείων
200 3414 247 3478 ε’τι
277 3408 423 3497 ἐβάθεε,
445 3411 618 3480 ἐθελονταὶ
636 3408 672 3477 δὲ
688 3410 720 3487 ἐς
735 3412 878 3494 χιλίους·
899 3397 961 3493 ἦγε
977 3408 1012 3475 δέ
1029 3403 1091 3475 αδ-

85 3504 163 3586 τοδς
171 3506 570 3599 στρατηγδςΕάρυβάτης,
577 3507 788 3577 πεντάεθλον
800 3502 996 3660 ἐπασκήσμς.
1012 3504 1086 3573 τοά·
