2500 3925
346 219 433 275 Llss.
465 218 511 274 οι.
543 220 819 280 cam-51.
1023 189 1115 282 οιε

49 373 227 445 Ἀσωποῦ
242 376 330 446 οὕτω
345 373 385 464 δῆ
399 378 451 444 ἐπὶ
460 376 524 462 τῆν
537 375 669 463 κρήνην
683 379 852 462 ἐφοίτεον·
874 378 1013 448 ἀπὸτοῦ
1023 403 1087 447 πο-

55 480 186 562 ταμοῦ
199 474 265 562 γόρ
277 496 338 562 σφι
350 471 413 544 οὐκ
425 477 503 561 ἐξῆν
513 471 607 560 ὕδωρ
623 475 808 561 φορέεσθαι
822 473 891 548 ὑπό
904 503 939 546 τε
950 484 1019 546 τῶν
1029 482 1086 557 ίπ-

58 575 166 644 τέων
184 578 239 644 καὶ
253 574 475 661 τοξευμάτων.

162 675 297 744 Τούτου
327 672 364 742 δὲ
386 671 544 742 τοιοότου
566 674 749 759 γινομένου
775 675 809 741 oc
829 679 898 741 τῶν
916 670 1129 760 Ἑλλήνωνσο

60 779 271 862 στρατηγοί,
291 771 350 842 δι’τε
363 780 426 842 τοῦ
441 798 477 842 τε
492 771 614 852 ὕδατος
629 779 846 860 στερηθείσης
859 780 917 861 τῆς
931 783 1085 864 στρατιῆς

62 876 125 943 καὶ
136 871 209 942 ὑπό
221 880 280 961 τῆς
289 875 396 941 ἵππου
406 875 924 962 ταρασσομένης,συνελέχθησαν
935 877 1011 964 περὶ
1021 872 1084 944 αό-

63 978 139 1058 τῶν
154 997 193 1040 τε
207 970 338 1040 τούτων
349 974 404 1041 καί
415 969 537 1057 ἄλλων,
550 971 709 1051 έίαδόυτες
720 969 811 1058 παρὰ
821 979 1021 1060 Παυσανίην
1032 975 1085 1042 ἐπὶ

66 1068 105 1138 τὰ
120 1066 237 1150 δεξιόν
247 1069 354 1158 κέρας.
371 1066 456 1139 ἄλλα
466 1065 531 1159 γὰρ
542 1068 674 1136 τούτων
684 1067 850 1137 τοιούτων
860 1068 987 1138 ἐόντων
998 1076 1084 1156 μᾶλ-

65 1168 132 1237 λόν
147 1188 256 1255 σφεας
271 1168 406 1238 ἐλύπεε·
429 1165 508 1237 οὔτε
518 1165 583 1256 γὰρ
594 1172 683 1236 σιτία
696 1164 785 1254 εἶχον
795 1172 861 1254 ἔτι,
877 1171 912 1235 οἵ
923 1170 962 1235 τέ
968 1186 1084 1255 σφεων

70 1269 213 1350 όπέουες
228 1267 506 1358 ἀποπεμφθέντες
521 1272 554 1348 ές
563 1269 828 1356 Πελοπόννησον
844 1266 888 1348 ὡς
904 1267 1085 1337 ἐπισιτιεύ-

70 1395 171 1443 ιιευοι
184 1366 408 1437 ἀποκεαλέατο
423 1365 490 1436 ὑπὸ
504 1374 562 1454 τῆς
576 1369 694 1454 ἵππον,
710 1362 753 1434 06
767 1366 952 1452 δυνάμενοι
966 1362 1084 1433 όπιιιέ·

70 1479 157 1538 σθαι
172 1470 206 1548 ίς
220 1465 256 1537 τό
272 1467 507 1555 στρατόπεδον.
527 1465 811 1551 Βουλευομένοισι
830 1464 867 1533 δὲ
881 1476 967 1532 τοῖσι
981 1482 1083 1552 στρα-
1092 1482 1124 1539 51

72 1581 205 1656 τηγοίσι
221 1571 329 1656 ἔδοξε,
352 1563 397 1656 ῆν
411 1565 670 1657 ὑπερβάλωνται
685 1568 817 1653 ἐκείνην
830 1563 892 1654 τῆν
908 1557 1036 1654 ἡμέρην
1051 1568 1086 1632 oc

72 1672 203 1758 Πέρσαι
216 1666 392 1757 συμβολὴν
405 1666 450 1757 μῆ
466 1668 679 1756 ποιεύμενοι,
694 1664 803 1754 έςτῆυ
820 1672 957 1754 υῆσονί
943 1667 1038 1735 ί.έναι
1060 1663 1082 1754 6

74 1772 114 1838 δέ
128 1765 231 1838 ἐστι’
212 1766 277 1837 απὸ
293 1775 355 1838 τοῦ
368 1766 518 1838 Ἀσωποῦ
530 1771 639 1837 καὶ
599 1794 657 1856 της
667 1766 795 1856 κρήνης
807 1773 1082 1854 τῆςΓαργαφίης,

77 1865 126 1937 ἐπ’
143 1895 165 1957 η
152 1859 503 1952 εστρατοπεδευοντο
522 1867 612 1953 τότε,
636 1869 716 1935 δέκα
731 1869 888 1945 σταδίους
901 1863 1081 1965 ἀπέχουσα

77 1968 139 2056 πρὸ
151 1995 208 2055 της
214 1970 411 2039 Πλαταιέων
421 1969 545 2049 πόλιος.
563 1975 666 2056 νῆσος
675 1966 768 2036 δἩ
725 1993 814 2036 ουτω
825 1962 869 2036 όν
880 1976 931 2055 εἴη
943 1961 1008 2037 ἐν’
988 1970 1085 2055 ηπεί-

77 2094 139 2159 οφ·
167 2066 389 2192 σγιζόμευος*
375 2096 393 2137 ο
415 2065 564 2155 ποταμός
580 2067 717 2136 όένωδευ
737 2071 774 2135 έκ
792 2092 854 2135 του
839 2072 1084 2154 Κιθαιρωνος

77 2171 143 2255 ῥέει
159 2165 248 2236 αότω
265 2165 346 2249 ές
311 2194 349 2237 το
367 2172 501 2256 πεδίον,
523 2164 677 2255 διέχων’
658 2191 704 2234 απ
710 2162 889 2254 ’ἀλλήλων
903 2190 944 2232 τα
932 2162 1086 2252 όέεθρα

78 2264 223 2351 ὅσονπερ
249 2272 324 2354 τρία
338 2266 476 2354 στέδια,
498 2269 553 2335 καὶ
569 2272 699 2335 ἔπειτεν
712 2268 892 2350 συμμίσγει
912 2263 945 2342 ές
958 2259 1084 2331 τώυτό·

78 2363 203 2451 οόυομα
218 2366 257 2434 δέ
269 2370 304 2435 oc
312 2363 443 2454 Ὠερόη.
466 2368 640 2453 θυγατέρα
655 2364 692 2433 δὲ
705 2363 832 2450 ταύτην
846 2362 982 2448 λέγουσι
999 2359 1085 2428 εἶναι

77 2460 223 2531 Ἀσωποῦ
238 2468 271 2531 oc
283 2464 465 2551 έπιχιόριοι.
490 2465 523 2541 ές
537 2470 660 2531 τοῦτον
675 2459 716 2548 δὴ
730 2459 792 2530 τὸν
802 2466 913 2549 χῶρον
924 2459 1086 2548 ἐβουλεό·

81 2580 177 2629 σαντα
188 2568 443 2649 μεταναστῆναι,
459 2564 517 2628 ἵνα
528 2564 583 2629 καὶ
595 2558 693 2628 ὕδατι
704 2565 801 2645 ἔχωσι
811 2563 959 2645 χρῆσθαι
970 2551 1077 2643 όφθό

82 2686 143 2751 νω,
156 2660 209 2729 καὶ
220 2662 254 2728 οί
266 2661 381 2739 ίππέες
396 2660 501 2745 σφέας
511 2684 556 2745 μη
545 2655 730 2741 σινοίατο,
746 2652 858 2741 ὥσπερ
870 2652 995 2722 κατοθδ
1008 2653 1084 2722 ἐόν-

82 2784 153 2827 των.
173 2759 430 2844 μετακινέεσθαί
443 2782 479 2825 τε
495 2757 609 2824 ἐδόκεε
623 2754 717 2841 τότε,
738 2750 895 2822 ἐπεὰν
854 2778 913 2841 της
926 2778 1049 2832 νυκτος
1061 2778 1085 2843 6

22 2863 24 2866 ’
84 2858 211 2943 δευτέρη
227 2852 423 2943 φυλακή
369 2906 379 2943 ,
400 2882 447 2934 ως
464 2850 508 2923 όν
524 2851 605 2941 μῆί
591 2858 660 2923 ίίδο
658 2878 717 2921 ατο
739 2856 774 2920 οί
786 2854 915 2939 Πέρσαι
929 2853 1078 2939 έξορμεο-

85 2958 196 3041 μένους
209 2958 268 3022 καί
281 2972 387 3041 σφεας
401 2954 559 3041 ἑπόμενοι
575 2955 776 3042 ταράσσοιεν
790 2954 824 3020 οί
836 2948 981 3019 ἱππόται.
1006 2947 1085 3018 ἄπι-

86 3055 226 3137 νομένων
243 3042 310 3121 δδέ
294 3054 328 3131 ς
342 3077 403 3120 τον
416 3059 529 3142 χοῖρον
543 3060 681 3140 τοῦτον,
696 3048 758 3120 τόν
772 3046 845 3137 δῆῆ
856 3046 997 3128 Ἀσωπίς
1008 3045 1090 3115 Ὠε-

34 3226 41 3235 ,
87 3150 143 3241 666
162 3155 374 3237 περισχίζεται
394 3154 518 3239 ῥέουσα
537 3155 574 3221 έιι
593 3158 655 3220 τοῦ
675 3155 910 3236 Κιθαιρῶνος,
934 3144 1001 3215 ὑπὸ
1021 3142 1084 3231 τῆν

87 3245 971 3370 νόιιταταότηνέδόιιεετούςῆμίσεαςόποστέλλειυτοῦ
981 3263 1084 3329 στρα

88 3348 216 3416 τοπέδου
227 3343 311 3431 πρὸς
321 3344 382 3416 τὸν
396 3344 646 3435 Κιθαιρωνα,“
622 3373 668 3425 ως
679 3343 752 3416 ἄνα
749 3344 883 3433 ίόβοιεν
893 3337 973 3421 τούς
983 3337 1083 3409 όπέο-

89 3471 142 3524 νας
158 3442 230 3524 τούς
249 3440 353 3511 ἐπὶ
315 3470 357 3513 τοι
378 3451 465 3515 σιτία
482 3447 693 3534 οίηομένους·
723 3435 866 3532 ἦσαν
825 3466 892 3529 γαρ
907 3442 944 3509 έν
956 3463 1004 3529 τη)
988 3442 1083 3507 'Kt-
