2500 3925
166 235 209 298 96
546 235 796 295 HERODOTI

158 394 341 484 ἐσβάλωσι.
369 402 474 462 ταῦτα
489 391 695 474 ἀκούσαντες
714 398 749 462 ot
762 399 938 483 Αἰγινῆται
960 402 1101 484 ἔσχοντο
1130 402 1203 485 τῆς

167 493 314 581 ἀγωγῆς,
342 490 502 581 ὁμολογίῃ
530 491 567 558 δὲ
591 490 771 579 ἐχρήσαντο
794 497 921 588 τοιῇδε,
949 495 1201 584 ἐπισπόμενον

72 634 74 643 ·
166 595 375 679 Λευτυχίδην
389 593 423 670 ἐς
439 589 585 678 Ἀθήνας
601 588 788 658 ἀποδοῦναι
802 595 1000 686 Αἰγινήτῃσι
1017 594 1103 676 τούς
1122 593 1199 663 ἄν·

117 708 151 763 86
168 696 258 780 δρας.
287 688 346 770 Ὡς
360 689 396 758 δέ
408 686 611 775 ἀπικόμενος
621 694 826 777 Λευτυχίδης
835 694 868 772 ἐς
878 691 936 772 τάς
947 690 1100 782 Ἀθήνας
1116 691 1196 762 ἀπ·

166 797 254 859 αίτεε
263 786 326 876 τὴν
340 789 560 876 παραθήκην,
576 793 611 856 οί
621 785 795 874 Ἀθηναῖοι
822 787 984 877 προφάσις
1009 788 1134 860 εἷλκον
1148 789 1197 860 ού

165 890 367 981 βουλόμενοι
384 887 588 977 ἀποδοῦναι,
605 887 730 976 φύντες
744 889 807 957 δύο
821 891 926 977 σφέας
946 892 1064 970 ἐόντας
1080 899 1195 980 βασι-

165 997 242 1071 λέας
253 993 470 1074 παραθέσθαι
481 994 538 1059 καὶ
548 987 590 1058 ού
601 993 757 1058 δικαιοῦν
769 996 815 1079 τῳ
827 993 925 1082 ἐτέρῳ
937 989 1022 1060 ἀνευ
1032 1000 1098 1060 τοῦ
1112 994 1193 1062 ε’τέ-

135 1112 150 1163 1
167 1115 231 1179 ρου
245 1086 454 1156 ἀποδιδόναι.
482 1084 525 1156 ού
540 1088 702 1175 φαμένων
721 1088 758 1155 δέ
778 1084 968 1156 ἀποδώσειν
986 1095 1056 1157 τῶν
1075 1087 1190 1175 Ἀθη-

166 1197 273 1260 ναίων
286 1191 378 1269 ἔλεξέ
388 1207 449 1274 σφι
459 1189 663 1272 Λευτυχίδης
677 1185 772 1254 τάδε·
789 1180 830 1252 Ὦ
840 1182 1032 1276 Ἀθηναῖοι,
1047 1190 1191 1256 ποιέετε

166 1295 229 1378 μέν
246 1287 387 1374 ὁκότερα
399 1287 568 1378 βούλεσθε
583 1283 683 1354 αὐτοί
687 1310 695 1326 ·
716 1281 849 1371 καὶγὰρ
864 1281 1088 1365 ἀποδιδόντες
1102 1309 1191 1353 ποι-

167 1395 236 1460 έετε
247 1388 333 1476 ὅσια,
349 1390 404 1457 καὶ
414 1385 459 1476 μη
471 1383 688 1464 ἀποδιδόντες
698 1383 739 1453 τὰ
750 1387 885 1454 ἐναντία
894 1387 1041 1455 τούτων·
1061 1384 1190 1456 ὁκοῖον

167 1493 280 1577 μέντοι
294 1513 325 1555 τι
338 1489 376 1556 ἐν
387 1493 428 1577 τῇ
438 1485 580 1574 Σπάρτῃ
590 1483 797 1571 συνηνείχθη
807 1485 967 1571 γενέσθαι
979 1489 1055 1570 περὶ
1068 1511 1189 1569 παρα-

166 1588 292 1676 θήκης,
308 1587 473 1676 βούλομαι
486 1583 567 1672 ὑμῖν
579 1582 676 1652 εἶπαι.
698 1588 839 1670 λέγομεν
853 1579 946 1672 ἡμεῖς
958 1589 993 1654 oc
1000 1591 1188 1672 Σπαρτιῆ-

166 1714 220 1754 ται
234 1689 394 1773 γενέσθαι
409 1688 447 1754 ἐν
459 1692 500 1774 τῇ
510 1687 735 1768 Λακεδαίμονι
749 1678 832 1749 κατὰ
846 1689 962 1770 τρίτην
976 1681 1104 1772 γενεὴν
1119 1681 1187 1770 τὴν

166 1781 224 1852 ἀπ’
242 1785 317 1871 ἐμέο
334 1789 490 1852 Γλαύκου
501 1779 693 1859 Ἐπικύδεος
706 1783 817 1849 παῖδα.
847 1788 970 1850 τοῦτον
984 1780 1046 1851 τόν
1068 1781 1186 1864 ἀνδρα

167 1885 279 1973 φαμέν
292 1882 334 1952 τά
344 1909 380 1951 τε
397 1882 481 1950 ἀλλα
496 1881 606 1948 πύντα
621 1880 793 1969 περιήκειν
802 1877 844 1948 τὰ
855 1873 980 1971 πρῶτα,
996 1886 1052 1952 καὶ
1064 1880 1108 1971 δὴ
1128 1887 1186 1951 καὶ

166 1983 305 2053 ἀκούειν
317 1981 436 2067 ἀριστα
449 1982 666 2068 δικαιοσύνης
680 1982 755 2064 πέρι
771 1980 924 2070 πάντων,
941 1981 1016 2051 ὅσοι
1031 1980 1098 2071 τὴν
1107 1990 1185 2053 Λα·

166 2089 348 2170 κεδαίμονα
361 2090 484 2150 τοῦτον
497 2080 558 2150 τόν
571 2082 696 2167 χρόνον
710 2088 833 2148 οίκεον,
861 2089 1128 2169 συνενειχθῆναι
1147 2086 1186 2151 δέ

167 2186 201 2250 οί
212 2184 250 2250 ἐν
267 2186 376 2272 χρόνῳ
396 2181 581 2269 ίκνεομέυῳ
600 2179 680 2246 τάδε
699 2180 857 2267 λέγομεν,
881 2180 990 2267 ἀνδρα
1004 2182 1185 2270 Μιλήσιον

167 2278 374 2367 ἀπικόμενον
391 2281 424 2358 ἐς
439 2277 604 2364 Σπάρτην
616 2277 807 2365 βούλεσθαί
817 2285 850 2348 οί
863 2284 977 2350 ἐλθεῖν
992 2286 1025 2363 ἐς
1040 2282 1182 2371 λόγους,

166 2378 411 2465 προισχόμενον
428 2376 559 2445 τοιάδε·
587 2378 666 2463 Εἰμὶ
685 2376 749 2463 μὲν
762 2380 947 2470 Μιλήσιος,
967 2380 1040 2470 ἥκω
1061 2385 1099 2452 δέ
1120 2394 1184 2472 τῆς

165 2484 235 2563 σῆς,
243 2483 386 2564 Γλαῦκε,
394 2475 611 2563 δικαιοσύνης
620 2477 828 2565 βουλόμενος
837 2478 1036 2552 ἀπολαῦσαι.
1053 2481 1101 2564 ὡς
1110 2483 1181 2571 γὰρ

165 2572 205 2660 δὴ
221 2571 287 2642 ἀνά
303 2582 415 2643 πᾶσαν
428 2576 491 2661 μέν
501 2573 564 2661 τὴν
575 2574 842 2667 ἀλληνἙλλάδα,
855 2582 892 2648 έν
903 2581 940 2650 δέ
950 2584 1005 2651 καί
1016 2587 1094 2668 περὶ
1105 2582 1180 2655 Ἰω-
1248 2594 1249 2636 ί

164 2678 242 2757 νίην
255 2678 313 2758 τῆς
323 2679 383 2758 σῆς
394 2674 610 2758 δικαιοσύνης
620 2667 665 2761 ἦν
678 2673 777 2760 λόγος
787 2673 928 2767 πολλός,
944 2683 1099 2773 ἐμεωυτῷ
1115 2684 1180 2753 λό-
1247 2696 1248 2774 λ

163 2798 245 2860 γους
260 2773 395 2841 ἐδίδουν
409 2777 463 2841 καὶ
476 2772 527 2841 ὅτι
538 2774 752 2853 ἐπικίνδυνός
766 2777 834 2844 ἐστι
846 2783 913 2847 αίεί
924 2806 1001 2849 κοτε
1019 2780 1039 2869 ἡ
1053 2781 1176 2872 Ἰωνίη,
1246 2834 1247 2847 2

162 2869 182 2959 η
199 2869 235 2939 δέ
251 2869 511 2955 Πελοπόννησος
526 2870 701 2959 ἀσφαλέως
716 2876 896 2961 ίδρυμένη,
913 2880 968 2945 καί
985 2879 1073 2946 διότι
1089 2884 1175 2967 χρή-

161 2996 248 3057 ματα
262 2965 394 3055 ούδαμά
408 2965 488 3048 τούς
507 2966 632 3050 αύτούς
647 2976 715 3040 ἔστι
737 2966 822 3055 ὁρᾶν
841 2977 985 3058 ἔχοντας.
1015 2978 1122 3044 ταῦτά
1140 3008 1176 3049 τε
1245 2956 1246 3050 ἀ

162 3062 212 3135 όν
232 3070 459 3160 ἐπιλεγομένῳ·
477 3071 533 3139 καί
548 3073 785 3161 βουλευομένῳ
805 3074 900 3151 ἔδοξέ
911 3098 968 3159 μοι
990 3073 1032 3143 τὰ
1053 3073 1173 3163 ἡμίσεα

161 3167 268 3253 πόσης
278 3173 335 3252 τῆς
348 3163 463 3254 ούσίης
474 3170 752 3255 ἐξαργυρώσαντα
765 3172 890 3239 θέσθαι
902 3170 993 3260 παρά
1007 3176 1055 3261 σέ,
1070 3170 1108 3245 εὖ
1120 3180 1169 3259 ἐξ·
1243 3210 1244 3219 ’

162 3266 384 3354 επισταμένῳ,
401 3263 446 3344 ὥς
459 3292 516 3351 μοι
531 3274 667 3353 κείμενα
683 3274 773 3337 ἔσται
788 3265 879 3357 παρά
894 3272 947 3339 σοὶ
965 3270 1037 3342 σόα.
1069 3273 1112 3344 σύ
1129 3274 1171 3368 δή
1242 3224 1244 3335 ἀ

161 3384 217 3444 μοι
230 3360 285 3426 καὶ
301 3357 341 3426 τά
355 3362 504 3449 χρήματα
519 3368 608 3445 δέξαι
622 3370 678 3435 καί
692 3366 771 3435 τάδε
784 3364 825 3434 τά
844 3368 997 3457 σύμβολα
1012 3380 1095 3457 σῶζε
1107 3384 1167 3445 λα·

161 3454 248 3540 βιόν·
271 3454 308 3534 ὃς
326 3456 357 3524 δ’
374 3455 419 3525 ἀν
439 3467 523 3547 ἐχων
542 3472 647 3532 ταῦτα
667 3462 823 3556 ἀπαιτέῃ,
845 3467 953 3559 τούτῳ
967 3466 1165 3545 ἀποδοῦναι.
