2500 3925
278 320 319 361 ,·
357 274 443 332 ιιο.
475 273 497 332 λ
531 275 630 335 cm.
666 279 839 342 ιον-ιιι
1062 271 1104 342 87

93 432 155 528 τὴν
168 431 346 526 στρατιὴν,
362 439 398 508 ολ
407 437 575 516 Φωκαιέες
589 437 626 505 έν
640 435 746 525 τούτῳ
761 439 1030 521 κατασπάσαντες
1045 437 1104 522 τάς

91 539 396 624 πεντηκοντέρους,
412 537 589 620 ἐσθέμενοι
602 537 701 602 τέκνα
712 537 766 602 καλ
781 551 942 622 γυναῖκας
960 541 1014 607 καὶ
1029 543 1104 607 έπι-

92 644 157 705 πλα
178 637 308 723 πάντα,
330 634 414 725 πρὸς
432 638 468 705 δέ
488 639 543 705 καλ
565 633 605 704 τά
625 633 799 722 ἀγάλματα
813 633 854 705 τά
871 640 908 707 έιι
928 643 995 706 τῶν
1018 642 1123 727 ίρῶυ·

92 740 148 804 καλ
167 734 209 804 τά
230 734 315 804 ἀλλα
332 733 550 824 ἀναθήματα,
572 737 671 821 χωρὶς
694 731 762 802 ότι
782 728 942 822 χαλκόςῆ
963 739 1059 814 λίθος
1081 729 1101 822 ἢ

92 832 206 923 γραφὴ
222 827 282 924 ἦν,
299 832 340 903 τά
355 835 392 904 δὲ
408 833 492 904 ἀλλα
507 833 617 902 πάντα
633 836 786 914 ἐσθέντες
801 837 855 903 καλ
869 831 964 903 αὐτοὶ
979 835 1102 920 έσβάν·

91 961 144 1014 τες
158 941 291 1002 ἔπλωον
307 936 359 1003 έπλ
371 941 474 1003 Κίου·
497 930 559 1020 τὴν
570 933 606 1002 δὲ
617 933 779 1001 Φύκαιαυ
794 936 1027 1022 ἐρημωθεῖσαν
1040 927 1103 999 ἀν·

90 1037 184 1119 δρῶν
197 1037 296 1119 ἔσχον
308 1036 342 1102 ot
350 1037 486 1121 Πέρσαι.
523 1037 567 1101 Οί
579 1031 615 1100 δὲ
630 1035 814 1120 Φωκαιέες,
830 1035 903 1102 έπεί
910 1034 949 1102 τέ
956 1050 1017 1118 σφι
1028 1039 1104 1104 Κῖοι
1119 1049 1171 1108 166

89 1129 148 1211 τάς
172 1131 298 1219 νήσους
321 1130 379 1213 τάς
397 1133 586 1212 Οἰνούσσας
611 1134 813 1219 καλεομένας
835 1130 897 1202 οὐκ
920 1132 1101 1221 ἐβούλοντο

89 1233 314 1318 κινεομένοισι
329 1235 473 1302 πωλέειν
487 1238 731 1320 δειμαίνοντες,
748 1229 792 1320 μὴ
811 1237 848 1302 αί
862 1231 924 1320 μέν
939 1233 1102 1321 ἐμπόριον

88 1334 267 1419 γένωνται,
280 1328 301 1419 ἡ
317 1330 353 1400 δέ
364 1328 477 1428 αὐτῶν
489 1339 590 1419 νῆσος
601 1328 814 1420 ἀποκληισθῇ
824 1331 947 1401 τούτου
961 1335 1100 1418 εἵνεκεν,

87 1427 174 1518 πρός
196 1437 302 1498 ταῦτα
317 1435 353 1499 οί
365 1435 533 1511 Φωκαιέες
547 1434 739 1500 έστέλλουτο
757 1433 790 1511 ές
806 1431 953 1520 Κύρνον.
982 1433 1019 1500 έν
1036 1428 1100 1518 γάρ

87 1536 127 1618 τῇ
140 1529 269 1620 Κύρνῳ
285 1537 391 1598 εἴκοσι
407 1535 492 1599 ἔτεσι
510 1530 677 1618 πρότερον
692 1529 822 1598 τούτων
837 1534 873 1600 έκ
888 1535 1100 1619 θεοπροπίου

85 1625 318 1716 ἀνεστήσαντο
336 1630 454 1717 πόλιν,
470 1638 509 1720 τῇ
525 1628 655 1716 οὔνομα
672 1621 716 1717 ἦν
729 1626 870 1717 Ἀλαλίη.
903 1627 1101 1719 Ἀργαυθοέ-

87 1753 159 1807 νιος
172 1726 210 1796 δέ
222 1736 405 1815 τηνικαῦτα
423 1727 483 1819 ἤδη
500 1729 751 1816 ἐτετελευτήκεε.
775 1729 987 1818 στελλόμενοι
999 1733 1036 1799 δέ
1047 1731 1100 1800 έπλ

86 1827 148 1915 τὴν
171 1827 316 1915 Κύρνον
339 1837 453 1918 πρῶτα
477 1830 752 1908 καταπλεύσαντες
777 1831 809 1909 ές
840 1827 902 1918 τὴν
928 1829 1099 1916 Φώκαιαν,

86 1925 346 2014 κατεφόνευσαν
362 1935 429 1998 τῶν
442 1934 602 2020 Περσέων
623 1926 685 2017 τὴν
703 1925 876 2016 φυλακὴν,
897 1925 920 2016 αἲ
937 1926 1100 2017 ἐφρούρεε

85 2031 345 2117 παραδεξαμένη
366 2030 455 2117 παρά
474 2029 647 2118 Ἀρπάγου
663 2028 725 2117 τὴν
740 2030 858 2117 πόλιν,
880 2027 962 2116 μετά
979 2028 1032 2117 δέ,
1056 2024 1100 2109 ὡς

85 2126 189 2195 τοῦτό
212 2146 275 2213 σφι
299 2130 490 2218 ἐξέργαστο,
513 2130 713 2217 ἐποιήσαντο
731 2124 868 2214 ίσχυράς
889 2127 1034 2215 κατάρας
1054 2133 1100 2218 τῷ

86 2222 346 2319 ὑπολειπομένῳ
361 2230 495 2298 ἑαυτῶν
510 2236 571 2297 τοῦ
586 2228 718 2298 στόλου.
741 2225 825 2315 πρός
841 2228 878 2297 δὲ
893 2229 1031 2319 ταύτῃσι
1045 2228 1100 2296 καὶ

83 2323 222 2409 μύδρον
244 2325 403 2414 σιδήρεον
425 2327 701 2413 κατεπόντωσαν,
723 2328 778 2393 καλ
797 2322 932 2413 ἀμοσαν
953 2323 997 2415 μὴ
1020 2326 1100 2410 πρὶν

83 2424 117 2502 ές
129 2426 292 2496 Φώκαιαν
300 2428 400 2515 ἥξειν,
416 2422 525 2515 πρλνῆ
535 2426 596 2496 τόν
604 2424 736 2515 μύδρον
745 2432 864 2495 τούτου
874 2423 1096 2511 ἀναφανῆναι.

83 2524 322 2607 στελλομένων
343 2522 379 2591 δέ
399 2520 512 2593 αὐτῶν
534 2526 586 2591 έπλ
612 2520 676 2610 τὴν
696 2521 834 2605 Κύρνον
856 2518 939 2606 ὑπὲρ
965 2517 1099 2607 ἡμίσεας

84 2628 153 2690 τῶν
165 2618 282 2689 ἀστῶν
294 2628 391 2712 ἔλαβε
405 2624 515 2717 πόθος
525 2650 561 2693 τε
572 2627 627 2692 καὶ
642 2620 750 2702 οἶκτος
764 2628 821 2708 τῆς
835 2621 950 2701 πόλιος
961 2623 1015 2690 καὶ
1030 2626 1099 2688 τοῖν

84 2719 201 2810 ἠθέων
223 2729 282 2810 τῆς
301 2724 426 2812 χάρης,
448 2726 646 2813 ψευδόρκιοι
669 2726 705 2791 δὲ
726 2723 901 2811 γενόμενοι
921 2720 1099 2790 ἀπέπλωον

84 2820 194 2891 ὀπίσω
213 2822 247 2907 ές
261 2819 323 2911 τὴν
338 2823 507 2894 Φύκαιαν.
532 2823 616 2894 om
632 2822 797 2893 αὐτῶντὸ
816 2820 933 2912 όρκιον
950 2820 1099 2908 ἐφύλασ-

85 2941 165 3009 σον,
182 2919 364 3008 ἀερθέντες
379 2926 416 2991 έκ
430 2930 498 2990 τῶν
512 2925 728 2993 Οἰνουσσέων
739 2928 878 2991 έπλιιον.
912 2917 1036 2989 ’λλπείιε
1063 2922 1099 2987 δὲ
1117 2932 1169 2987 168

85 3022 118 3099 ές
134 3016 199 3106 τὴν
215 3013 357 3106 Κύρνον
371 3016 549 3109 ἀπίκοντο,
572 3031 687 3091 οίκεου
707 3028 804 3111 κοινῇ
824 3016 907 3108 μετά
927 3024 994 3087 τῶν
1013 3014 1099 3105 πρό-

84 3143 185 3202 τερον
201 3114 417 3205 ἀπικομένων
433 3118 486 3188 ἐπ’
504 3126 577 3188 έτεα
592 3124 707 3206 πέντε,
724 3122 778 3187 καλ
795 3116 851 3205 ίρά
867 3115 1096 3203 ἐνιδρύσαντο.

85 3220 142 3293 καί
158 3210 245 3305 ἦγον
263 3216 328 3305 μάρ
351 3216 391 3305 δὴ
412 3221 467 3287 καὶ
488 3224 612 3307 ἔφερον
626 3217 706 3299 τούς
726 3223 917 3306 περιοίκους
937 3214 1097 3302 ἅπαντας,

85 3315 328 3402 στρατεύονται
354 3310 403 3384 ἀν
428 3315 480 3385 ἐπ’
508 3314 633 3397 αὐτούς
653 3324 757 3409 κοινῷ
784 3314 873 3406 λόγῳ
896 3313 1099 3401 χρησάμενοι

90 3416 260 3499 Τυρσηνοὶ
276 3416 331 3481 καλ
346 3416 572 3503 Καρχηδόνιοι
589 3417 688 3503 νηυσὶ
705 3414 855 3501 ἑκάτεροι
870 3415 1037 3503 ἑξήκοντα.
1066 3415 1101 3481 οί

88 3514 125 3580 δὲ
146 3514 316 3592 Φωκαιέες
340 3515 577 3601 πληρώσαντες
600 3517 655 3582 καλ
678 3508 772 3580 αὐτοὶ
795 3510 834 3579 τά
857 3521 973 3594 πλοῖα,
1001 3510 1102 3579 έόντα
