2500 3925
167 209 208 276 10
274 275 275 278 ,
544 207 797 265 HERODOTI

167 369 248 440 αὐτό
273 378 372 440 τοῦτο
400 375 431 438 οί
453 364 734 451 ἀντιθευσόμενοι
754 362 923 453 Ἑλλήνων
944 366 1081 454 ἔξεργόν
1102 393 1174 452 μιν,

167 469 313 557 φάμενοι
340 466 381 536 οὐ
402 465 584 556 βαρβάρων
610 461 822 550 ἀγωνιστέων
849 461 934 531 εἶναι
958 462 1019 532 τόν
1046 462 1174 552 ἀγῶνα,

167 569 247 640 ἀλλ’
261 568 439 656 Ἑλλήνων.
481 564 696 651 Ἀλέξανδρος
709 566 746 632 δὲ
760 561 871 651 ἐπειδή
887 562 1040 653 ἀπέδεξε,
1062 562 1107 648 ὡς
1122 575 1173 650 εἴη

163 666 324 755 Ἀργεῖος,
340 670 458 756 έκρίδη
472 690 508 732 τε
519 659 752 749 εἶναιἝλληυ,
766 665 822 730 καὶ
832 659 1077 750 ἀγωνιζόμενος
1090 659 1174 730 στά-

168 773 242 837 διον
263 768 480 846 συνεξέπιπτε
500 768 546 853 τῷ
567 762 698 853 προέτω.
721 768 827 829 ταῦτα
846 763 909 848 μέν
930 788 997 829 νυν
1018 760 1109 831 ούτω
1129 790 1173 849 κη

166 869 306 952 ἐγένετο.

115 975 151 1028 νδ
252 961 450 1051 Μεγάβαζος
465 963 501 1028 δὲ
518 958 611 1047 άγων
627 958 707 1039 τούς
722 965 872 1039 Παίονας
886 958 1021 1028 ἀπίκετο
1041 962 1095 1029 έπλ
1111 957 1173 1028 τδν

159 1061 422 1150 Ἑλλήσποντον,
451 1062 613 1128 ἐνθεῦτεν
637 1059 674 1126 δέ
699 1061 955 1145 διαπεραιωθεὶς
975 1055 1111 1126 ἀπίκετο
1139 1061 1173 1134 ές

165 1162 301 1250 Σάρδις.
332 1157 389 1228 άτε
410 1159 446 1227 δὲ
464 1159 648 1245 τειχέοντος
666 1157 730 1244 ήδη
745 1154 901 1226 Ἱστιαίου
921 1182 983 1224 του
968 1161 1173 1240 Μιλησίου

163 1269 225 1356 τήν
242 1295 330 1358 παρα
320 1265 495 1358 Λαρείον
513 1263 649 1352 αἰτήσας
666 1272 760 1353 ἔτυχε
769 1259 923 1348 δωρεην
919 1263 1044 1331 μισθὸν
1059 1267 1166 1346 φυλα·

165 1373 223 1457 τῆς
234 1372 291 1458 τής
303 1374 448 1457 σχεδίης,
464 1365 572 1447 ἐόντος
587 1367 624 1436 δὲ
638 1367 696 1487 τρῦ
709 1359 818 1452 χύρου
827 1359 945 1434 τούτου
957 1357 1089 1450 παρά
1057 1369 1169 1446 Στρυ-

165 1468 251 1560 μόνα
279 1465 442 1558 ποταμόν,
472 1471 517 1561 τῷ
542 1462 670 1555 οὐνομά
699 1467 767 1534 ἐστι
776 1459 980 1582 Μύρκινος,
1007 1457 1128 1549 μαθων
1152 1486 1169 1526 ο

168 1567 362 1658 Μεγάβαζος
390 1566 427 1638 τὸ
450 1565 649 1656 ποιεύμενον
671 1568 708 1634 έκ
732 1567 792 1638 τοῦ
816 1557 986 1642 ’,Ιστιαίου
1018 1588 1062 1641 ως
1084 1550 1171 1646 ἦλθε

164 1687 299 1775 τάχιστα
312 1682 392 1765 ές
355 1711 414 1763 τας
424 1676 585 1770 Σάρδις”
563 1703 656 1765 αγων
665 1670 745 1753 τούς
755 1676 920 1758 Παίονας,
932 1675 1023 1755 ἔλεγε
1034 1669 1170 1753 Δαρείω

162 1786 259 1854 τάδε·
286 1777 326 1851 ίδ
343 1788 494 1872 βασιλεῦ,
510 1777 606 1847 κοίόν
619 1802 652 1844 τι
664 1780 773 1862 χρῆμα
789 1774 961 1856 ἐποίησας,
976 1764 1074 1850 άνδρὶ
1091 1761 1171 1831 Ἕλ-

164 1893 241 1970 ληνι
269 1885 367 1973 δεινῷ
392 1907 428 1949 τε
454 1881 509 1947 καὶ
534 1881 630 1968 σοφῷ
651 1870 732 1950 δούς
757 1867 983 1956 έγκτήσασθαι
1005 1863 1106 1932 πόλιν
1135 1861 1172 1926 έν

166 1984 343 2071 Θρηίκη,”
328 2007 384 2047 ινα
395 1984 448 2067 ίδη
460 2005 495 2046 τε
510 1971 764 2095 νανπήγήσιμός
774 1974 842 2037 έστι
856 1965 1010 2053 άφθονος
1022 1964 1077 2031 καί
1088 1968 1171 2027 πολ-

165 2084 217 2151 λοὶ
233 2078 358 2156 κωπέες
372 2079 427 2146 καὶ
441 2072 618 2163 μέταλλα’
600 2071 766 2160 αργύρεα,
788 2066 904 2155 ὅμιλός
923 2090 959 2132 τε
973 2058 1096 2139 πολλός
1111 2059 1173 2144 μὲν

165 2178 287 2263 Ἕλλην
304 2179 499 2297 περιοικέει,
522 2170 645 2249 πολλὰς
668 2171 704 2237 δὲ
723 2167 911 2290 βάρβαρος,
933 2169 968 2230 οι
980 2157 1173 2246 προστάτεω

166 2276 401 2364 ἐπιλαβόμενοι
417 2275 597 2361 ποιήσουσι
611 2277 729 2355 τοῦτο,
749 2265 787 2335 τδ
804 2262 848 2333 άν
863 2268 988 2340 ἐκεῖνος
1002 2262 1171 2346 ἐξηγέηται

166 2380 221 2445 καὶ
235 2372 358 2493 ἡμέρης
372 2377 427 2442 καὶ
442 2373 582 2455 νυκτός;
602 2371 649 2439 σύ
664 2394 730 2437 νυν
743 2374 865 2436 τοῦτον
885 2360 946 2430 τὸν
961 2359 1070 2446 άνδρα
1083 2364 1175 2424 παῦ-

167 2474 242 2543 σον
249 2480 353 2540 ταῦτα
373 2479 549 2560 ποιεῦντα,
581 2474 639 2539 ἵνα
664 2467 709 2556 μή
735 2472 850 2557 οἰκηέω
875 2463 1008 2551 πολέμῳ
1034 2458 1174 2576 συνέχή·

167 2574 279 2662 τρόπω
294 2568 358 2639 δὲ’
340 2577 426 2662 ηπίω
438 2568 736 2657 μεταπεμψάμενος
747 2570 895 2632 παῦσον·
908 2556 1010 2628 ἐπεάν
1022 2558 1057 2623 δὲ
1069 2551 1176 2622 αὐτὸν

167 2671 364 2759 περιλάβης,
393 2672 537 2753 ποιέειν,
565 2666 653 2745 ὅκως
673 2671 789 2751 μηκέτι
812 2664 938 2737 ἐκεῖνος
963 2659 996 2735 ές
1012 2652 1176 2739 Ἕλληνας

116 2789 153 2845 24
168 2772 324 2851 ἀπίξεται.
373 2774 485 2835 Ταῦτα
502 2721 640 2852 λέγων’
625 2788 644 2831 ο
660 2759 824 2881 Μεγάβαζ
824 2784 859 2835 ος
876 2753 1037 2832 εὐπετέως
1059 2758 1176 2821 ἔπειθε

169 2881 332 2959 Δαρεῖον,
352 2863 396 2943 ὡς
412 2858 451 2931 εὐ
466 2865 640 2950 προορέων
656 2886 693 2927 το
682 2858 831 2945 μέλλον
845 2862 1011 2942 γίνεσθαι.
1040 2874 1122 2936 μετα
1110 2845 1176 2913 δὲ

169 2968 312 3055 άγγελον
326 2966 458 3050 πέμψας
472 2959 644 3047 ὁΔαρετος
661 2954 744 3036 ές
708 2982 771 3042 την
781 2954 964 3039 Μύρκινον
974 2956 1066 3035 ἔλεγε
1080 2945 1175 3014 τάδε

163 3068 308 3152 Ἱστιαῖε,
329 3058 489 3151 βασιλεὺς
507 3072 651 3148 Δαρεῖος
669 3058 750 3125 τάδε
770 3058 872 3141 λέγει·
901 3049 965 3139 ε’γω
989 3053 1176 3135 φροντίζων

170 3163 368 3251 εὑρίσκωέμ
370 3167 405 3230 οί
414 3187 451 3229 τε
469 3162 523 3228 καὶ
539 3170 623 3225 τοῖσι
640 3159 745 3242 έμοίσι
761 3151 931 3238 πρήγμασι
952 3142 1122 3215 οὐδένα
1092 3168 1176 3210 ειναι

170 3269 230 3331 σεῦ
247 3258 356 3346 άνδρα
370 3256 629 3373 εὐνοέστερον,
627 3258 726 3320 τοῦτο
742 3250 779 3317 δέ
796 3274 838 3315 ον
827 3246 998 3365 ’λήγοισι,
1026 3236 1100 3310 ἄλλ’
1120 3244 1177 3322 έρ-

169 3377 258 3444 γοισι
276 3356 349 3424 οίδα
366 3355 497 3443 μαθων.
520 3359 586 3420 νῦν
602 3378 667 3438 ων,
690 3348 830 3418 έπινοέω
843 3343 909 3465 γάρ
925 3342 1102 3430 πρήγματα
1116 3362 1177 3457 με

171 3449 256 3542 γάλα
270 3454 551 3543 κατεργάσασθαι,
577 3447 714 3517 άπικνέο
736 3474 794 3534 μοι
804 3468 948 3525 παντως,
960 3443 1018 3507 ινα
1028 3463 1080 3506 τοι
1091 3432 1177 3503 αὐτὰ
