<?xml version="1.0" encoding="UTF-8"?>
<!DOCTYPE html PUBLIC "-//W3C//DTD XHTML 1.0 Transitional//EN"
    "http://www.w3.org/TR/xhtml1/DTD/xhtml1-transitional.dtd">
<html xmlns="http://www.w3.org/1999/xhtml" xml:lang="en" lang="en">
 <head>
  <title>
</title>
<meta http-equiv="Content-Type" content="text/html;charset=utf-8" />
  <meta name='ocr-system' content='tesseract 3.04.00' />
  <meta name='ocr-capabilities' content='ocr_page ocr_carea ocr_par ocr_line ocrx_word'/>
</head>
<body>
  <div class='ocr_page' id='page_1' title='image "./herodotihistori00dietgoog_0228.png"; bbox 0 0 2500 3925; ppageno 0'>
   <div class='ocr_carea' id='block_1_1' title="bbox 1195 10 1227 209">
    <p class='ocr_par' dir='ltr' id='par_1_1' title="bbox 1195 10 1227 209">
     <span class='ocr_line' id='line_1_1' title="bbox 1195 10 1227 209; baseline 0 0"><span class='ocrx_word' id='word_1_1' title='bbox 1195 10 1227 209; x_wconf 85' lang='grc'>1</span> 
     </span>
    </p>
   </div>
   <div class='ocr_carea' id='block_1_2' title="bbox 185 252 814 316">
    <p class='ocr_par' dir='ltr' id='par_1_2' title="bbox 185 252 814 316">
     <span class='ocr_line' id='line_1_2' title="bbox 185 252 814 316; baseline 0.002 -2"><span class='ocrx_word' id='word_1_2' title='bbox 185 252 246 314; x_wconf 72' lang='lat'><strong><em>‘226</em></strong></span> <span class='ocrx_word' id='word_1_3' title='bbox 564 256 814 316; x_wconf 81' lang='lat' dir='ltr'>HERODOTI</span> 
     </span>
    </p>
   </div>
   <div class='ocr_carea' id='block_1_3' title="bbox 126 411 1227 3562">
    <p class='ocr_par' dir='ltr' id='par_1_3' title="bbox 126 411 1227 3562">
     <span class='ocr_line' id='line_1_3' title="bbox 185 411 1182 505; baseline 0.001 -21"><span class='ocrx_word' id='word_1_4' title='bbox 185 416 220 485; x_wconf 77' lang='grc' dir='ltr'><strong><em>δέ</em></strong></span> <span class='ocrx_word' id='word_1_5' title='bbox 241 414 320 484; x_wconf 86' lang='grc' dir='ltr'><strong><em>τάδε</em></strong></span> <span class='ocrx_word' id='word_1_6' title='bbox 340 411 400 483; x_wconf 78' lang='grc' dir='ltr'><strong><em>ὑπ’</em></strong></span> <span class='ocrx_word' id='word_1_7' title='bbox 423 412 536 483; x_wconf 77' lang='grc' dir='ltr'><strong><em>αὐτόν</em></strong></span> <span class='ocrx_word' id='word_1_8' title='bbox 553 412 766 501; x_wconf 76' lang='grc' dir='ltr'><strong><em>Ἀμμωνίων·</em></strong></span> <span class='ocrx_word' id='word_1_9' title='bbox 795 415 907 505; x_wconf 88' lang='grc' dir='ltr'><strong><em>ἐπειδή</em></strong></span> <span class='ocrx_word' id='word_1_10' title='bbox 929 420 965 485; x_wconf 84' lang='grc' dir='ltr'><strong><em>ἐκ</em></strong></span> <span class='ocrx_word' id='word_1_11' title='bbox 985 424 1043 504; x_wconf 86' lang='grc' dir='ltr'><strong><em>τῆς</em></strong></span> <span class='ocrx_word' id='word_1_12' title='bbox 1060 414 1182 496; x_wconf 85' lang='grc' dir='ltr'><strong><em>’Θάσιος</em></strong></span> 
     </span>
     <span class='ocr_line' id='line_1_4' title="bbox 183 509 1180 601; baseline -0.003 -18"><span class='ocrx_word' id='word_1_13' title='bbox 183 514 305 600; x_wconf 81' lang='grc' dir='ltr'><strong><em>ταύτης</em></strong></span> <span class='ocrx_word' id='word_1_14' title='bbox 328 515 413 582; x_wconf 84' lang='grc' dir='ltr'><strong><em>ἱέναι</em></strong></span> <span class='ocrx_word' id='word_1_15' title='bbox 434 509 489 581; x_wconf 82' lang='grc' dir='ltr'><strong><em>διά</em></strong></span> <span class='ocrx_word' id='word_1_16' title='bbox 512 518 570 599; x_wconf 79' lang='grc' dir='ltr'><strong><em>τῆς</em></strong></span> <span class='ocrx_word' id='word_1_17' title='bbox 592 511 732 599; x_wconf 75' lang='grc' dir='ltr'><strong><em>ψάμμου</em></strong></span> <span class='ocrx_word' id='word_1_18' title='bbox 753 514 805 581; x_wconf 86' lang='grc' dir='ltr'><strong><em>έπὶ</em></strong></span> <span class='ocrx_word' id='word_1_19' title='bbox 825 516 944 601; x_wconf 85' lang='grc' dir='ltr'><strong><em>σφέας,</em></strong></span> <span class='ocrx_word' id='word_1_20' title='bbox 972 516 1131 601; x_wconf 87' lang='grc' dir='ltr'><strong><em>γενέσθαι</em></strong></span> <span class='ocrx_word' id='word_1_21' title='bbox 1153 539 1180 581; x_wconf 88' lang='grc' dir='ltr'><strong><em>ιε</em></strong></span> 
     </span>
     <span class='ocr_line' id='line_1_5' title="bbox 184 608 1180 701; baseline -0.004 -19"><span class='ocrx_word' id='word_1_22' title='bbox 184 609 308 691; x_wconf 82' lang='grc' dir='ltr'><strong><em>αὐτοδς</em></strong></span> <span class='ocrx_word' id='word_1_23' title='bbox 322 609 445 698; x_wconf 80' lang='grc' dir='ltr'><strong><em>μεταξύ</em></strong></span> <span class='ocrx_word' id='word_1_24' title='bbox 459 621 533 679; x_wconf 84' lang='grc' dir='ltr'><strong><em>κου·</em></strong></span> <span class='ocrx_word' id='word_1_25' title='bbox 543 610 686 697; x_wconf 83' lang='grc' dir='ltr'><strong><em>μάλιστα</em></strong></span> <span class='ocrx_word' id='word_1_26' title='bbox 708 608 821 679; x_wconf 78' lang='grc' dir='ltr'><strong><em>αὐτῶν</em></strong></span> <span class='ocrx_word' id='word_1_27' title='bbox 842 637 877 680; x_wconf 90' lang='grc' dir='ltr'><strong><em>τε</em></strong></span> <span class='ocrx_word' id='word_1_28' title='bbox 896 615 952 681; x_wconf 81' lang='grc' dir='ltr'><strong><em>καὶ</em></strong></span> <span class='ocrx_word' id='word_1_29' title='bbox 970 619 1029 701; x_wconf 82' lang='grc' dir='ltr'><strong><em>τῆς</em></strong></span> <span class='ocrx_word' id='word_1_30' title='bbox 1047 609 1180 695; x_wconf 83' lang='grc' dir='ltr'><strong><em>Ὀάσιος,</em></strong></span> 
     </span>
     <span class='ocr_line' id='line_1_6' title="bbox 182 704 1180 798; baseline -0.004 -20"><span class='ocrx_word' id='word_1_31' title='bbox 182 708 320 798; x_wconf 84' lang='grc' dir='ltr'><strong><em>άριστον</em></strong></span> <span class='ocrx_word' id='word_1_32' title='bbox 331 709 368 777; x_wconf 73' lang='grc' dir='ltr'><strong><em>δὲ</em></strong></span> <span class='ocrx_word' id='word_1_33' title='bbox 378 709 600 797; x_wconf 78' lang='grc' dir='ltr'><strong><em>αἱρεομένοισι</em></strong></span> <span class='ocrx_word' id='word_1_34' title='bbox 615 704 746 777; x_wconf 84' lang='grc' dir='ltr'><strong><em>αι’ποϊσι</em></strong></span> <span class='ocrx_word' id='word_1_35' title='bbox 760 712 953 778; x_wconf 81' lang='grc' dir='ltr'><strong><em>ἐπιπνεῦσαι</em></strong></span> <span class='ocrx_word' id='word_1_36' title='bbox 967 709 1069 779; x_wconf 83' lang='grc' dir='ltr'><strong><em>νότον</em></strong></span> <span class='ocrx_word' id='word_1_37' title='bbox 1080 712 1180 797; x_wconf 89' lang='grc' dir='ltr'><strong><em>μέγαν</em></strong></span> 
     </span>
     <span class='ocr_line' id='line_1_7' title="bbox 178 806 1180 896; baseline -0.004 -19"><span class='ocrx_word' id='word_1_38' title='bbox 178 808 284 877; x_wconf 79' lang='grc' dir='ltr'><strong><em>τεκαὶ</em></strong></span> <span class='ocrx_word' id='word_1_39' title='bbox 301 809 463 893; x_wconf 80' lang='grc' dir='ltr'><strong><em>ἐξαίσιον,</em></strong></span> <span class='ocrx_word' id='word_1_40' title='bbox 484 810 651 894; x_wconf 82' lang='grc' dir='ltr'><strong><em>φορέοντα</em></strong></span> <span class='ocrx_word' id='word_1_41' title='bbox 672 806 708 876; x_wconf 74' lang='grc' dir='ltr'><strong><em>δὲ</em></strong></span> <span class='ocrx_word' id='word_1_42' title='bbox 727 816 829 887; x_wconf 81' lang='grc' dir='ltr'><strong><em>θὶνας</em></strong></span> <span class='ocrx_word' id='word_1_43' title='bbox 850 814 909 896; x_wconf 83' lang='grc' dir='ltr'><strong><em>τῆς</em></strong></span> <span class='ocrx_word' id='word_1_44' title='bbox 922 809 1062 896; x_wconf 79' lang='grc' dir='ltr'><strong><em>ψάμμου</em></strong></span> <span class='ocrx_word' id='word_1_45' title='bbox 1082 834 1180 875; x_wconf 88' lang='grc' dir='ltr'><strong><em>κατα-</em></strong></span> 
     </span>
     <span class='ocr_line' id='line_1_8' title="bbox 178 901 1177 996; baseline -0.004 -21"><span class='ocrx_word' id='word_1_46' title='bbox 178 910 285 994; x_wconf 79' lang='grc' dir='ltr'><strong><em>χαῑσαί</em></strong></span> <span class='ocrx_word' id='word_1_47' title='bbox 302 924 422 991; x_wconf 83' lang='grc' dir='ltr'><strong><em>σφεας,</em></strong></span> <span class='ocrx_word' id='word_1_48' title='bbox 447 906 503 972; x_wconf 76' lang='grc' dir='ltr'><strong><em>καὶ</em></strong></span> <span class='ocrx_word' id='word_1_49' title='bbox 529 902 642 995; x_wconf 81' lang='grc' dir='ltr'><strong><em>τρόπμ</em></strong></span> <span class='ocrx_word' id='word_1_50' title='bbox 662 904 803 996; x_wconf 75' lang='grc' dir='ltr'><strong><em>τοιούτῳ</em></strong></span> <span class='ocrx_word' id='word_1_51' title='bbox 820 901 1061 993; x_wconf 76' lang='grc' dir='ltr'><strong><em>ἀφανισθῆναι.</em></strong></span> <span class='ocrx_word' id='word_1_52' title='bbox 1106 902 1177 989; x_wconf 87' lang='grc' dir='ltr'><strong><em>Ἀμ-</em></strong></span> 
     </span>
     <span class='ocr_line' id='line_1_9' title="bbox 177 1000 1227 1097; baseline -0.002 -24"><span class='ocrx_word' id='word_1_53' title='bbox 177 1004 298 1094; x_wconf 83' lang='grc' dir='ltr'><strong><em>μόνιοι</em></strong></span> <span class='ocrx_word' id='word_1_54' title='bbox 319 1007 381 1089; x_wconf 72' lang='grc' dir='ltr'><strong><em>μὲν</em></strong></span> <span class='ocrx_word' id='word_1_55' title='bbox 403 1000 491 1071; x_wconf 69' lang='grc' dir='ltr'><strong><em>οὕτω</em></strong></span> <span class='ocrx_word' id='word_1_56' title='bbox 516 1006 652 1089; x_wconf 78' lang='grc' dir='ltr'><strong><em>λέγουσι</em></strong></span> <span class='ocrx_word' id='word_1_57' title='bbox 672 1006 831 1090; x_wconf 89' lang='grc' dir='ltr'><strong><em>γενέσθαι</em></strong></span> <span class='ocrx_word' id='word_1_58' title='bbox 851 1006 928 1092; x_wconf 78' lang='grc' dir='ltr'><strong><em>περὶ</em></strong></span> <span class='ocrx_word' id='word_1_59' title='bbox 950 1011 1008 1091; x_wconf 88' lang='grc' dir='ltr'><strong><em>τής</em></strong></span> <span class='ocrx_word' id='word_1_60' title='bbox 1031 1009 1180 1093; x_wconf 79' lang='grc' dir='ltr'><strong><em>στρατιῆς</em></strong></span> <span class='ocrx_word' id='word_1_61' title='bbox 1226 1090 1227 1097; x_wconf 16' lang='grc' dir='ltr'><strong><em>ρ</em></strong></span> 
     </span>
     <span class='ocr_line' id='line_1_10' title="bbox 133 1098 1227 1189; baseline -0.003 -17"><span class='ocrx_word' id='word_1_62' title='bbox 133 1102 308 1188; x_wconf 70' lang='grc' dir='ltr'><strong><em>νῑταάτης.</em></strong></span> <span class='ocrx_word' id='word_1_63' title='bbox 356 1098 559 1187; x_wconf 86' lang='grc' dir='ltr'><strong><em>Ἀπιγμέυου</em></strong></span> <span class='ocrx_word' id='word_1_64' title='bbox 579 1104 615 1169; x_wconf 81' lang='grc' dir='ltr'><strong><em>δέ</em></strong></span> <span class='ocrx_word' id='word_1_65' title='bbox 638 1100 829 1189; x_wconf 82' lang='grc' dir='ltr'><strong><em>Καμβύσεω</em></strong></span> <span class='ocrx_word' id='word_1_66' title='bbox 854 1104 888 1181; x_wconf 90' lang='grc' dir='ltr'><strong><em>ές</em></strong></span> <span class='ocrx_word' id='word_1_67' title='bbox 909 1104 1053 1189; x_wconf 83' lang='grc' dir='ltr'><strong><em>Μέμφιν</em></strong></span> <span class='ocrx_word' id='word_1_68' title='bbox 1075 1101 1178 1188; x_wconf 90' lang='grc' dir='ltr'><strong><em>ἐφάνη</em></strong></span> <span class='ocrx_word' id='word_1_69' title='bbox 1225 1098 1227 1169; x_wconf 73' lang='grc' dir='ltr'><strong><em>ί</em></strong></span> 
     </span>
     <span class='ocr_line' id='line_1_11' title="bbox 177 1172 1227 1287; baseline -0.002 -20"><span class='ocrx_word' id='word_1_70' title='bbox 177 1205 388 1287; x_wconf 78' lang='grc' dir='ltr'><strong><em>Αἰγυπτίοισι</em></strong></span> <span class='ocrx_word' id='word_1_71' title='bbox 416 1196 434 1266; x_wconf 90' lang='grc' dir='ltr'>ὁ</span> <span class='ocrx_word' id='word_1_72' title='bbox 455 1191 565 1285; x_wconf 81' lang='grc' dir='ltr'><strong><em>Ἀπις,</em></strong></span> <span class='ocrx_word' id='word_1_73' title='bbox 585 1195 647 1266; x_wconf 83' lang='grc' dir='ltr'><strong><em>τόν</em></strong></span> <span class='ocrx_word' id='word_1_74' title='bbox 663 1194 820 1287; x_wconf 78' lang='grc' dir='ltr'><strong><em>Ἕλληνες</em></strong></span> <span class='ocrx_word' id='word_1_75' title='bbox 835 1197 991 1285; x_wconf 80' lang='grc' dir='ltr'><strong><em>Ἔπαφον</em></strong></span> <span class='ocrx_word' id='word_1_76' title='bbox 1015 1201 1177 1268; x_wconf 80' lang='grc' dir='ltr'><strong><em>καλέουσι·</em></strong></span> <span class='ocrx_word' id='word_1_77' title='bbox 1222 1172 1227 1255; x_wconf 61' lang='grc' dir='ltr'><strong><em>δ</em></strong></span> 
     </span>
     <span class='ocr_line' id='line_1_12' title="bbox 177 1262 1227 1387; baseline -0.002 -22"><span class='ocrx_word' id='word_1_78' title='bbox 177 1299 356 1384; x_wconf 77' lang='grc' dir='ltr'><strong><em>ἐπιφανέος</em></strong></span> <span class='ocrx_word' id='word_1_79' title='bbox 380 1299 416 1365; x_wconf 77' lang='grc' dir='ltr'><strong><em>δὲ</em></strong></span> <span class='ocrx_word' id='word_1_80' title='bbox 442 1296 566 1365; x_wconf 79' lang='grc' dir='ltr'><strong><em>τούτου</em></strong></span> <span class='ocrx_word' id='word_1_81' title='bbox 591 1300 778 1383; x_wconf 89' lang='grc' dir='ltr'><strong><em>γενομένου</em></strong></span> <span class='ocrx_word' id='word_1_82' title='bbox 802 1294 932 1378; x_wconf 51' lang='grc' dir='ltr'><strong><em>αὐτίκα,</em></strong></span> <span class='ocrx_word' id='word_1_83' title='bbox 945 1302 979 1366; x_wconf 91' lang='grc' dir='ltr'><strong><em>οἱ</em></strong></span> <span class='ocrx_word' id='word_1_84' title='bbox 1003 1296 1176 1385; x_wconf 86' lang='grc' dir='ltr'><strong><em>Αἱγόπτιοι</em></strong></span> <span class='ocrx_word' id='word_1_85' title='bbox 1225 1262 1227 1387; x_wconf 59' lang='grc' dir='ltr'><strong><em>ή</em></strong></span> 
     </span>
     <span class='ocr_line' id='line_1_13' title="bbox 177 1388 1227 1483; baseline 0 -20"><span class='ocrx_word' id='word_1_86' title='bbox 177 1393 294 1480; x_wconf 81' lang='grc' dir='ltr'><strong><em>εἵματά</em></strong></span> <span class='ocrx_word' id='word_1_87' title='bbox 317 1420 353 1462; x_wconf 90' lang='grc' dir='ltr'><strong><em>τε</em></strong></span> <span class='ocrx_word' id='word_1_88' title='bbox 374 1393 520 1483; x_wconf 88' lang='grc' dir='ltr'><strong><em>ἐφόρεον</em></strong></span> <span class='ocrx_word' id='word_1_89' title='bbox 543 1390 584 1463; x_wconf 81' lang='grc' dir='ltr'><strong><em>τά</em></strong></span> <span class='ocrx_word' id='word_1_90' title='bbox 605 1393 766 1464; x_wconf 78' lang='grc' dir='ltr'><strong><em>κάλλιστα</em></strong></span> <span class='ocrx_word' id='word_1_91' title='bbox 786 1398 841 1464; x_wconf 87' lang='grc' dir='ltr'><strong><em>καὶ</em></strong></span> <span class='ocrx_word' id='word_1_92' title='bbox 863 1388 951 1482; x_wconf 89' lang='grc' dir='ltr'><strong><em>ήσαν</em></strong></span> <span class='ocrx_word' id='word_1_93' title='bbox 975 1397 1013 1465; x_wconf 89' lang='grc' dir='ltr'><strong><em>ἐν</em></strong></span> <span class='ocrx_word' id='word_1_94' title='bbox 1033 1402 1175 1483; x_wconf 79' lang='grc' dir='ltr'><strong><em>θαὶιήσι.</em></strong></span> <span class='ocrx_word' id='word_1_95' title='bbox 1225 1390 1227 1463; x_wconf 63' lang='lat'><strong><em>³,</em></strong></span> 
     </span>
     <span class='ocr_line' id='line_1_14' title="bbox 176 1489 1175 1583; baseline 0.003 -22"><span class='ocrx_word' id='word_1_96' title='bbox 176 1489 259 1561; x_wconf 79' lang='grc' dir='ltr'><strong><em>ι’δών</em></strong></span> <span class='ocrx_word' id='word_1_97' title='bbox 274 1495 310 1561; x_wconf 74' lang='grc' dir='ltr'><strong><em>δὲ</em></strong></span> <span class='ocrx_word' id='word_1_98' title='bbox 323 1499 427 1561; x_wconf 81' lang='grc' dir='ltr'><strong><em>ταῦτα</em></strong></span> <span class='ocrx_word' id='word_1_99' title='bbox 441 1491 522 1572; x_wconf 78' lang='grc' dir='ltr'><strong><em>τούς</em></strong></span> <span class='ocrx_word' id='word_1_100' title='bbox 535 1499 742 1579; x_wconf 81' lang='grc' dir='ltr'><strong><em>Αἰγυπτίους</em></strong></span> <span class='ocrx_word' id='word_1_101' title='bbox 759 1501 936 1573; x_wconf 80' lang='grc' dir='ltr'><strong><em>ποιεῦντας</em></strong></span> <span class='ocrx_word' id='word_1_102' title='bbox 951 1493 968 1562; x_wconf 86' lang='grc' dir='ltr'>ὁ</span> <span class='ocrx_word' id='word_1_103' title='bbox 985 1494 1175 1583; x_wconf 82' lang='grc' dir='ltr'><strong><em>Καμβύσης,</em></strong></span> 
     </span>
     <span class='ocr_line' id='line_1_15' title="bbox 175 1590 1177 1681; baseline 0.004 -23"><span class='ocrx_word' id='word_1_104' title='bbox 175 1590 285 1677; x_wconf 89' lang='grc' dir='ltr'><strong><em>πάγχυ</em></strong></span> <span class='ocrx_word' id='word_1_105' title='bbox 306 1592 411 1677; x_wconf 91' lang='grc' dir='ltr'><strong><em>σφέας</em></strong></span> <span class='ocrx_word' id='word_1_106' title='bbox 425 1590 608 1673; x_wconf 76' lang='grc' dir='ltr'><strong><em>καταδόξας</em></strong></span> <span class='ocrx_word' id='word_1_107' title='bbox 625 1596 754 1661; x_wconf 84' lang='grc' dir='ltr'><strong><em>ἑωυτοῦ</em></strong></span> <span class='ocrx_word' id='word_1_108' title='bbox 768 1600 878 1672; x_wconf 79' lang='grc' dir='ltr'><strong><em>κακῶς</em></strong></span> <span class='ocrx_word' id='word_1_109' title='bbox 894 1593 1083 1681; x_wconf 79' lang='grc' dir='ltr'><strong><em>πρήξαντος</em></strong></span> <span class='ocrx_word' id='word_1_110' title='bbox 1101 1620 1177 1681; x_wconf 88' lang='grc' dir='ltr'><strong><em>χαρ-</em></strong></span> 
     </span>
     <span class='ocr_line' id='line_1_16' title="bbox 175 1688 1172 1779; baseline 0.003 -21"><span class='ocrx_word' id='word_1_111' title='bbox 175 1689 308 1777; x_wconf 90' lang='grc' dir='ltr'><strong><em>μόσυνα</em></strong></span> <span class='ocrx_word' id='word_1_112' title='bbox 318 1695 422 1757; x_wconf 85' lang='grc' dir='ltr'><strong><em>ταῦτα</em></strong></span> <span class='ocrx_word' id='word_1_113' title='bbox 433 1694 571 1778; x_wconf 81' lang='grc' dir='ltr'><strong><em>ποιέειν,</em></strong></span> <span class='ocrx_word' id='word_1_114' title='bbox 586 1690 702 1760; x_wconf 76' lang='grc' dir='ltr'><strong><em>ἐκάλεε</em></strong></span> <span class='ocrx_word' id='word_1_115' title='bbox 712 1688 792 1771; x_wconf 82' lang='grc' dir='ltr'><strong><em>τούς</em></strong></span> <span class='ocrx_word' id='word_1_116' title='bbox 803 1690 1003 1779; x_wconf 81' lang='grc' dir='ltr'><strong><em>ἐπιτρόπους</em></strong></span> <span class='ocrx_word' id='word_1_117' title='bbox 1014 1698 1072 1779; x_wconf 81' lang='grc' dir='ltr'><strong><em>τῆς</em></strong></span> <span class='ocrx_word' id='word_1_118' title='bbox 1083 1696 1172 1779; x_wconf 83' lang='grc' dir='ltr'><strong><em>Μέμ-</em></strong></span> 
     </span>
     <span class='ocr_line' id='line_1_17' title="bbox 174 1785 1227 1878; baseline 0 -22"><span class='ocrx_word' id='word_1_119' title='bbox 174 1813 268 1877; x_wconf 87' lang='grc' dir='ltr'><strong><em>φιος,</em></strong></span> <span class='ocrx_word' id='word_1_120' title='bbox 283 1786 508 1875; x_wconf 73' lang='grc' dir='ltr'><strong><em>ἀπικομένους</em></strong></span> <span class='ocrx_word' id='word_1_121' title='bbox 523 1787 559 1857; x_wconf 76' lang='grc' dir='ltr'><strong><em>δδ</em></strong></span> <span class='ocrx_word' id='word_1_122' title='bbox 574 1791 608 1868; x_wconf 86' lang='grc' dir='ltr'><strong><em>ἐς</em></strong></span> <span class='ocrx_word' id='word_1_123' title='bbox 624 1785 704 1870; x_wconf 70' lang='grc' dir='ltr'><strong><em>ὅφιν</em></strong></span> <span class='ocrx_word' id='word_1_124' title='bbox 719 1797 843 1877; x_wconf 78' lang='grc' dir='ltr'><strong><em>εἱρετο,</em></strong></span> <span class='ocrx_word' id='word_1_125' title='bbox 860 1787 880 1857; x_wconf 84' lang='grc' dir='ltr'><strong><em>ό</em></strong></span> <span class='ocrx_word' id='word_1_126' title='bbox 892 1816 923 1857; x_wconf 92' lang='grc' dir='ltr'><strong><em>τι</em></strong></span> <span class='ocrx_word' id='word_1_127' title='bbox 938 1788 1106 1878; x_wconf 89' lang='grc' dir='ltr'><strong><em>πρότερον</em></strong></span> <span class='ocrx_word' id='word_1_128' title='bbox 1119 1790 1178 1875; x_wconf 72' lang='grc' dir='ltr'><strong><em>μὲν</em></strong></span> <span class='ocrx_word' id='word_1_129' title='bbox 1226 1856 1227 1877; x_wconf 32' lang='lat'>3</span> 
     </span>
     <span class='ocr_line' id='line_1_18' title="bbox 173 1878 1227 1976; baseline 0.001 -20"><span class='ocrx_word' id='word_1_130' title='bbox 173 1885 287 1967; x_wconf 79' lang='grc' dir='ltr'><strong><em>ἐόντος</em></strong></span> <span class='ocrx_word' id='word_1_131' title='bbox 307 1884 413 1955; x_wconf 81' lang='grc' dir='ltr'><strong><em>αὐτοῦ</em></strong></span> <span class='ocrx_word' id='word_1_132' title='bbox 434 1890 471 1955; x_wconf 93' lang='grc' dir='ltr'><strong><em>έν</em></strong></span> <span class='ocrx_word' id='word_1_133' title='bbox 494 1891 615 1975; x_wconf 88' lang='grc' dir='ltr'><strong><em>Μέμφι</em></strong></span> <span class='ocrx_word' id='word_1_134' title='bbox 638 1888 772 1955; x_wconf 81' lang='grc' dir='ltr'><strong><em>ἐποίευν</em></strong></span> <span class='ocrx_word' id='word_1_135' title='bbox 794 1894 927 1957; x_wconf 86' lang='grc' dir='ltr'><strong><em>τοιοῦτο</em></strong></span> <span class='ocrx_word' id='word_1_136' title='bbox 948 1885 1051 1957; x_wconf 79' lang='grc' dir='ltr'><strong><em>οὐδὲν</em></strong></span> <span class='ocrx_word' id='word_1_137' title='bbox 1071 1888 1177 1976; x_wconf 84' lang='grc' dir='ltr'><strong><em>Αίγό-</em></strong></span> <span class='ocrx_word' id='word_1_138' title='bbox 1226 1878 1227 1891; x_wconf 56' lang='grc'>’</span> 
     </span>
     <span class='ocr_line' id='line_1_19' title="bbox 174 1983 1177 2076; baseline 0.001 -23"><span class='ocrx_word' id='word_1_139' title='bbox 174 2009 281 2071; x_wconf 88' lang='grc' dir='ltr'><strong><em>πτιοι,</em></strong></span> <span class='ocrx_word' id='word_1_140' title='bbox 303 1985 376 2054; x_wconf 88' lang='grc' dir='ltr'><strong><em>τότε</em></strong></span> <span class='ocrx_word' id='word_1_141' title='bbox 392 1987 445 2073; x_wconf 76' lang='grc' dir='ltr'><strong><em>δὲ,</em></strong></span> <span class='ocrx_word' id='word_1_142' title='bbox 468 1989 538 2055; x_wconf 76' lang='grc' dir='ltr'><strong><em>ἐπεὶ</em></strong></span> <span class='ocrx_word' id='word_1_143' title='bbox 553 1983 656 2066; x_wconf 82' lang='grc' dir='ltr'><strong><em>αι’πδς</em></strong></span> <span class='ocrx_word' id='word_1_144' title='bbox 668 1993 788 2076; x_wconf 84' lang='grc' dir='ltr'><strong><em>παρείη</em></strong></span> <span class='ocrx_word' id='word_1_145' title='bbox 803 1994 861 2074; x_wconf 81' lang='grc' dir='ltr'><strong><em>τῆς</em></strong></span> <span class='ocrx_word' id='word_1_146' title='bbox 881 1994 1035 2076; x_wconf 81' lang='grc' dir='ltr'><strong><em>στρατιῆς</em></strong></span> <span class='ocrx_word' id='word_1_147' title='bbox 1049 1985 1177 2075; x_wconf 79' lang='grc' dir='ltr'><strong><em>πλῆθός</em></strong></span> 
     </span>
     <span class='ocr_line' id='line_1_20' title="bbox 173 2078 1177 2174; baseline 0.003 -25"><span class='ocrx_word' id='word_1_148' title='bbox 173 2108 203 2149; x_wconf 88' lang='grc' dir='ltr'><strong><em>τι</em></strong></span> <span class='ocrx_word' id='word_1_149' title='bbox 224 2078 415 2168; x_wconf 79' lang='grc' dir='ltr'><strong><em>ἀποβαλων.</em></strong></span> <span class='ocrx_word' id='word_1_150' title='bbox 439 2088 474 2153; x_wconf 94' lang='grc' dir='ltr'><strong><em>οἱ</em></strong></span> <span class='ocrx_word' id='word_1_151' title='bbox 491 2085 529 2153; x_wconf 74' lang='grc' dir='ltr'><strong><em>δέ</em></strong></span> <span class='ocrx_word' id='word_1_152' title='bbox 554 2091 715 2172; x_wconf 72' lang='grc' dir='ltr'><strong><em>ἔφραζον,</em></strong></span> <span class='ocrx_word' id='word_1_153' title='bbox 738 2083 783 2164; x_wconf 77' lang='grc' dir='ltr'><strong><em>τός</em></strong></span> <span class='ocrx_word' id='word_1_154' title='bbox 804 2105 864 2172; x_wconf 88' lang='grc' dir='ltr'><strong><em>σφι</em></strong></span> <span class='ocrx_word' id='word_1_155' title='bbox 884 2083 965 2166; x_wconf 79' lang='grc' dir='ltr'><strong><em>θεὸς</em></strong></span> <span class='ocrx_word' id='word_1_156' title='bbox 991 2096 1041 2174; x_wconf 85' lang='grc' dir='ltr'><strong><em>εἱη</em></strong></span> <span class='ocrx_word' id='word_1_157' title='bbox 1064 2088 1177 2174; x_wconf 79' lang='grc' dir='ltr'><strong><em>φανεὶς</em></strong></span> 
     </span>
     <span class='ocr_line' id='line_1_21' title="bbox 173 2177 1225 2284; baseline 0.002 -38"><span class='ocrx_word' id='word_1_158' title='bbox 173 2177 229 2248; x_wconf 82' lang='grc' dir='ltr'><strong><em>διά</em></strong></span> <span class='ocrx_word' id='word_1_159' title='bbox 243 2179 371 2266; x_wconf 87' lang='grc' dir='ltr'><strong><em>χρόνον</em></strong></span> <span class='ocrx_word' id='word_1_160' title='bbox 387 2189 515 2250; x_wconf 78' lang='grc' dir='ltr'><strong><em>πολλοῦ</em></strong></span> <span class='ocrx_word' id='word_1_161' title='bbox 535 2181 653 2262; x_wconf 79' lang='grc' dir='ltr'><strong><em>ἐωθός</em></strong></span> <span class='ocrx_word' id='word_1_162' title='bbox 667 2185 922 2270; x_wconf 81' lang='grc' dir='ltr'><strong><em>ἐπιφαίνεσθαι,</em></strong></span> <span class='ocrx_word' id='word_1_163' title='bbox 944 2185 999 2252; x_wconf 85' lang='grc' dir='ltr'><strong><em>καὶ</em></strong></span> <span class='ocrx_word' id='word_1_164' title='bbox 1016 2181 1062 2262; x_wconf 82' lang='grc' dir='ltr'><strong><em>ὡς</em></strong></span> <span class='ocrx_word' id='word_1_165' title='bbox 1077 2179 1177 2252; x_wconf 77' lang='grc' dir='ltr'><strong><em>ἐπεάν</em></strong></span> <span class='ocrx_word' id='word_1_166' title='bbox 1224 2213 1225 2284; x_wconf 61' lang='grc' dir='ltr'><strong><em>ρ</em></strong></span> 
     </span>
     <span class='ocr_line' id='line_1_22' title="bbox 173 2277 1225 2370; baseline 0.007 -26"><span class='ocrx_word' id='word_1_167' title='bbox 173 2286 283 2367; x_wconf 80' lang='grc' dir='ltr'><strong><em>φανῇ,</em></strong></span> <span class='ocrx_word' id='word_1_168' title='bbox 298 2279 372 2347; x_wconf 90' lang='grc' dir='ltr'><strong><em>τότε</em></strong></span> <span class='ocrx_word' id='word_1_169' title='bbox 387 2278 510 2360; x_wconf 85' lang='grc' dir='ltr'><strong><em>πάντες</em></strong></span> <span class='ocrx_word' id='word_1_170' title='bbox 523 2286 558 2350; x_wconf 90' lang='grc' dir='ltr'><strong><em>οἱ</em></strong></span> <span class='ocrx_word' id='word_1_171' title='bbox 565 2281 745 2368; x_wconf 85' lang='grc' dir='ltr'><strong><em>Αἱγόπτιοι</em></strong></span> <span class='ocrx_word' id='word_1_172' title='bbox 761 2281 978 2370; x_wconf 81' lang='grc' dir='ltr'><strong><em>κεχαρηκότες</em></strong></span> <span class='ocrx_word' id='word_1_173' title='bbox 994 2277 1174 2368; x_wconf 70' lang='grc' dir='ltr'><strong><em>ὁρτάζοιεν.</em></strong></span> <span class='ocrx_word' id='word_1_174' title='bbox 1224 2347 1225 2351; x_wconf 75' lang='grc'>,</span> 
     </span>
     <span class='ocr_line' id='line_1_23' title="bbox 172 2377 1174 2469; baseline -0.004 -22"><span class='ocrx_word' id='word_1_175' title='bbox 172 2386 275 2447; x_wconf 74' lang='grc' dir='ltr'><strong><em>ταῦτα</em></strong></span> <span class='ocrx_word' id='word_1_176' title='bbox 293 2377 440 2460; x_wconf 86' lang='grc' dir='ltr'><strong><em>άκοόσας</em></strong></span> <span class='ocrx_word' id='word_1_177' title='bbox 460 2378 679 2469; x_wconf 84' lang='grc' dir='ltr'><strong><em>ὁίίαμβόσης</em></strong></span> <span class='ocrx_word' id='word_1_178' title='bbox 693 2387 758 2468; x_wconf 81' lang='grc' dir='ltr'><strong><em>ἔφη</em></strong></span> <span class='ocrx_word' id='word_1_179' title='bbox 773 2381 963 2462; x_wconf 79' lang='grc' dir='ltr'><strong><em>ψεύδεσθαί</em></strong></span> <span class='ocrx_word' id='word_1_180' title='bbox 979 2399 1103 2468; x_wconf 84' lang='grc' dir='ltr'><strong><em>σφεας,</em></strong></span> <span class='ocrx_word' id='word_1_181' title='bbox 1123 2379 1174 2445; x_wconf 72' lang='grc' dir='ltr'><strong><em>καὶ</em></strong></span> 
     </span>
     <span class='ocr_line' id='line_1_24' title="bbox 126 2475 1177 2571; baseline -0.003 -23"><span class='ocrx_word' id='word_1_182' title='bbox 126 2505 162 2560; x_wconf 76' lang='lat'><strong><em>23</em></strong></span> <span class='ocrx_word' id='word_1_183' title='bbox 174 2477 219 2558; x_wconf 79' lang='grc' dir='ltr'><strong><em>ὥς</em></strong></span> <span class='ocrx_word' id='word_1_184' title='bbox 233 2481 462 2566; x_wconf 75' lang='grc' dir='ltr'><strong><em>ψευδομένους</em></strong></span> <span class='ocrx_word' id='word_1_185' title='bbox 475 2481 616 2571; x_wconf 78' lang='grc' dir='ltr'><strong><em>θανάτηι</em></strong></span> <span class='ocrx_word' id='word_1_186' title='bbox 632 2483 774 2567; x_wconf 77' lang='grc' dir='ltr'><strong><em>ἐζημίου.</em></strong></span> <span class='ocrx_word' id='word_1_187' title='bbox 816 2477 1027 2556; x_wconf 87' lang='grc' dir='ltr'><strong><em>Ἀποκτείνας</em></strong></span> <span class='ocrx_word' id='word_1_188' title='bbox 1045 2478 1081 2546; x_wconf 72' lang='grc' dir='ltr'><strong><em>δὲ</em></strong></span> <span class='ocrx_word' id='word_1_189' title='bbox 1098 2475 1177 2546; x_wconf 89' lang='grc' dir='ltr'><strong><em>τοό-</em></strong></span> 
     </span>
     <span class='ocr_line' id='line_1_25' title="bbox 170 2575 1223 2668; baseline -0.007 -20"><span class='ocrx_word' id='word_1_190' title='bbox 170 2605 250 2659; x_wconf 89' lang='grc' dir='ltr'><strong><em>τους</em></strong></span> <span class='ocrx_word' id='word_1_191' title='bbox 272 2577 412 2668; x_wconf 86' lang='grc' dir='ltr'><strong><em>δεάτερα</em></strong></span> <span class='ocrx_word' id='word_1_192' title='bbox 434 2576 514 2659; x_wconf 81' lang='grc' dir='ltr'><strong><em>τοδς</em></strong></span> <span class='ocrx_word' id='word_1_193' title='bbox 536 2581 626 2667; x_wconf 89' lang='grc' dir='ltr'><strong><em>ἱρέας</em></strong></span> <span class='ocrx_word' id='word_1_194' title='bbox 647 2578 762 2647; x_wconf 81' lang='grc' dir='ltr'><strong><em>ἐκάλεε</em></strong></span> <span class='ocrx_word' id='word_1_195' title='bbox 777 2580 811 2657; x_wconf 86' lang='grc' dir='ltr'><strong><em>ἐς</em></strong></span> <span class='ocrx_word' id='word_1_196' title='bbox 831 2575 920 2659; x_wconf 75' lang='grc' dir='ltr'><strong><em>όψιν.</em></strong></span> <span class='ocrx_word' id='word_1_197' title='bbox 953 2575 1125 2662; x_wconf 75' lang='grc' dir='ltr'><strong><em>λεγόντων</em></strong></span> <span class='ocrx_word' id='word_1_198' title='bbox 1140 2576 1175 2642; x_wconf 76' lang='grc' dir='ltr'><strong><em>δὲ</em></strong></span> <span class='ocrx_word' id='word_1_199' title='bbox 1222 2637 1223 2650; x_wconf 25' lang='grc' dir='ltr'><strong><em>ς</em></strong></span> 
     </span>
     <span class='ocr_line' id='line_1_26' title="bbox 170 2672 1177 2764; baseline -0.005 -19"><span class='ocrx_word' id='word_1_200' title='bbox 170 2673 254 2745; x_wconf 81' lang='grc' dir='ltr'><strong><em>κατὰ</em></strong></span> <span class='ocrx_word' id='word_1_201' title='bbox 269 2672 310 2744; x_wconf 78' lang='grc' dir='ltr'><strong><em>τά</em></strong></span> <span class='ocrx_word' id='word_1_202' title='bbox 325 2673 411 2745; x_wconf 75' lang='grc' dir='ltr'><strong><em>αὐτὰ</em></strong></span> <span class='ocrx_word' id='word_1_203' title='bbox 430 2684 499 2745; x_wconf 83' lang='grc' dir='ltr'><strong><em>τῶν</em></strong></span> <span class='ocrx_word' id='word_1_204' title='bbox 519 2679 620 2764; x_wconf 90' lang='grc' dir='ltr'><strong><em>ἱρέων</em></strong></span> <span class='ocrx_word' id='word_1_205' title='bbox 641 2672 813 2764; x_wconf 75' lang='grc' dir='ltr'><strong><em>αὐλήσων</em></strong></span> <span class='ocrx_word' id='word_1_206' title='bbox 827 2681 891 2764; x_wconf 80' lang='grc' dir='ltr'><strong><em>ἔφη</em></strong></span> <span class='ocrx_word' id='word_1_207' title='bbox 908 2672 1029 2763; x_wconf 76' lang='grc' dir='ltr'><strong><em>αὐτόν,</em></strong></span> <span class='ocrx_word' id='word_1_208' title='bbox 1053 2681 1084 2744; x_wconf 86' lang='grc' dir='ltr'><strong><em>εί</em></strong></span> <span class='ocrx_word' id='word_1_209' title='bbox 1095 2672 1177 2751; x_wconf 89' lang='grc' dir='ltr'><strong><em>θεός</em></strong></span> 
     </span>
     <span class='ocr_line' id='line_1_27' title="bbox 169 2770 1176 2862; baseline -0.007 -20"><span class='ocrx_word' id='word_1_210' title='bbox 169 2801 218 2853; x_wconf 91' lang='grc' dir='ltr'><strong><em>τις</em></strong></span> <span class='ocrx_word' id='word_1_211' title='bbox 236 2773 416 2862; x_wconf 81' lang='grc' dir='ltr'><strong><em>χειροήθης</em></strong></span> <span class='ocrx_word' id='word_1_212' title='bbox 436 2772 617 2861; x_wconf 74' lang='grc' dir='ltr'><strong><em>ἀπιγμένος</em></strong></span> <span class='ocrx_word' id='word_1_213' title='bbox 640 2782 691 2860; x_wconf 82' lang='grc' dir='ltr'><strong><em>εἱη</em></strong></span> <span class='ocrx_word' id='word_1_214' title='bbox 710 2777 933 2859; x_wconf 74' lang='grc' dir='ltr'><strong><em>Αἰγυπτίοισι.</em></strong></span> <span class='ocrx_word' id='word_1_215' title='bbox 967 2780 1116 2842; x_wconf 86' lang='grc' dir='ltr'><strong><em>τοσαῦτα</em></strong></span> <span class='ocrx_word' id='word_1_216' title='bbox 1140 2770 1176 2836; x_wconf 77' lang='grc' dir='ltr'><strong><em>δέ</em></strong></span> 
     </span>
     <span class='ocr_line' id='line_1_28' title="bbox 170 2867 1222 2964; baseline -0.004 -21"><span class='ocrx_word' id='word_1_217' title='bbox 170 2884 265 2952; x_wconf 83' lang='grc' dir='ltr'><strong><em>εἱπας</em></strong></span> <span class='ocrx_word' id='word_1_218' title='bbox 286 2873 422 2961; x_wconf 90' lang='grc' dir='ltr'><strong><em>ἐπάγειν</em></strong></span> <span class='ocrx_word' id='word_1_219' title='bbox 437 2877 568 2944; x_wconf 70' lang='grc' dir='ltr'><strong><em>ἐκέλευε</em></strong></span> <span class='ocrx_word' id='word_1_220' title='bbox 588 2871 650 2943; x_wconf 83' lang='grc' dir='ltr'><strong><em>τόν</em></strong></span> <span class='ocrx_word' id='word_1_221' title='bbox 666 2867 762 2943; x_wconf 77' lang='grc' dir='ltr'><strong><em>Ἀπιν</em></strong></span> <span class='ocrx_word' id='word_1_222' title='bbox 780 2871 860 2954; x_wconf 80' lang='grc' dir='ltr'><strong><em>τοὺς</em></strong></span> <span class='ocrx_word' id='word_1_223' title='bbox 880 2876 979 2961; x_wconf 89' lang='grc' dir='ltr'><strong><em>ἱρέας.</em></strong></span> <span class='ocrx_word' id='word_1_224' title='bbox 1004 2875 1115 2962; x_wconf 78' lang='grc' dir='ltr'><strong><em>οἱμὲν</em></strong></span> <span class='ocrx_word' id='word_1_225' title='bbox 1134 2873 1175 2959; x_wconf 85' lang='grc' dir='ltr'><strong><em>δή</em></strong></span> <span class='ocrx_word' id='word_1_226' title='bbox 1221 2873 1222 2964; x_wconf 64' lang='grc' dir='ltr'><strong><em>ή</em></strong></span> 
     </span>
     <span class='ocr_line' id='line_1_29' title="bbox 168 2968 1221 3064; baseline -0.005 -18"><span class='ocrx_word' id='word_1_227' title='bbox 168 2975 328 3064; x_wconf 80' lang='grc' dir='ltr'><strong><em>μετήισαν</em></strong></span> <span class='ocrx_word' id='word_1_228' title='bbox 347 2972 489 3056; x_wconf 82' lang='grc' dir='ltr'><strong><em>άξοντες.</em></strong></span> <span class='ocrx_word' id='word_1_229' title='bbox 522 2973 541 3044; x_wconf 86' lang='grc' dir='ltr'>ὁ</span> <span class='ocrx_word' id='word_1_230' title='bbox 563 2978 599 3044; x_wconf 74' lang='grc' dir='ltr'><strong><em>δὲ</em></strong></span> <span class='ocrx_word' id='word_1_231' title='bbox 619 2969 713 3056; x_wconf 73' lang='grc' dir='ltr'><strong><em>Ἀπις</em></strong></span> <span class='ocrx_word' id='word_1_232' title='bbox 727 2968 825 3055; x_wconf 80' lang='grc' dir='ltr'><strong><em>οὗτος</em></strong></span> <span class='ocrx_word' id='word_1_233' title='bbox 846 2972 1028 3062; x_wconf 82' lang='grc' dir='ltr'><strong><em>ὁἝπαφος</em></strong></span> <span class='ocrx_word' id='word_1_234' title='bbox 1049 2983 1175 3062; x_wconf 84' lang='grc' dir='ltr'><strong><em>γίνεται</em></strong></span> <span class='ocrx_word' id='word_1_235' title='bbox 1220 2979 1221 2982; x_wconf 69' lang='grc'>’</span> 
     </span>
     <span class='ocr_line' id='line_1_30' title="bbox 169 3069 1177 3161; baseline -0.003 -19"><span class='ocrx_word' id='word_1_236' title='bbox 169 3074 291 3161; x_wconf 90' lang='grc' dir='ltr'><strong><em>μόσχος</em></strong></span> <span class='ocrx_word' id='word_1_237' title='bbox 311 3075 348 3140; x_wconf 88' lang='grc' dir='ltr'><strong><em>ἐκ</em></strong></span> <span class='ocrx_word' id='word_1_238' title='bbox 361 3069 457 3160; x_wconf 82' lang='grc' dir='ltr'><strong><em>βοός,</em></strong></span> <span class='ocrx_word' id='word_1_239' title='bbox 478 3069 551 3160; x_wconf 88' lang='grc' dir='ltr'><strong><em>ήτις</em></strong></span> <span class='ocrx_word' id='word_1_240' title='bbox 572 3069 684 3142; x_wconf 81' lang='grc' dir='ltr'><strong><em>οὐκέτι</em></strong></span> <span class='ocrx_word' id='word_1_241' title='bbox 701 3077 754 3161; x_wconf 79' lang='grc' dir='ltr'><strong><em>οἴη</em></strong></span> <span class='ocrx_word' id='word_1_242' title='bbox 774 3099 810 3142; x_wconf 88' lang='grc' dir='ltr'><strong><em>τε</em></strong></span> <span class='ocrx_word' id='word_1_243' title='bbox 829 3080 954 3160; x_wconf 88' lang='grc' dir='ltr'><strong><em>γίνεται</em></strong></span> <span class='ocrx_word' id='word_1_244' title='bbox 977 3076 1011 3152; x_wconf 88' lang='grc' dir='ltr'><strong><em>ἐς</em></strong></span> <span class='ocrx_word' id='word_1_245' title='bbox 1032 3076 1177 3161; x_wconf 87' lang='grc' dir='ltr'><strong><em>γαστέρα</em></strong></span> 
     </span>
     <span class='ocr_line' id='line_1_31' title="bbox 168 3169 1175 3259; baseline -0.001 -20"><span class='ocrx_word' id='word_1_246' title='bbox 168 3169 273 3239; x_wconf 74' lang='grc' dir='ltr'><strong><em>ἄλλον</em></strong></span> <span class='ocrx_word' id='word_1_247' title='bbox 287 3172 451 3259; x_wconf 78' lang='grc' dir='ltr'><strong><em>βαλέσθαι</em></strong></span> <span class='ocrx_word' id='word_1_248' title='bbox 464 3169 579 3257; x_wconf 91' lang='grc' dir='ltr'><strong><em>γόνον.</em></strong></span> <span class='ocrx_word' id='word_1_249' title='bbox 612 3170 792 3256; x_wconf 82' lang='grc' dir='ltr'><strong><em>Αἰγύπτιοι</em></strong></span> <span class='ocrx_word' id='word_1_250' title='bbox 809 3170 845 3240; x_wconf 72' lang='grc' dir='ltr'><strong><em>δέ</em></strong></span> <span class='ocrx_word' id='word_1_251' title='bbox 857 3173 992 3258; x_wconf 79' lang='grc' dir='ltr'><strong><em>λέγουσι</em></strong></span> <span class='ocrx_word' id='word_1_252' title='bbox 1010 3174 1111 3252; x_wconf 78' lang='grc' dir='ltr'><strong><em>σέλας</em></strong></span> <span class='ocrx_word' id='word_1_253' title='bbox 1125 3173 1175 3240; x_wconf 81' lang='grc' dir='ltr'><strong><em>έπὶ</em></strong></span> 
     </span>
     <span class='ocr_line' id='line_1_32' title="bbox 168 3263 1177 3358; baseline 0.005 -27"><span class='ocrx_word' id='word_1_254' title='bbox 168 3263 231 3352; x_wconf 84' lang='grc' dir='ltr'><strong><em>τήν</em></strong></span> <span class='ocrx_word' id='word_1_255' title='bbox 244 3274 331 3353; x_wconf 85' lang='grc' dir='ltr'><strong><em>βοῦν</em></strong></span> <span class='ocrx_word' id='word_1_256' title='bbox 345 3269 382 3335; x_wconf 87' lang='grc' dir='ltr'><strong><em>ἐκ</em></strong></span> <span class='ocrx_word' id='word_1_257' title='bbox 395 3275 456 3335; x_wconf 89' lang='grc' dir='ltr'><strong><em>τοῦ</em></strong></span> <span class='ocrx_word' id='word_1_258' title='bbox 473 3267 623 3351; x_wconf 81' lang='grc' dir='ltr'><strong><em>οὐρανοῦ</em></strong></span> <span class='ocrx_word' id='word_1_259' title='bbox 643 3275 825 3357; x_wconf 80' lang='grc' dir='ltr'><strong><em>κατίσχειν,</em></strong></span> <span class='ocrx_word' id='word_1_260' title='bbox 846 3277 907 3339; x_wconf 87' lang='grc' dir='ltr'><strong><em>καί</em></strong></span> <span class='ocrx_word' id='word_1_261' title='bbox 917 3297 976 3358; x_wconf 93' lang='grc' dir='ltr'><strong><em>μιν</em></strong></span> <span class='ocrx_word' id='word_1_262' title='bbox 997 3273 1034 3339; x_wconf 83' lang='grc' dir='ltr'><strong><em>ἐκ</em></strong></span> <span class='ocrx_word' id='word_1_263' title='bbox 1052 3271 1177 3340; x_wconf 81' lang='grc' dir='ltr'><strong><em>τούτου</em></strong></span> 
     </span>
     <span class='ocr_line' id='line_1_33' title="bbox 168 3358 1177 3454; baseline 0.002 -22"><span class='ocrx_word' id='word_1_264' title='bbox 168 3371 291 3433; x_wconf 84' lang='grc' dir='ltr'><strong><em>τίκτειν</em></strong></span> <span class='ocrx_word' id='word_1_265' title='bbox 301 3363 362 3432; x_wconf 84' lang='grc' dir='ltr'><strong><em>τὸν</em></strong></span> <span class='ocrx_word' id='word_1_266' title='bbox 374 3358 479 3435; x_wconf 71' lang='grc' dir='ltr'><strong><em>Ἆπιν.</em></strong></span> <span class='ocrx_word' id='word_1_267' title='bbox 503 3372 567 3452; x_wconf 84' lang='grc' dir='ltr'><strong><em>ἐχει</em></strong></span> <span class='ocrx_word' id='word_1_268' title='bbox 581 3365 618 3436; x_wconf 80' lang='grc' dir='ltr'><strong><em>δέ</em></strong></span> <span class='ocrx_word' id='word_1_269' title='bbox 629 3365 648 3435; x_wconf 86' lang='grc' dir='ltr'>ὁ</span> <span class='ocrx_word' id='word_1_270' title='bbox 660 3367 781 3454; x_wconf 93' lang='grc' dir='ltr'><strong><em>μόσχος</em></strong></span> <span class='ocrx_word' id='word_1_271' title='bbox 797 3361 928 3448; x_wconf 82' lang='grc' dir='ltr'><strong><em>οὗτοςδ</em></strong></span> <span class='ocrx_word' id='word_1_272' title='bbox 945 3363 1040 3449; x_wconf 74' lang='grc' dir='ltr'><strong><em>Ἆπις</em></strong></span> <span class='ocrx_word' id='word_1_273' title='bbox 1055 3367 1177 3438; x_wconf 83' lang='grc' dir='ltr'><strong><em>καλεό-</em></strong></span> 
     </span>
     <span class='ocr_line' id='line_1_34' title="bbox 168 3460 1175 3562; baseline 0.006 -33"><span class='ocrx_word' id='word_1_274' title='bbox 168 3485 268 3548; x_wconf 85' lang='grc' dir='ltr'><strong><em>μενος</em></strong></span> <span class='ocrx_word' id='word_1_275' title='bbox 279 3460 403 3548; x_wconf 91' lang='grc' dir='ltr'><strong><em>σημήια</em></strong></span> <span class='ocrx_word' id='word_1_276' title='bbox 412 3462 541 3532; x_wconf 88' lang='grc' dir='ltr'><strong><em>τοιάδε·</em></strong></span> <span class='ocrx_word' id='word_1_277' title='bbox 557 3463 622 3533; x_wconf 79' lang='grc' dir='ltr'><strong><em>ἐόν</em></strong></span> <span class='ocrx_word' id='word_1_278' title='bbox 634 3469 734 3552; x_wconf 77' lang='grc' dir='ltr'><strong><em>μέλας</em></strong></span> <span class='ocrx_word' id='word_1_279' title='bbox 745 3469 797 3534; x_wconf 81' lang='grc' dir='ltr'><strong><em>έπὶ</em></strong></span> <span class='ocrx_word' id='word_1_280' title='bbox 811 3469 874 3554; x_wconf 72' lang='grc' dir='ltr'><strong><em>μὲν</em></strong></span> <span class='ocrx_word' id='word_1_281' title='bbox 883 3476 929 3560; x_wconf 77' lang='grc' dir='ltr'><strong><em>τῷ</em></strong></span> <span class='ocrx_word' id='word_1_282' title='bbox 941 3467 1086 3562; x_wconf 79' lang='grc' dir='ltr'><strong><em>μετόπφ</em></strong></span> <span class='ocrx_word' id='word_1_283' title='bbox 1097 3478 1175 3538; x_wconf 81' lang='grc' dir='ltr'><strong><em>λεν-</em></strong></span> 
     </span>
    </p>
   </div>
   <div class='ocr_carea' id='block_1_4' title="bbox 0 0 1254 3925">
    <p class='ocr_par' dir='ltr' id='par_1_4' title="bbox 0 0 1254 3925">
     <span class='ocr_line' id='line_1_35' title="bbox 0 0 1254 3925; baseline 0 4"><span class='ocrx_word' id='word_1_284' title='bbox 0 0 1254 3925; x_wconf 95' lang='lat' dir='ltr'><strong><em> </em></strong></span> 
     </span>
    </p>
   </div>
  </div>
 </body>
</html>
