2500 3925
200 249 264 314 ³44
579 249 831 308 HERODOTI

198 413 333 480 έωυτύν
350 407 596 496 ἀποδημέοντες
609 411 665 475 καὶ
680 403 722 473 ού
743 404 928 491 δυνάμενοι
951 404 1092 486 ἐξελεῖν
1105 428 1145 470 το
1160 419 1203 470 ιε’-

197 535 270 596 χος,
293 506 427 577 ἐδέοντό
448 533 482 574 τε
503 511 573 574 τόν
595 511 791 592 στρατηγῶν
812 502 900 582 ὅκως
918 500 1104 589 ἀπάγοιεν
1124 524 1203 588 σφεα

198 605 320 675 ὀπίσω·
343 609 377 674 οί
388 604 425 673 δὲ
437 601 501 672 ούκ
514 609 646 687 έφασαν
657 607 739 688 πρὶν
750 599 774 689 ἢ
786 604 920 682 ἐξέλωσι
932 597 958 688 ἦ
971 600 1012 669 τὸ
1027 599 1202 686 Ἀθηναίων

197 703 316 774 κοινόν
343 721 449 790 σφεας
475 707 735 792 μεταπέμψηται.
790 701 888 774 Οὕτω
913 700 956 788 δὴ
986 708 1161 789 ἔστεργον
1180 730 1202 768 τε

129 819 182 874 118
196 801 375 890 παρεόντα.
422 803 466 868 Οί
485 801 521 869 δέ
544 803 582 870 έν
603 808 649 892 τῷ
665 807 766 888 τείχεϊ
777 803 810 878 ές
825 807 895 866 πᾶν
914 797 983 886 ἤδη
1003 807 1129 868 κακοῦ
1148 797 1202 866 άτι-

167 983 171 990 ,
198 903 316 989 γμένοε
330 892 435 986 ἦσαν,
456 896 545 968 οὕτω
561 897 647 968 ὥστε
666 897 748 978 τούς
765 898 887 976 τόνους
900 900 1051 978 ἕψοντες
1065 906 1142 966 τῶν
1154 906 1201 965 κλν

198 1004 287 1069 νέων
307 1001 482 1068 ἐσιτέοντο.
519 997 626 1065 ἐπείτε
646 997 684 1066 δέ
703 993 784 1066 ούδὲ
796 1003 900 1064 ταῦτα
921 1001 972 1064 έτι
990 995 1110 1082 εἶχον,
1137 993 1201 1062 ούιε

199 1097 240 1184 δὴ
257 1095 324 1168 ύπδ
346 1097 452 1166 νύκτα
467 1105 615 1183 οἴχονται
637 1092 845 1177 ἀποδράντες
863 1097 900 1162 οἵ
917 1119 953 1162 τε
970 1097 1116 1180 Πέρσαι
1131 1091 1202 1160 καὶὸ

194 1196 396 1282 Ἀρταΰκτης
417 1193 511 1264 καὶὸ
536 1195 715 1282 Οἰόβαζος,
741 1193 864 1262 ὄπισθε
881 1199 944 1260 τού
965 1199 1102 1279 τείχεος
1120 1221 1201 1261 κατε

197 1295 334 1385 βάντες,
354 1301 394 1384 τῇ
412 1287 457 1381 ἦν
472 1294 680 1380 ἐρημότατον
696 1299 765 1360 τοῖν
784 1298 961 1377 πολεμίων.
998 1289 1049 1371 ὡς
1064 1289 1201 1378 δὲὴμέρς

197 1399 345 1483 ἐγένετο,
372 1397 406 1462 οί
423 1389 666 1479 Χερσονησῖται
689 1389 755 1459 άπὸ
776 1398 847 1458 τῶν
871 1390 1016 1476 πύργων
1043 1392 1202 1477 ἐσήμηνα

197 1507 282 1563 τοίσι
295 1492 504 1579 Ἀθηναίοισι
517 1490 554 1560 τὸ
565 1487 707 1578 γεγονός
718 1489 843 1568 καὶτὰς
853 1491 960 1568 πύλας
971 1489 1137 1571 ἄνοιξαν.
1154 1499 1201 1557 τόν

131 1607 181 1664 119
197 1595 233 1662 δέ
248 1597 283 1678 ρί
297 1595 360 1679 μέν
372 1599 515 1670 πλεῦνες
532 1593 690 1677 ἐδίωκον,
705 1593 741 1658 οί
752 1593 789 1658 δέ
804 1586 867 1676 τήν
883 1588 986 1656 πόλιν
1002 1587 1115 1676 εἶχον.
1140 1591 1200 1657 Oi&

198 1697 300 1779 βαξον
309 1692 372 1777 μέν
382 1716 450 1758 νυν
460 1689 654 1776 ἐκφυγόντα
665 1691 699 1768 ές
708 1685 771 1776 τὴν
779 1694 929 1774 Θρηίκην
939 1687 1094 1775 Θρήικες
1104 1686 1200 1770 ’Λφίν

198 1800 271 1858 θιοι
291 1788 452 1876 λαβόντες
474 1793 605 1856 ἔθυσαν
625 1787 827 1878 Πλειστώρῳ
849 1789 1014 1877 ἐπιχωρίῳ
1034 1794 1118 1878 θεῷ
1141 1787 1202 1872 τρό

198 1913 250 1980 πῳ
264 1893 311 1979 τῷ
327 1889 494 1979 σφετέρῳ,
510 1883 590 1965 τούς
604 1886 641 1952 δὲ
657 1881 730 1973 μετ’
743 1888 874 1955 ἐκείνου
887 1884 977 1977 άλλῳ
991 1887 1118 1979 τρόπῳ
1137 1885 1201 1975 έφό

198 2006 334 2055 νευσαυ,
358 1988 393 2053 οί
405 1984 441 2052 δέ
456 1983 544 2073 ἀμφὶ
560 1982 621 2053 τόν
633 1981 838 2073 Ἀρταΰκτην
849 1983 985 2068 ύστεροι
1001 1983 1202 2074 ὁρμηθέντες

198 2086 355 2172 φεύγειν,
377 2082 421 2163 ὡς
435 2083 727 2170 κατελαμβάνοντο
742 2081 857 2169 ὀλίγον
872 2084 982 2161 έόντες
997 2081 1093 2168 ύλὲρ
1111 2084 1201 2170 Λίγός

197 2190 379 2269 Ποταμῶν,
406 2180 602 2268 ἀλεξόμενοι
619 2181 745 2269 χρόνον
768 2186 820 2251 έπί
840 2180 966 2269 συχνὸν
985 2188 1022 2251 οἰ
1041 2186 1114 2269 μὲν
1135 2182 1202 2250 ἇπέ

196 2293 324 2369 θανον,
356 2284 390 2349 οί
411 2286 447 2349 δέ
470 2282 609 2363 ζώοντες
630 2283 862 2368 ἐλάμφθησαν.
902 2284 957 2349 καὶ
977 2283 1218 2371 σννδήσαντέςη

197 2400 302 2466 σφεας
317 2376 513 2466 οίἝλληνες
527 2378 657 2467 ἤγαγον
671 2383 704 2458 ές
717 2374 863 2468 Σηστόν,
876 2378 948 2465 μετ’
965 2378 1087 2450 αὐτῶν
1104 2386 1143 2452 δὲ
1159 2386 1200 2451 καὶ
1216 2393 1218 2396 ’

193 2477 399 2565 Ἀρταύκτην
420 2482 616 2565 δεδεμένον,
638 2475 743 2546 αύτόν
762 2480 871 2545 τεκαὶ
890 2476 951 2546 τδν
970 2484 1079 2547 παῖδα
1095 2480 1199 2549 αύτού.

130 2585 182 2640 12¹.)
198 2582 268 2646 Καί
278 2602 341 2668 τεῳ
356 2582 425 2667 μέν
440 2577 688 2663 φυλασσόντων
701 2580 832 2663 λέγεται
845 2574 912 2645 ύνιδ
930 2584 1199 2667 Χερσονησιτέων
1216 2619 1218 2664 3

196 2680 351 2759 ταρίχους
370 2668 522 2743 δπτέοντι
539 2677 635 2761 τέρας
657 2675 817 2760 γενέσθαι
836 2676 982 2743 τοιόνδε·
1022 2680 1058 2743 οί
1079 2679 1197 2766 τάριχοι

197 2778 249 2843 ἐπὶ
270 2781 316 2865 τῷ
333 2776 415 2857 πυρί
436 2779 583 2859 κείμενον
599 2773 784 2842 ἐπάλλοντό
806 2801 842 2842 τε
860 2777 915 2842 καὶ
928 2770 1196 2861 ἤσπαιρουὸκως-

196 2898 259 2957 περ
279 2868 395 2958 ἰχθύες
415 2871 606 2941 νεοάλωτοι.
637 2875 743 2941 καλοί
760 2874 823 2958 μὲν
849 2873 1091 2959 περιχυθέντες
1119 2877 1196 2945 έθά

197 2979 316 3061 μαζον,
337 2968 354 3039 ὁ
378 2972 412 3039 δέ
431 2968 632 3059 Ἀρταύκτης
647 2970 691 3051 ὡς
706 2972 773 3041 εἶδε
791 2970 829 3041 τδ
850 2978 962 3059 τέρας,
985 2978 1130 3055 καλέσας
1146 2976 1195 3045 τόν

197 3070 354 3139 ὀπτέονια
368 3064 448 3147 τούς
457 3076 612 3155 ταρίχους
626 3077 707 3157 έφη·
727 3076 824 3149 ,Ξείυε
836 3069 1003 3159 Ἀθηναῖε,
1017 3076 1126 3161 μηδὲν
1139 3102 1193 3162 φο

196 3166 254 3251 βέο
280 3164 317 3236 νδ
339 3168 435 3251 τέρας
450 3176 565 3237 τοῦτο·
588 3166 631 3237 ού
644 3167 711 3256 γὰρ
729 3172 783 3239 σοί
795 3176 941 3258 πέφηνε,
963 3168 1039 3239 ἀλλ’
1054 3175 1128 3259 ἐμοί
1141 3196 1192 3261 οη

194 3269 306 3351 μαίνει
322 3260 340 3333 ὁ
356 3266 394 3333 ἐν
403 3264 588 3336 Ἐλαιοῦντι
597 3274 835 3352 Πρωτεσίλεως
851 3266 903 3335 δτι
916 3268 973 3335 καί
985 3269 1133 3350 τεθνεός
1145 3276 1190 3340 καί

193 3362 327 3447 τάριχος
342 3359 409 3430 έεδν
424 3363 572 3451 δύναμιν
593 3362 678 3451 πρὸς
692 3371 786 3432 θεῶν
801 3371 866 3452 ἔχει
882 3362 944 3432 τόν
958 3362 1134 3459 άδικέουτα
1148 3375 1190 3437 τί-
1216 3401 1218 3416 =
