2500 3925
345 221 430 276 LIB.
461 220 509 278 IX.
545 217 645 276 cAP.
672 225 808 281 57-60-
1016 217 1079 284 317

55 379 200 468 γνιόμηι
221 378 426 465 δειλοτάτην,
439 375 482 457 ὡς
492 375 602 466 χρεων
613 383 664 465 είη
675 375 918 460 ἀναζεύξαντας
927 405 965 449 το
977 400 1080 470 στρα-

55 479 214 548 τόπεδου
234 481 319 547 ίέυαι
340 480 373 558 ἐς
393 476 430 545 τδ
453 483 611 565 (θηβαίων
629 475 714 545 ἀστυ
734 484 1077 570 πολιορκησομένους

57 575 128 664 τὴν
146 582 197 646 ἐτι
217 576 300 664 πρὸς
314 579 394 663 ἐμεὺ
410 572 568 664 βασιλεὺς
581 577 749 646 πεύσεται.
788 582 855 646 Καὶ
871 579 1002 648 τούτων
1015 583 1078 668 μὲν

58 679 211 764 ἑτέρωθι
222 681 312 746 ἔσται
322 677 439 766 λόγος,
454 682 520 744 νῦν
531 677 567 744 δὲ
583 678 741 744 ἐκείνοισι
751 683 856 745 ταῦτα
866 687 1000 748 ποιεῦσι
1014 677 1078 750 οὐκ

58 777 264 863 ἐπιτρεπτέα
276 779 359 864 ἐστί,
377 773 461 847 ἀλλά
473 779 625 845 διωκτέοι
635 777 698 844 είσί
707 778 741 855 ἐς
751 772 771 844 ό
781 781 1079 865 καταλαμφθέντες

59 875 217 943 δεόσουσι
238 873 318 963 ἡμῖν
337 883 406 964 τῶν
428 871 469 962 δὴ
486 877 648 964 ἐποίησαν
663 875 797 961 Πέρσας
817 877 956 944 πάντων
972 882 1075 955 δίκας.

63 985 185 1046 Ταῦτα
192 987 286 1059 είπας
297 970 355 1066 ἡγε
365 975 582 1065 τοὺςΠέρσας
590 977 704 1069 δρόμῳ
714 977 896 1064 διαβάντας
905 974 967 1046 τόν
977 974 1074 1046 Ἀσω
1092 989 1127 1046 59

58 1077 132 1146 πὸν
148 1077 233 1147 κατὰ
245 1085 359 1168 στίβον
369 1085 437 1147 τῶν
449 1077 619 1166 Ἑλλήνων
632 1077 677 1158 ὡς
691 1076 732 1166 δὴ
744 1076 1075 1168 ἀποδιδρησκόντων,

59 1179 176 1264 ἐπείχί
186 1203 221 1246 τε
237 1181 290 1247 ἐπὶ
304 1184 590 1265 Λακεδαιμονίους
604 1205 640 1247 τε
655 1181 709 1248 καὶ
730 1179 894 1268 Τεγεήτας
910 1181 1075 1268 μούνους·

56 1271 265 1362 Ἀθηναίους
288 1275 354 1362 γάρ
382 1281 613 1366 τραπομένους
644 1279 677 1357 ἐς
706 1275 743 1346 τό
771 1283 888 1348 πεδίον
914 1278 981 1348 ὑπό
1008 1287 1076 1348 τῶν

60 1373 184 1460 ὄχθων
194 1371 235 1441 οὑ
246 1373 387 1462 κατόρα.
411 1383 544 1464 Πέρσας
555 1376 591 1445 δέ
600 1374 755 1463 ὁρέοντες
767 1376 984 1466 ὡρμημένους
995 1381 1077 1449 διό-

62 1499 140 1541 κειν
163 1470 243 1553 τοὺς
260 1473 422 1563 Ἕλληνας
443 1482 477 1546 οἱ
498 1478 610 1546 λοιποί
625 1483 695 1544 τῶν
716 1484 933 1564 βαρβαρικῶν
952 1482 1075 1546 τελέων

63 1571 225 1658 ἀρχουτες
239 1569 358 1643 αὐτίκα
371 1575 495 1655 πάντες
508 1575 628 1664 ἤειραν
647 1574 688 1642 τοὶ
704 1576 841 1664 σημήια,
865 1578 921 1645 καὶ
935 1581 1075 1646 ἐδίωκον

21 1683 22 1706 ¹
65 1671 112 1753 ὡς
128 1677 244 1742 ποδῶν
258 1676 395 1756 ἕκαστος
410 1676 515 1764 εἶχον,
532 1673 610 1744 οὑτε
624 1675 739 1767 κόσμῳ
754 1674 867 1746 οὑδενδ
881 1683 1074 1765 κοσμηθέν-

63 1801 119 1854 τες
135 1771 213 1844 οὔτε
227 1775 309 1856 τάξι.
342 1780 409 1846 Καὶ
423 1769 516 1844 οὑτοι
531 1777 593 1864 μὲν
609 1783 674 1866 βοή
693 1777 799 1844 τεκαὶ
815 1773 919 1870 ὁμίλῳ
934 1779 1074 1867 ἐπήισαν

65 1871 112 1952 ὡς
133 1871 406 1962 ἀναρπασόμενοι
426 1873 506 1955 τούς
523 1873 702 1964 Ἕλληνας,
729 1881 925 1964 Παυσανίης
947 1881 999 1965 δὲ,
1026 1874 1071 1956 ὡς
1088 1896 1123 1950 60

21 1978 22 2013 ³
68 1972 419 2062 προσεκέετοὴίππος,
431 1979 562 2063 πέμψας
575 1974 660 2060 πρὸς
670 1974 750 2055 τοὺς
760 1974 961 2064 Ἀθηναίους
973 1984 1074 2050 ι’ππεά

20 2073 23 2153 ῗ
68 2077 156 2157 λέγει
169 2072 264 2141 τόδε·
277 2073 417 2162 ’Ἁνδρες
427 2073 610 2164 Ἀθηναῖοι,
627 2073 758 2163 ἀγῶνος
768 2083 926 2163 μεγίστου
937 2104 1075 2166 προκει-

21 2176 22 2213 δ
68 2170 188 2258 μένου,
212 2173 397 2260 ἐλευθέρην
420 2170 542 2261 εἴναιή
564 2178 820 2262 δεδουλωμένην
839 2174 902 2263 τήν
920 2176 1073 2266 Ἑλλάδα,

21 2276 22 2311 ³
68 2270 302 2358 προδεδόμεθα
317 2268 383 2341 ὑπὸ
395 2279 463 2353 τῶν
474 2272 658 2361 συμμάχων
668 2270 762 2361 ἡμεῖς
772 2299 809 2341 τε
820 2278 855 2342 οί
861 2276 1073 2363 Λακεδαιμό-

21 2372 22 2455 T
69 2395 137 2437 υιοι
147 2371 202 2437 καὶ
212 2366 306 2457 ὑμεῖς
321 2375 354 2439 οί
362 2368 536 2457 Ἀθηναῖοι
549 2368 616 2438 ὑπό
628 2369 691 2457 τήν
704 2373 952 2459 παροιχομένην
965 2373 1072 2441 νὺκτα

20 2460 23 2512 ²
70 2467 288 2554 διαδράντων.
320 2475 387 2537 υὺυ
404 2462 453 2536 ἀν
468 2472 619 2538 δέδοκται
634 2467 673 2535 τό
687 2470 849 2536 ἐνθεῦτεν
864 2468 902 2537 τό
916 2474 1073 2557 ποιητέον

71 2562 164 2654 ἡμῖν,
187 2563 419 2653 ἀμυνομένους
434 2565 498 2655 γάρ
518 2574 558 2657 τή
573 2568 751 2654 δυναίμεθα
769 2567 887 2652 ἀριστα
901 2572 1074 2656 περιστίλ-

72 2674 142 2735 λειν
155 2662 328 2754 ἀλλήλους.
352 2672 384 2735 εί
395 2671 457 2754 μέν
471 2694 537 2736 νυν
549 2672 582 2746 ἐς
597 2664 700 2754 ὑμέας
715 2665 847 2754 ὥρμησε
863 2663 1000 2755 ἀρχὴυὴ
1015 2671 1074 2734 ἴπ-

20 2756 23 2823 3
72 2789 147 2849 πος,
160 2772 244 2853 χρὴν
258 2764 299 2852 δή
314 2764 416 2854 ἡμέας
430 2793 465 2835 τε
480 2770 535 2835 καί
549 2764 629 2846 τοὺς
642 2763 714 2853 μετ’
729 2764 842 2853 ἡμέων
854 2765 917 2853 τήν
931 2764 1072 2835 Ἐλλάδα

20 2878 23 2909 s
74 2864 114 2933 οὐ
136 2865 356 2952 προδιδόντας
381 2866 542 2955 Τεγεήτας
570 2866 714 2954 βωθέειν
740 2862 837 2952 ὑμῖν·
870 2872 937 2933 νῦν
959 2869 1012 2935 δὲ·
1040 2870 1073 2947 ές
1145 2902 1148 2906 ·

74 2964 169 3053 ἡμέας
179 2962 245 3051 γάρ
258 2963 370 3047 ἅπασα
385 2966 568 3053 κεχεόρηιιε·
585 2970 711 3034 δίκαιοί
721 2967 794 3033 ἐστε
804 2962 899 3051 ὑμεῖς
913 2963 998 3053 πρὸς
1011 2964 1073 3055 τήν

75 3064 265 3152 πιεζομένην
284 3066 427 3152 μάλιστα
443 3072 511 3133 τῶν
528 3069 674 3153 μοιρέων
695 3062 898 3152 ἀμυνέοντες
914 3059 1011 3135 ίέυαι.Ι
1045 3074 1075 3137 εί

21 3176 22 3201 ¹
78 3161 107 3231 δ’
129 3162 189 3250 ἀρα
211 3161 334 3244 αὑτοὺς
353 3162 457 3251 ὑμέας
479 3164 728 3251 καταλελάβηκε
748 3162 919 3231 ἀδόνατόν
943 3192 974 3232 τι
1004 3172 1075 3251 βω-

21 3302 22 3305 ¹
77 3265 179 3348 θέειν,
200 3258 295 3348 ὑμεῖς
309 3259 341 3331 δ’
356 3260 437 3351 ἡμίν
450 3262 530 3344 τοὺς
548 3263 685 3345 τοξότας
705 3259 961 3350 ἀποπέμψαντες
972 3263 1073 3352 χάριν

78 3365 184 3431 θέσθε.
209 3367 412 3451 συνοίδαμεν
428 3366 464 3433 δὲ
474 3361 555 3452 ὑμίν
566 3360 633 3431 ὑπὸ
645 3360 705 3431 τόν
716 3360 884 3449 παρεόντα
898 3362 997 3430 τόνδε
1009 3362 1073 3431 πό·

80 3469 172 3547 λεμου
196 3462 289 3528 ἐοῦσι
309 3461 436 3533 πολλόν
456 3462 762 3551 προθυμοτάτοισι,
789 3457 872 3529 όστε
893 3460 1072 3529 καὶταῦτα
