2500 3925
286 260 370 317 LIB.
401 260 448 315 IV.
481 258 580 315 cm.
614 258 790 317 1⁶5—159.
978 254 1042 319 3⁶³

73 422 183 502 Λίβυες,
211 413 252 495 τός
282 416 315 495 ές
343 414 504 505 ἀμείνονα
533 423 645 506 χοῖρον
675 412 809 504 ἀξουσι,
842 410 1041 503 ἀνέγνωσαν

73 512 196 579 ἐκλιπεῖν.
214 506 297 600 ἦγον
307 514 347 582 δέ
355 532 461 599 σφεας
475 514 638 581 ένθεῦτεν
651 515 687 580 ολ
693 518 817 600 Λίβυες
828 511 1041 603 ἀναστήσαν-

72 635 112 687 τες
130 608 199 698 πρός
220 616 362 702 ἑσπέρην
386 616 442 682 καλ
464 610 526 682 τόν
551 613 731 683 κάλλιπον
754 620 824 681 viv
843 616 964 701 χάρτου
982 621 1040 685 λυα

71 709 214 791 διεξιόντες
226 710 422 800 οίἝλληνες
442 708 487 799 μή
502 715 625 797 ίδοιεν,
648 713 962 800 συμμετρησάμενοι
977 711 1040 801 τήν

70 806 139 893 ἀμην
158 817 210 897 τῆς
231 809 355 899 ἡμέρης
377 806 500 889 νυκτός
524 815 686 896 παρῆγον.
720 814 790 878 ἔστι
811 810 849 878 ob
870 817 918 901 τῷ
940 810 1038 904 χάρφ

69 910 149 1001 τιότρ
161 909 284 1001 οὕνομα
296 911 421 1001 Ἴρασα.
452 906 634 998 ἀγαγόντες
654 911 693 977 δέ
706 929 813 997 σφεας
829 912 888 981 dul
907 911 1039 1000 κρήνην

68 1009 216 1097 λεγομένην
235 1010 321 1079 εἶναι
339 1010 548 1088 ’Λπόλλωνος
572 1008 686 1077 εἶπαν·
713 1006 854 1097 Ἄνδρες
868 1007 1036 1097 Ἕλληνες,

67 1104 182 1174 ἐνθαῦτα
195 1105 275 1194 ὑμῖν
290 1110 466 1198 ἐπιτήδεον
483 1109 621 1177 οίκέειν·
644 1109 794 1175 ένθαῦτα
813 1104 913 1194 γάρὸ
930 1104 1038 1195 οὐρα·

66 1198 107 1279 ιός
117 1206 262 1292 τέτρηται.
304 1204 376 1276 Ἐπί
390 1210 453 1294 μέν
466 1232 533 1275 νυν
544 1204 677 1275 Βάττου
690 1230 727 1273 τε
740 1211 803 1273 τοῦ
813 1209 965 1275 οίκιστέα
978 1210 1038 1290 τῆς
1053 1226 1104 1282 15⁹

65 1296 119 1385 ζόης
130 1298 280 1389 ἄρξαντος
297 1306 350 1373 έπλ
359 1303 605 1390 τεσσεράκοντα
615 1308 690 1371 ἔτεα
703 1303 760 1370 καλ
769 1308 831 1371 τοῦ
841 1301 962 1383 παιδός
971 1299 1038 1370 αά-

64 1405 107 1464 τοῦ
114 1396 296 1489 Ἀρκεσίλεω
317 1401 480 1492 ἄρξαντος
499 1406 674 1472 ἑκκαίδεκα
689 1406 764 1471 έτια
784 1411 897 1470 οίκεον
913 1405 949 1471 οί
960 1408 1036 1471 Κυ-

63 1515 163 1585 ρηναῖοι
182 1504 294 1586 ἐόντες
314 1513 486 1593 τοσοῦτοι,
508 1503 582 1573 ὅσοι
608 1500 715 1591 ἀρχὴν
738 1505 772 1583 ός
794 1499 857 1589 τήν
876 1499 1036 1589 ἀποικίην

62 1600 228 1689 ἐστάλησαν·
251 1608 306 1675 έπδ
321 1610 358 1675 δὲ
381 1612 442 1675 τοῦ
458 1611 590 1693 τρίτου,
611 1605 744 1674 Βάττου
758 1609 820 1671 τοῦ
835 1600 1035 1690 εὐδαίμονος

61 1703 421 1793 ιαίεομένου,Ἕλληνας
432 1704 559 1781 πάντας
575 1700 709 1789 τόρμησε
719 1703 869 1791 χρήσασα
882 1699 903 1789 ἡ
915 1707 1033 1789 Πυθίη

59 1799 154 1867 τλόειν
173 1803 438 1891 συνοικήσοντας
458 1808 683 1890 Κυρηναίοισι
702 1799 852 1888 Λιβύην·
875 1800 1033 1867 ἐπεκαλέ-

58 1922 114 1965 οντο
129 1897 189 1989 γάρ
206 1906 240 1972 οί
253 1910 444 1990 Κυρηναίοι
470 1903 523 1970 ἐπί
548 1907 609 1989 γῆς
630 1897 821 1992 ἀναδασμῷ.
856 1903 973 1987 έχρησε
994 1898 1032 1966 δὲ

59 1989 239 2086 όδεὲχοντα·

95 2101 140 2184 ’Ός
151 2104 190 2175 δέ
202 2129 264 2176 κεν
279 2103 313 2186 ἐς
326 2101 461 2194 Λιβύην
475 2100 691 2188 πολυήρατον
704 2095 848 2186 ὕστερον
862 2101 947 2186 έλθη

99 2205 155 2281 Γᾶς
167 2200 429 2290 ἀναδαιομένας,
451 2201 533 2289 μετά
548 2202 583 2270 οῗ
591 2197 682 2269 ποκά
692 2221 778 2286 φαμι
789 2196 955 2287 μελήσειν.

56 2304 266 2386 συλλεχθέντος
282 2301 319 2370 δὲ
336 2299 457 2387 ὁμίλου
476 2305 604 2369 πολλοῦ
620 2302 656 2378 ές
674 2296 737 2386 τήν
751 2299 915 2387 Κυρήνην
933 2323 1029 2384 περι·

54 2401 226 2485 τεμνόμενοι
239 2408 306 2488 γῆν
321 2399 450 2489 πολλὴν
464 2405 498 2469 οό
510 2405 675 2484 περίοικοι
689 2404 813 2485 Λίβυες
826 2402 882 2465 καλ
898 2395 917 2466 ὁ
931 2403 1030 2485 βασι·

53 2493 110 2578 λεός
121 2497 247 2587 αὐτῶν,
270 2507 317 2592 τῷ
332 2497 463 2586 οὔνομα
476 2492 522 2586 ήν
533 2495 707 2585 Ἀδικράν,
728 2491 782 2564 ola
800 2503 859 2583 τής
872 2521 907 2564 τε
920 2495 1030 2582 γάρης

53 2600 276 2687 στερισκόμενοι
288 2602 344 2668 καδ
353 2599 644 2688 περιυβριζόμενοι
654 2594 722 2664 ὑπὸ
733 2603 802 2666 τάν
812 2603 1028 2684 Κυρηναίαν,

50 2695 211 2782 τέμνοντες
226 2701 261 2780 ές
271 2708 447 2786 Αίγνπτον
461 2703 583 2769 έδοσαν
597 2700 702 2783 σφέας
715 2692 840 2776 αότοός
853 2693 970 2786 Ἀπρίη
982 2701 1029 2785 τῷ

51 2797 196 2879 Αἰγύπτου
218 2800 357 2886 βασιλέι.
391 2795 409 2865 ό
432 2799 468 2866 δδ
490 2797 650 2878 συλλέξας
673 2790 817 2881 στρατόν
833 2799 1050 2880 Αίγυτετίεον-

50 2893 149 2965 τολλόν
163 2903 290 2984 ἔπεμπε
311 2900 364 2966 ἐπδ
377 2893 441 2984 τήν
455 2896 629 2983 Κυρήνην.
658 2898 693 2962 οί
710 2893 748 2962 δὲ
762 2899 949 2981 Κυρηναῖοι
972 2893 1028 2959 έκ-

50 2997 307 3085 στρατευσάμενοι
324 2999 358 3076 ές
368 2995 486 3084 Ἴρασα
501 3002 612 3082 χῶρον
627 2997 682 3063 καλ
696 2994 750 3062 ἐπὶ
764 2993 893 3080 κρήνην
908 2994 1028 3062 Θέσπιν

48 3095 211 3183 συνέβαλόν
234 3123 270 3166 τε
293 3111 378 3166 τοῖσι
395 3101 609 3182 Αἰγυπτίοισι
632 3095 689 3162 καδ
707 3096 866 3179 ένίκησαν
886 3096 1028 3180 τήσνμ

48 3195 116 3283 βολῇ.
154 3197 213 3266 ἀτε
237 3195 303 3287 γάρ
327 3192 368 3265 ου’
394 3197 625 3281 πεπειρημένοι
648 3189 814 3281 πρότερον
831 3192 873 3256 ὀί
893 3185 1032 3274 Αίγύπ-

48 3317 87 3361 τιοι
103 3292 268 3385 Ἑλλήνων
290 3297 348 3367 καλ
373 3291 639 3385 παραχρεόμευοι
668 3286 902 3379 διεφθάρησαν
932 3285 1034 3377 οὗτοι,

48 3388 111 3464 ἀστε
138 3395 248 3485 όλίγοι
276 3396 363 3478 τινὲς
394 3391 508 3476 αὐτῶν
530 3390 765 3478 ἀπενόστησαν
788 3391 822 3470 ές
846 3398 1033 3475 Αίγυπτον.

48 3487 101 3563 ἀντὶ
131 3498 261 3568 τούτων
292 3497 467 3585 Αίγόπτιοι
502 3488 763 3582 ἐπιμεμφόμενοι
791 3487 912 3579 Ἀπρίη
947 3486 1033 3557 ἀπέ-
