2500 3925
343 245 428 304 LIB.
459 246 507 305 IV.
539 244 638 304 cAP.
672 250 845 313 ἰδέ-147.
1034 246 1098 314 δδδ

103 410 186 488 ἐδοξε
199 401 322 485 αὐτούς
340 400 552 489 ιἰποκτεῖναι,
576 405 802 492 συλλαβόντες
822 410 863 477 δέ
880 427 986 497 σφεας
999 414 1097 479 κατέ-

103 512 197 592 βαλον
218 507 251 584 ἐς
268 502 397 593 ἑρκτήν.
434 508 603 573 κτείνουσι
628 505 666 574 δέ
684 502 766 585 τούς
792 501 837 574 ὐν
857 515 1011 577 κτείνωσι
1023 515 1096 577 Λα-

103 604 298 692 κεδαιμόνιοι
318 602 457 691 νυκτός,
487 602 560 693 μετ’
577 603 708 695 ῆμέρην
730 605 767 675 δδ
785 604 925 679 οὐδένα·
955 610 1026 677 ἐπεὶ
1047 600 1097 677 τόν

103 704 231 793 ἔμελλόν
244 723 350 791 σφεας
362 704 649 793 καταχρήσεσθαι,
663 705 912 794 παραιτήσαντο
928 711 966 776 αλ
975 721 1097 795 γειναί-

101 831 148 883 κες
169 809 237 871 τόν
251 805 433 890 Μινυέων,
459 804 576 872 ἐοῦσαι
603 802 704 875 ἀσταί
712 830 749 873 τε
775 807 832 875 καλ
858 811 928 873 τῶν
952 804 1096 894 κρότων

101 904 330 990 Σπαρτιητέων
342 901 544 989 θυγατέρες,
561 904 715 972 ἐσελθεῖν
731 929 767 973 τε
782 905 815 983 ἐς
828 900 892 991 τήν
906 900 1027 992 ἑρκτήν
1040 907 1095 973 καὶ

100 1006 126 1083 ἐς
139 1002 390 1089 λόγουςέλδενν
405 1002 525 1090 ἑκάστη
543 1010 588 1093 τῷ
605 1005 733 1092 έωυτῆς
747 1000 856 1091 άνδρί.
885 1008 920 1075 οί
939 1006 979 1072 δέ
990 1025 1096 1093 σφεας

100 1108 261 1189 παρῆκαν,
294 1098 418 1170 οὐδένα
448 1100 552 1171 δόλου
585 1106 759 1182 δοκέοντες
791 1105 824 1184 ἐξ
862 1100 993 1174 αὐτέων
1022 1109 1096 1174 ἐσε-

99 1216 177 1275 σθαι.
192 1198 195 1203 ’
212 1209 251 1273 αλ
276 1206 313 1273 δὲ
348 1203 455 1273 ἐπείτε
489 1206 647 1293 ἐσῆλθον,
673 1211 808 1275 ποιεῦσι
820 1202 950 1275 τοιάδε·
981 1211 1095 1273 πᾶσαν

99 1302 150 1392 τήν
179 1302 271 1391 εἶχον
304 1305 429 1391 έσθῆτα
464 1308 676 1391 παραδοῦσαι
707 1316 793 1374 τοίσι
827 1300 971 1393 ἀνδράσι
998 1302 1096 1374 αὐταὶ

98 1400 150 1491 τήν
167 1410 237 1471 τῶν
258 1398 395 1490 ἀνδρῶν
415 1407 546 1490 ἐλαβεν.
592 1407 627 1471 οί
650 1405 688 1471 δέ
701 1401 836 1471 Μινύαι
856 1402 1013 1482 ἐνδύντες
1031 1399 1096 1489 τήν

97 1508 291 1589 γυναικηίην
306 1502 449 1587 έσδῆτα,
473 1499 532 1569 ἅτε
544 1516 720 1589 γυναῖκες,
738 1502 873 1591 ἐξήισαν
887 1504 967 1589 ἐξω,
988 1504 1095 1588 ἐκφι»

97 1600 201 1687 γόντες
217 1600 256 1668 δέ
275 1596 390 1691 τρόπῳ
405 1600 548 1693 τοιούτῳ
561 1604 671 1683 ἵζοντο
692 1595 787 1680 αὐτις
810 1602 844 1680 ἐς
853 1599 891 1670 τό
912 1601 1092 1689 Τηΰγετον.

100 1696 159 1766 Τόν
178 1702 216 1767 δὲ
234 1694 341 1767 αὐτόν
357 1700 480 1766 τοῦτον
495 1698 621 1785 χρόνον
638 1698 752 1788 Θήρας
769 1696 787 1767 ὁ
804 1698 1017 1780 Αὐτεσίωνος
1031 1707 1094 1768 τοῦ
1109 1720 1156 1781 142

99 1804 281 1887 Τισαμενοῦ
295 1804 358 1866 τοῦ
372 1800 592 1888 Θερσάνδρου
605 1806 668 1868 τοῦ
679 1805 905 1880 Πολυνείκεος
915 1805 1044 1870 ἐστελλε
1060 1802 1094 1879 ἐς

96 1896 245 1987 άποικίην
260 1900 297 1968 ἐκ
310 1903 570 1987 Λακεδαίμονος.
601 1892 696 1989 ,ῆνδδ
712 1896 731 1966 ό
745 1898 859 1986 Θήρας
872 1890 981 1986 οὗτος,
996 1900 1094 1984 γένος

43 2023 45 2026 ·
96 1995 152 2066 ἐόν
162 2002 349 2085 Καδμεῖος,
364 2004 422 2085 τῆς
436 1996 561 2086 μητρός
576 1997 740 2086 ἀδελφεός
753 2012 839 2067 τοῖσι
853 1994 1093 2085 Ἀριστοδήμου

96 2101 177 2166 παισὶ
191 2095 410 2184 Εὐρυσθένει
423 2102 479 2166 καὶ
494 2098 657 2187 Προκλέι,
673 2097 799 2166 ἐόντων
814 2095 847 2164 δ’
867 2103 916 2165 ἐτι
930 2103 999 2165 τῶν
1014 2101 1094 2166 παί·

97 2203 156 2266 δων
175 2197 309 2267 τούτων
332 2203 463 2285 νηπίων
484 2201 705 2289 ἐπιτροπαίην
724 2198 788 2286 εἶχε
807 2196 825 2268 ὁ
845 2197 959 2288 Θήρας
978 2197 1041 2285 τήν
1055 2203 1093 2270 ἐν

96 2295 227 2386 Σπάρτῃ
239 2303 427 2384 βασιληίην.
451 2295 671 2387 αὐξηθέντων
681 2298 719 2367 δέ
734 2303 802 2365 τῶν
815 2295 1024 2383 ἀδελφιδέων
1037 2300 1093 2366 καὶ

96 2394 355 2484 παραλαβόντων
363 2393 425 2484 τῆν
437 2394 544 2484 άρχῆν
552 2394 691 2484 οὐτωδῆ
704 2393 842 2482 ὁθήρας
850 2393 965 2464 δεινόν
975 2395 1093 2465 ποιεύ-

95 2521 184 2580 μενος
205 2493 371 2582 άρχεσθαι
396 2493 457 2564 ὐπ’
486 2494 615 2582 ἄλλων,
646 2499 773 2564 ἐπείτε
792 2495 953 2582 ἐγεύσατο
973 2493 1093 2584 ἀρχῆς,

95 2591 150 2661 οὐκ
163 2599 229 2682 ἔφη
255 2595 388 2680 μενέειν
407 2596 445 2663 ἐν
465 2601 505 2683 τῆ
528 2599 773 2681 Λακεδαίμονι,
795 2591 871 2663 ἄλλ’
894 2591 1094 2662 ἀποπλεύσε-

96 2703 168 2762 σθαι
179 2696 212 2773 ές
227 2691 308 2773 τούς
325 2699 517 2782 συγγενέας.
536 2689 625 2783 ήσαν
638 2696 676 2766 δέ
690 2698 727 2765 έν
737 2702 778 2786 τῆ
790 2698 959 2786 νῦνΘήρη
973 2705 1093 2765 καλεο·

97 2794 169 2881 γένη
180 2791 284 2884 νήσῳ,
296 2793 463 2880 πρότερον
474 2796 511 2862 δὲ
518 2801 688 2883 Καλλίστη
693 2800 733 2883 τῆ
743 2789 829 2884 αὐτῆ
838 2793 953 2883 ταύτῃ,
965 2791 1094 2880 άπόγο-

96 2891 376 2980 νοιΜεμβλιάρεω
390 2901 452 2963 τοῦ
460 2901 625 2964 Ποικίλεω
642 2891 939 2980 άνδρδςΦυίνιιιος.
955 2894 1093 2980 Κάδμος

96 2989 151 3079 γὰρ
176 2990 388 3081 όἈγήυορος
407 2990 580 3080 Εὐρώπην
602 2994 774 3082 διζήμενος
795 2994 958 3080 προσέσχε
977 2993 1011 3069 ἐς
1030 2987 1093 3077 τήν

96 3096 153 3156 νῦν
173 3089 291 3178 Θήρην
312 3093 538 3178 καλεομένην,
567 3093 769 3179 προσσχόντι
800 3091 838 3159 δέ
860 3099 925 3158 εἴτε
950 3088 994 3176 δή
1013 3092 1049 3159 oc
1069 3085 1091 3176 ῆ

97 3185 177 3275 χάρη
201 3187 318 3276 ἤρεσε,
345 3198 411 3257 είτε
431 3193 488 3258 καὶ
513 3187 622 3268 άλλως
648 3187 795 3276 ήθέλησε
821 3194 958 3273 ποιῆσαι
978 3191 1090 3273 τοῦτο,

97 3293 274 3354 καταλείπει
290 3284 356 3375 γάρ
372 3290 410 3356 ἐν
423 3295 463 3377 τῆ
480 3288 573 3382 νήσω
588 3288 693 3378 ταύτῃ
709 3286 832 3366 ἄλλους
845 3313 881 3355 τε
894 3293 963 3355 τόν
974 3293 1092 3357 Φοινί-

98 3412 159 3453 κων
169 3389 223 3456 καὶ
230 3385 270 3475 δή
279 3389 335 3456 καὶ
341 3395 410 3456 τῶν
418 3392 545 3458 ἐαυτοῦ
556 3392 749 3476 συγγενέων
755 3392 984 3474 Μεμβλίαρον.
998 3377 1092 3454 οὐτοι

100 3484 243 3572 ἐνέμοντο
264 3482 330 3573 τήν
345 3493 536 3578 Καλλίστην
552 3491 762 3574 καλεομένην
779 3486 833 3552 ἐπὶ
848 3483 984 3572 γενεάς,
1011 3487 1091 3598 πρὶμ
