2500 3925
295 236 380 293 τοο.
411 238 458 295 το.
498 240 596 300 οεν.
628 250 803 308 τοο-ιω.
978 246 1059 320 τοτ’

72 386 163 477 μὲνδὴ
179 392 291 463 ιοάτου
306 402 368 465 τοῦ
380 397 513 465 Βάττου
529 396 618 469 οὐτω
636 405 777 473 διετέλεε
792 409 908 499 έάντα,
932 417 982 485 έπδ
1001 417 1040 487 δέ

71 495 117 556 τοῦ
129 480 238 559 τοάτου
256 490 375 573 παιδδς
391 492 587 584 Ἀρκεσίλεω
607 501 714 589 πολλὴ
734 507 859 597 ταραχὴ
875 516 953 597 περὶ
970 524 1040 586 τῶν

69 592 165 671 τιμέων
176 590 309 677 ἐμέτων.
350 589 564 681 Ἀρκεσίλεως
576 596 643 687 γάρ
663 597 682 668 ὁ
697 601 830 674 Βάττου
845 634 882 676 τε
895 618 959 679 τοῦ
973 640 1039 700 χω-

69 692 117 751 λού
124 689 169 756 καί
179 696 355 778 Φερετίμης
369 688 432 761 οὐκ
447 698 512 781 ἔφη
521 691 701 777 ἀνέξεσθαι
713 701 797 772 κατά
809 702 829 775 ὁ
840 714 1039 793 Μαντινεὺς

66 790 203 870 Δημῶναξ
218 791 324 877 ἔταξε,
346 788 427 860 ἀλλ’
445 790 581 862 άπαίτεε
595 793 717 865 αὐτῶν
731 803 912 890 προγόνων
926 810 1034 895 μέρεα.

68 885 197 953 ἐνθεῦτεν
209 889 393 971 στασιάζων
407 891 541 979 ἑσσώθη
558 897 614 963 καί
629 900 734 984 έφυμε
754 902 788 979 ές
800 902 938 994 Σάμον,
959 904 981 996 ἡ
999 907 1036 977 δέ

66 982 146 1072 μήτηρ
160 990 191 1055 οί
202 991 235 1067 ές
243 997 421 1077 Σαλαμῖνα
437 997 495 1079 τῆς
506 992 652 1079 Κύπρου
661 1000 775 1084 έφνμε.
798 1008 856 1088 τῆς
872 1006 1036 1076 δέΣαλα-

65 1094 136 1165 μῖνος
147 1091 263 1155 τοῦτον
276 1085 337 1156 τὸν
351 1088 476 1176 χρόνον
491 1092 670 1177 ἐπεκράτεε
684 1092 866 1187 Εὐέλθων,
889 1100 927 1182 ὃς
940 1101 978 1173 τδ
997 1107 1035 1173 έν

64 1190 194 1269 Δελφοῖσι
212 1188 440 1277 θυμιητήριον
461 1188 519 1269 ἐὰν
534 1184 734 1280 άξιοθήητον
753 1195 916 1291 ἀνέθηκε,
935 1201 973 1275 τδ
994 1208 1032 1274 έν

62 1287 278 1372 τῷδορινθίων
288 1296 453 1380 θησαυρῷ
463 1293 582 1359 κέεται.
605 1289 791 1385 ἀπικομένη
802 1300 839 1369 δέ
848 1300 939 1388 παρά
950 1310 1032 1373 τοῦ·

62 1404 103 1447 τον
113 1380 130 1470 ἡ
140 1392 299 1475 Φερετίμη
313 1390 421 1457 ἐδέετο
436 1397 606 1478 στρατιῆς,
622 1388 646 1478 ἢ
662 1396 795 1476 κατάξει
809 1402 914 1485 σφέας
924 1404 958 1480 ές
968 1400 1030 1489 την

60 1482 197 1572 Κυρήνην.
226 1485 244 1555 ὁ
269 1490 309 1557 δέ
320 1514 360 1575 με
373 1486 540 1558 Εὐέλθων
554 1496 623 1559 πᾶν
642 1499 772 1579 μᾶλλον
786 1492 809 1584 ἢ
826 1504 984 1586 στρατιήν
998 1507 1033 1571 οί

59 1582 157 1649 ἐδίδου·
175 1581 196 1673 ἡ
218 1588 257 1655 δὲ
277 1588 499 1675 λαμβάνουσα
518 1585 556 1657 τδ
574 1590 754 1677 διδόμενον
767 1593 874 1665 καλὸν
887 1596 951 1683 μέν
964 1603 1029 1685 ἔφη

56 1682 192 1753 καὶτοῦτο
205 1684 305 1772 εἶναι,
323 1684 460 1755 κάλλιον
474 1687 512 1756 δέ
526 1689 646 1774 έκεῖνο,
659 1687 698 1756 τδ
713 1694 839 1761 δοῦναί
849 1697 885 1761 οί
895 1697 1039 1784 δεομένη

55 1784 192 1872 στρατιήν·
216 1788 392 1855 καὶτοῦτο
410 1786 476 1873 γάρ
494 1788 550 1857 έπδ
567 1790 668 1857 παντὶ
684 1794 731 1882 τῷ
750 1794 914 1885 διδομένῳ
933 1799 1039 1884 ἔλεγε,

57 1887 216 1957 τελευταῖόν
227 1893 264 1958 oc
272 1891 433 1978 ἐξέπεμψε
444 1894 554 1980 δῶρον
566 1888 583 1958 ὁ
595 1888 762 1959 Εὐέλθων
772 1890 938 1979 ἄτρακτον
948 1895 1033 1983 χρά-

55 1997 112 2048 οεον
125 1990 176 2056 καὶ
194 1985 385 2076 ἠλακάτην,
412 1995 542 2076 προσῆν
563 1991 599 2056 δέ
620 1992 677 2059 καί
697 2000 819 2078 είριον·
843 1993 980 2082 είπάσης
994 1995 1032 2062 δέ

54 2073 125 2162 αὐτος
136 2093 190 2174 τῆς
205 2095 391 2176 Φερετίμης
404 2085 512 2156 τάυτδ
528 2095 605 2167 ἔπος
620 2086 639 2157 ὁ
654 2087 820 2159 Εὐέλθων
837 2098 901 2180 ἔφη
916 2095 1031 2164 τοιού-

53 2203 114 2252 τοισι
126 2203 287 2272 γυναῖκας
302 2192 505 2274 δωρέεσθαι,
527 2187 602 2258 ἀλλ’
621 2187 663 2257 οὐ
676 2199 821 2279 στρατιῇ.
852 2190 889 2260 ‘0
904 2197 940 2262 δὲ
953 2190 1030 2282 Ἀρ-
1047 2215 1096 2269 163

52 2287 176 2364 τεοίλεως
196 2293 321 2355 τοῦτον
345 2285 406 2357 τὸν
430 2289 554 2374 χρόνον
577 2286 643 2357 έών
667 2292 705 2358 έν
724 2293 831 2384 Σάμῳ
851 2295 1029 2382 συνήγειρε

52 2383 134 2450 πάντα
148 2383 258 2472 ἄνδρα
269 2388 322 2454 ἐπὶ
332 2394 393 2474 γῆς
404 2384 595 2478 ἀναδασμῷ.
620 2393 868 2478 συλλεγομένου
879 2395 1029 2481 δέστρα-

50 2487 93 2547 τοῦ
106 2492 229 2553 πολλοῦ
244 2486 365 2573 έστάλη
380 2490 413 2566 ές
427 2486 586 2575 Δελφοὺς
595 2485 810 2576 Ἀρκεσίλεως
822 2495 1028 2582 χρησόμενος

47 2588 79 2668 τῷ
96 2593 276 2676 χρηστηρίῳ
297 2590 373 2671 περὶ
393 2587 549 2654 κατόδου.
582 2584 602 2673 ἡ
620 2590 656 2656 δὲ
670 2595 787 2675 Πυθίη
804 2595 838 2658 οἱ
852 2599 914 2682 χρᾷ
930 2591 1026 2660 τάδε·

45 2669 95 2746 Ἐτδ
113 2680 171 2766 μέν
196 2685 355 2770 τέσσερας
373 2685 523 2764 Βάττους
547 2688 603 2753 καὶ
623 2682 836 2772 Ἀρκεσίλεως
860 2692 1027 2778 τέσσερας,

46 2769 113 2844 διττά
123 2778 259 2866 ἀνδρῶν
272 2782 408 2869 γενεὰς,
423 2787 514 2851 διδοῖ
523 2782 606 2870 ὑμῖν
616 2791 737 2872 Λοξίης
751 2787 944 2872 βασιλεύειν
954 2796 1028 2856 Κν-

45 2876 143 2964 ρήνης·
164 2886 271 2949 πλέον
287 2883 401 2968 μέντοι
415 2883 540 2950 τούτου
557 2881 636 2952 οὐδέ
650 2891 833 2969 πειρᾶσθαι
844 2889 1026 2974 παραινέει.

45 2976 76 3042 οὐ
91 2985 199 3065 μέντοι
219 2981 343 3070 ἥσυχος
367 2981 452 3052 εἶναι
474 2981 650 3052 κατελθών
670 2988 703 3065 ἐς
719 2983 781 3073 τὴν
801 2993 961 3055 σεωυτοῦ.
984 2983 1028 3073 ἦν

44 3075 138 3164 δέτὴν
151 3081 299 3169 κάμινον
320 3081 420 3172 εὐρης
441 3089 547 3170 πλέην
564 3081 761 3171 ἀμφορέων,
783 3082 828 3171 μὴ
849 3085 1027 3174 ε’ξοπτησης

43 3174 103 3255 τοὺς
115 3177 304 3269 ἀμφορέας,
326 3180 400 3252 ἀλλ’
423 3183 599 3272 ἀπόπεμπε
619 3183 693 3253 κατ’
715 3179 837 3270 οὐρον·
861 3192 892 3253 εί
904 3187 941 3254 δὲ
955 3189 1027 3266 ε’ξοὸ

42 3274 157 3361 πτήσεις
170 3277 234 3367 τὴν
253 3281 414 3369 κάμινον,
436 3281 481 3370 μὴ
503 3287 643 3373 ε’σέλθης
663 3287 695 3364 ές
714 3284 776 3370 τὴν
796 3283 1026 3373 ἀμφίρρυτον·

43 3376 64 3437 εί
71 3373 101 3440 δέ
111 3373 171 3462 μὴ,
185 3375 373 3449 ἀποθανέαι
385 3383 441 3452 καί
451 3380 553 3462 αὐτὸς
563 3387 618 3452 καί
628 3391 751 3471 ταῦρος
761 3381 779 3451 ὁ
791 3387 1026 3456 καλλιστεύων,

44 3473 139 3542 Ταῦτα
155 3474 176 3563 ἡ
195 3472 309 3566 Πυθίη
326 3481 520 3574 Ἀρκεσίλεῳ
541 3490 613 3573 χρᾷ.
643 3481 661 3549 ὁ
679 3484 716 3550 δὲ
730 3481 935 3568 παραλαβών
948 3484 1028 3565 τούς
1045 3500 1094 3556 164
