2500 3925
347 227 435 284 LIB.
466 225 512 282 w.
549 227 647 282 CAP.
679 232 820 287 50-53.
1048 228 1088 290 Sl

79 383 184 458 καὶτὸ
201 387 307 470 κάρτα
327 385 438 472 λέγειν
451 391 573 469 ταῦτα,
594 389 807 471 βουλομένην
823 387 875 468 δὲ,
894 396 929 456 εί
940 413 1006 467 κως
1020 385 1087 466 ἀμ-

78 487 216 574 φότεροι
232 491 385 572 γενοίατο
400 485 560 570 βασιλέες.
582 479 663 560 τούς
677 475 726 548 οἶν
743 481 784 568 δή
799 489 1085 572 Λακεδαιμονίους
1119 572 1124 578 ¹

78 585 252 668 ἀπορέειν,
268 581 473 671 ἀπορέοντας
489 583 526 649 δὲ
540 584 683 666 πέμπειν
693 583 727 658 ές
736 582 895 668 Δελφούς
909 588 1086 674 ἐπειρησο-

77 689 216 772 μένους,
228 683 247 750 ὅ
258 711 290 752 τι
300 683 489 770 χρήσωνται
500 687 546 772 τῷ
557 679 735 766 πρήγματι.
758 678 821 766 τήν
831 684 869 749 δέ
877 690 1018 772 Πυθίην
1027 713 1086 754 κε-

77 783 192 850 λεύειν
206 781 312 866 σφέας
328 777 502 867 ἀμφότερα
521 775 562 844 τά
578 782 695 845 παιδία
710 776 904 865 ἡγήσασθαι
920 787 1086 870 βασιλέας,

76 885 179 964 τιμᾶν
201 879 237 946 δὲ
256 885 386 964 μᾶλλον
407 875 468 945 τόν
485 882 687 964 γεραίτερον.
720 873 784 961 τήν
803 879 867 962 μὲν
886 879 927 966 δή
946 889 1087 968 Πυθίην

77 975 184 1046 ταῦτα’
201 996 262 1061 σφι
276 973 426 1062 ἀνελεῖν,
443 991 529 1044 τοῖσι
544 977 581 1042 δέ
594 979 889 1061 Λακεδαιμονίοισι
903 976 1087 1067 ἀπορέουσι

76 1075 181 1144 ούδέν
200 1079 315 1162 ἕσσον,
342 1075 430 1156 ὅκως
452 1077 611 1160 ἐξεύρωσι
632 1072 746 1142 αὑτοῖν
764 1074 826 1144 τόν
844 1082 1086 1167 πρεσβύτερον,

75 1177 271 1246 ὑποθέσθαι
280 1175 391 1261 ἄνδρα
403 1177 658 1297 Μεσσήνιον,
626 1202 673 1242 τω
688 1174 817 1261 οὔνομα
830 1170 913 1246 εἶναι
923 1188 1084 1267 Πανίτην.

75 1275 270 1344 ὑποθέσθαι
287 1276 324 1343 δὲ
340 1282 461 1342 τοῦτον
480 1273 542 1342 τὸν
555 1280 707 1375 Πανίτην
720 1275 801 1342 τάδε
819 1289 906 1344 τοῖσι
918 1283 1088 1347 Λακεδαι-

76 1381 239 1462 μουίοισι,
263 1375 409 1461 φυλάξαι
428 1374 491 1459 τήν
507 1362 762 1460 γειναμένην,
747 1373 908 1456 οκύτερου
923 1402 993 1444 των
1006 1384 1087 1446 παί-

77 1479 148 1542 δων
159 1473 325 1558 πρότερον
336 1474 496 1540 λούεικαι
485 1476 636 1552 σιτίζει·
655 1463 752 1537 naz*
725 1496 774 1553 ην
792 1469 855 1556 μέν
878 1472 962 1541 αατά
979 1474 1085 1543 ταύτά

75 1577 293 1670 φαίνηταιί
257 1597 278 1635 α
280 1574 321 1638 λεὶ
336 1577 493 1657 ποιεῦσα,
514 1568 594 1648 τούς
614 1570 651 1636 δὲ
671 1575 742 1635 πᾶν
766 1570 901 1648 ἓξειν”
880 1591 963 1639 οσον
982 1599 1015 1640 τι
1030 1576 1086 1640 και

75 1661 224 1758 δίζηνται
236 1673 291 1738 καὶ
302 1673 458 1740 έθέλουσι
469 1665 657 1756 ἐξευρεῖν,
634 1695 680 1755 ην
690 1670 727 1736 δὲ
737 1677 903 1738 πλανᾶται
913 1675 969 1740 καλ
974 1676 1085 1759 έκεινη

75 1771 368 1853 έναλλάξποιεῦσα
370 1774 478 1862 ,δῆλοί
490 1793 552 1860 σφι
563 1770 741 1858 έσεσθαι,’
718 1799 763 1851 ως
774 1769 973 1862 ούδὲέκείνη
981 1781 1085 1846 πλέον

74 1871 178 1940 οὐδὲν
192 1869 271 1956 οἶδε,
284 1871 337 1940 ἐπ’
350 1872 456 1958 ἀλλην
466 1875 505 1941 τέ
512 1893 616 1958 σφεας
626 1871 815 1956 τρύπεσθαι
825 1871 916 1942 ὁδόν.
935 1879 1085 1944 ἐνθαῦτα

76 1969 118 2056 δή
134 1966 213 2047 τούς
224 1973 438 2057 Σπαρτιήτας
453 1970 536 2039 κατά
548 1968 606 2049 τάς
620 1978 682 2037 τοῦ
693 1978 892 2057 Μεσσηνίου
906 1972 1085 2063 ὑποθήκας

76 2070 290 2157 φυλάξαντας
308 2071 371 2160 τήν
389 2073 514 2159 μητέρα
530 2078 598 2140 τῶν
614 2070 854 2161 Ἀριστοδήμου
875 2082 1007 2145 παίδων
1023 2086 1086 2146 λα-

75 2178 151 2257 βεῖν
167 2168 250 2236 κατά
269 2166 374 2237 ταύτά
384 2168 565 2257 τιμέουσαυ
576 2168 637 2239 τόν
651 2173 818 2256 πρότερον
828 2178 884 2243 καὶ
894 2182 1014 2243 σίτοισι
1029 2179 1085 2245 καὶ

76 2276 257 2351 λουτροῖσι,
270 2266 333 2335 ούκ
347 2272 477 2337 εἰδυῖαν
502 2275 571 2337 τῶν
586 2272 714 2337 εἵνεκεν
725 2270 942 2354 ἐφυλάσσετο.
957 2274 1085 2359 λαβόν-

76 2395 135 2447 τας
150 2370 186 2435 δὲ
200 2368 237 2435 τό
255 2374 392 2437 παιδίον
405 2368 442 2437 τό
458 2368 651 2454 τιμεόμενον
663 2367 748 2454 πρὸς
760 2378 818 2455 τῆς
828 2376 1026 2460 γειναμένης
1040 2372 1086 2453 ὑς

75 2468 136 2537 έόν
150 2468 315 2551 πρότερον
328 2473 465 2553 τρέφειν
477 2473 514 2537 έν
524 2477 570 2561 τῷ
585 2474 749 2558 δημοσίφ·
771 2476 830 2535 καί
842 2474 877 2537 οί
884 2470 1015 2557 οὕνομα
1029 2498 1084 2539 τε-

77 2574 183 2653 θῆναι
198 2564 437 2651 Εὐρυσθένεα,
463 2574 509 2655 τῷ
530 2570 568 2635 δὲ
586 2570 739 2657 νεωτέρῳ
756 2573 920 2658 Προκλέα.
943 2569 1085 2649 τούτους

76 2666 314 2749 ἀνδρωθέντας
331 2664 456 2746 αύτούς
471 2692 507 2733 τε
524 2664 711 2751 ἀδελφεούς
730 2664 846 2745 ίόντας
860 2669 996 2753 λέγουσι
1010 2675 1086 2737 δια-

76 2766 207 2853 φόρους
220 2763 305 2833 εἶναι
320 2764 381 2834 τόν
395 2767 504 2834 πάντα
517 2766 644 2853 χρόνον
659 2771 717 2851 τῆς
731 2764 806 2850 ζόης
819 2763 1007 2853 ἀλλήλοισι,
1028 2771 1085 2836 καὶ

77 2861 155 2939 τοὺς
170 2860 235 2930 ἀπό
247 2864 378 2932 τούτων
389 2866 593 2952 γευομένους
605 2862 764 2942 ὡσαύτως
774 2867 963 2935 διατελέειν.
980 2873 1084 2935 ταῦτα
1098 2882 1135 2936 53

76 2963 138 3050 μὲν
159 2965 421 3050 Λακεδαιμόνιοι
441 2968 579 3052 λέγουσι
599 2969 721 3049 μοῦνοι
736 2960 923 3050 Ἑλλήνων,
944 2965 1025 3031 τόδε
1048 2963 1085 3030 δὲ

77 3061 160 3131 κατά
195 3060 236 3128 τά
254 3063 417 3151 λεγόμενα
441 3058 505 3132 ὑπ’
534 3060 929 3151 Ἑλλήνωνέγὺγράφω·
943 3061 1086 3140 τούτους

80 3161 141 3246 νάρ
156 3160 196 3248 δή
214 3160 294 3242 τοὺς
310 3170 472 3247 Δωριέων
492 3168 648 3251 βασιλέας
669 3165 764 3251 μέχρι
785 3164 848 3248 μὲν
862 3164 1009 3244 Περσέος
1023 3166 1084 3228 τοῦ

74 3261 225 3347 Δανάης
241 3268 302 3327 τοῦ
312 3270 399 3331 θεοῦ
411 3262 585 3349 ἀπεόντος,
600 3266 887 3350 καταλεγομένους
898 3259 1012 3344 ὀρθῶς
1022 3256 1082 3325 ὑπ’

67 3362 239 3447 Ἑλλήνων
251 3363 307 3427 καὶ
317 3359 659 3449 ἀποδεικνυμένους
638 3369 722 3441 ωςεί
709 3363 769 3430 λ’σὶ
769 3360 882 3445 Ἐλληυ
885 3385 933 3439 ες·
944 3357 1008 3445 ήδη
1018 3357 1084 3444 γάρ

76 3466 256 3547 τηνικαῦτα
268 3458 323 3537 ές’
319 3468 429 3546 Ελληι
421 3488 468 3540 ας
480 3454 574 3529 οὑτοι
585 3463 724 3529 ἐτέλεον.
741 3464 835 3540 ἔλεξα
845 3462 882 3527 δέ
893 3460 987 3546 μέχρι
994 3466 1085 3540 Περ-

159 3572 259 3609 amon.
282 3557 314 3609 11.
