<?xml version="1.0" encoding="UTF-8"?>
<!DOCTYPE html PUBLIC "-//W3C//DTD XHTML 1.0 Transitional//EN"
    "http://www.w3.org/TR/xhtml1/DTD/xhtml1-transitional.dtd">
<html xmlns="http://www.w3.org/1999/xhtml" xml:lang="en" lang="en">
 <head>
  <title>
</title>
<meta http-equiv="Content-Type" content="text/html;charset=utf-8" />
  <meta name='ocr-system' content='tesseract 3.04.00' />
  <meta name='ocr-capabilities' content='ocr_page ocr_carea ocr_par ocr_line ocrx_word'/>
</head>
<body>
  <div class='ocr_page' id='page_1' title='image "./herodotihistori00dietgoog_0352.png"; bbox 0 0 2500 3925; ppageno 0'>
   <div class='ocr_carea' id='block_1_1' title="bbox 70 243 781 342">
    <p class='ocr_par' dir='ltr' id='par_1_1' title="bbox 70 243 781 342">
     <span class='ocr_line' id='line_1_1' title="bbox 70 243 781 342; baseline 0 -39"><span class='ocrx_word' id='word_1_1' title='bbox 70 264 73 303; x_wconf 70' lang='grc' dir='ltr'><strong><em>ί</em></strong></span> <span class='ocrx_word' id='word_1_2' title='bbox 160 243 224 307; x_wconf 79' lang='grc'><strong><em>350</em></strong></span> <span class='ocrx_word' id='word_1_3' title='bbox 529 246 781 342; x_wconf 41' lang='grc' dir='ltr'>ΗΕΒΟΒΟΤΙΙ</span> 
     </span>
    </p>
   </div>
   <div class='ocr_carea' id='block_1_2' title="bbox 67 397 1215 3580">
    <p class='ocr_par' dir='ltr' id='par_1_2' title="bbox 159 397 1151 583">
     <span class='ocr_line' id='line_1_2' title="bbox 160 397 1151 497; baseline 0.003 -22"><span class='ocrx_word' id='word_1_4' title='bbox 160 432 219 486; x_wconf 92' lang='grc' dir='ltr'><strong><em>νος</em></strong></span> <span class='ocrx_word' id='word_1_5' title='bbox 233 403 288 474; x_wconf 83' lang='grc' dir='ltr'><strong><em>διά</em></strong></span> <span class='ocrx_word' id='word_1_6' title='bbox 306 403 346 474; x_wconf 80' lang='grc' dir='ltr'><strong><em>τά</em></strong></span> <span class='ocrx_word' id='word_1_7' title='bbox 363 405 479 491; x_wconf 74' lang='grc' dir='ltr'><strong><em>ψύχεα.</em></strong></span> <span class='ocrx_word' id='word_1_8' title='bbox 502 401 693 492; x_wconf 77' lang='grc' dir='ltr'><strong><em>ὑβρίζοντες</em></strong></span> <span class='ocrx_word' id='word_1_9' title='bbox 708 397 757 473; x_wconf 77' lang='grc' dir='ltr'><strong><em>όν</em></strong></span> <span class='ocrx_word' id='word_1_10' title='bbox 768 410 804 473; x_wconf 85' lang='grc' dir='ltr'><strong><em>οἰ</em></strong></span> <span class='ocrx_word' id='word_1_11' title='bbox 814 404 890 475; x_wconf 84' lang='grc' dir='ltr'><strong><em>ὅνοι</em></strong></span> <span class='ocrx_word' id='word_1_12' title='bbox 901 409 1083 493; x_wconf 74' lang='grc' dir='ltr'><strong><em>ἐτάρασσον</em></strong></span> <span class='ocrx_word' id='word_1_13' title='bbox 1098 408 1151 497; x_wconf 78' lang='grc' dir='ltr'><strong><em>τὴν</em></strong></span> 
     </span>
     <span class='ocr_line' id='line_1_3' title="bbox 159 503 1151 583; baseline 0.003 -9"><span class='ocrx_word' id='word_1_14' title='bbox 159 510 265 574; x_wconf 78' lang='grc' dir='ltr'><strong><em>ἵππον</em></strong></span> <span class='ocrx_word' id='word_1_15' title='bbox 286 511 355 573; x_wconf 79' lang='grc' dir='ltr'><strong><em>τῶν</em></strong></span> <span class='ocrx_word' id='word_1_16' title='bbox 371 506 550 572; x_wconf 86' lang='grc' dir='ltr'><strong><em>Σκυθέων.</em></strong></span> <span class='ocrx_word' id='word_1_17' title='bbox 583 503 745 583; x_wconf 73' lang='grc' dir='ltr'><strong><em>πολλάκις</em></strong></span> <span class='ocrx_word' id='word_1_18' title='bbox 767 506 804 572; x_wconf 76' lang='grc' dir='ltr'><strong><em>δέ</em></strong></span> <span class='ocrx_word' id='word_1_19' title='bbox 829 508 1083 577; x_wconf 78' lang='grc' dir='ltr'><strong><em>ἐπελαυνόντων</em></strong></span> <span class='ocrx_word' id='word_1_20' title='bbox 1107 512 1151 577; x_wconf 81' lang='grc' dir='ltr'><strong><em>έπί</em></strong></span> 
     </span>
    </p>

    <p class='ocr_par' dir='ltr' id='par_1_3' title="bbox 67 599 1197 1095">
     <span class='ocr_line' id='line_1_4' title="bbox 67 599 1151 691; baseline 0.003 -19"><span class='ocrx_word' id='word_1_21' title='bbox 67 609 69 613; x_wconf 74' lang='grc'>’</span> <span class='ocrx_word' id='word_1_22' title='bbox 157 600 237 683; x_wconf 87' lang='grc' dir='ltr'><strong><em>τοῦς</em></strong></span> <span class='ocrx_word' id='word_1_23' title='bbox 251 608 381 691; x_wconf 77' lang='grc' dir='ltr'><strong><em>Πέρσας</em></strong></span> <span class='ocrx_word' id='word_1_24' title='bbox 395 599 518 689; x_wconf 80' lang='grc' dir='ltr'><strong><em>μεταξύ</em></strong></span> <span class='ocrx_word' id='word_1_25' title='bbox 535 600 621 683; x_wconf 86' lang='grc' dir='ltr'><strong><em>ὅκως</em></strong></span> <span class='ocrx_word' id='word_1_26' title='bbox 633 600 815 673; x_wconf 76' lang='grc' dir='ltr'><strong><em>ἀκούσειαν</em></strong></span> <span class='ocrx_word' id='word_1_27' title='bbox 825 611 860 674; x_wconf 83' lang='grc' dir='ltr'><strong><em>οἰ</em></strong></span> <span class='ocrx_word' id='word_1_28' title='bbox 874 610 972 677; x_wconf 76' lang='grc' dir='ltr'><strong><em>ἵπποι</em></strong></span> <span class='ocrx_word' id='word_1_29' title='bbox 988 616 1056 678; x_wconf 78' lang='grc' dir='ltr'><strong><em>τῶν</em></strong></span> <span class='ocrx_word' id='word_1_30' title='bbox 1071 607 1151 677; x_wconf 84' lang='grc' dir='ltr'><strong><em>ὄνων</em></strong></span> 
     </span>
     <span class='ocr_line' id='line_1_5' title="bbox 157 699 1150 792; baseline -0.001 -19"><span class='ocrx_word' id='word_1_31' title='bbox 157 711 215 792; x_wconf 85' lang='grc' dir='ltr'><strong><em>τῆς</em></strong></span> <span class='ocrx_word' id='word_1_32' title='bbox 226 712 351 791; x_wconf 82' lang='grc' dir='ltr'><strong><em>φωνῆς,</em></strong></span> <span class='ocrx_word' id='word_1_33' title='bbox 363 702 587 789; x_wconf 75' lang='grc' dir='ltr'><strong><em>ἐταράσσοντο</em></strong></span> <span class='ocrx_word' id='word_1_34' title='bbox 598 728 635 771; x_wconf 84' lang='grc' dir='ltr'><strong><em>τε</em></strong></span> <span class='ocrx_word' id='word_1_35' title='bbox 645 699 938 792; x_wconf 79' lang='grc' dir='ltr'><strong><em>ὑποστρεφόμενοι</em></strong></span> <span class='ocrx_word' id='word_1_36' title='bbox 949 708 1005 776; x_wconf 87' lang='grc' dir='ltr'><strong><em>καί</em></strong></span> <span class='ocrx_word' id='word_1_37' title='bbox 1030 706 1067 773; x_wconf 78' lang='grc' dir='ltr'><strong><em>ἐν</em></strong></span> <span class='ocrx_word' id='word_1_38' title='bbox 1087 704 1150 773; x_wconf 88' lang='grc' dir='ltr'><strong><em>θό-</em></strong></span> 
     </span>
     <span class='ocr_line' id='line_1_6' title="bbox 157 793 1197 891; baseline -0.001 -19"><span class='ocrx_word' id='word_1_39' title='bbox 157 830 235 891; x_wconf 90' lang='grc' dir='ltr'><strong><em>ματι</em></strong></span> <span class='ocrx_word' id='word_1_40' title='bbox 250 810 365 890; x_wconf 82' lang='grc' dir='ltr'><strong><em>ἔσκον,</em></strong></span> <span class='ocrx_word' id='word_1_41' title='bbox 387 801 477 889; x_wconf 83' lang='grc' dir='ltr'><strong><em>ὀρθά</em></strong></span> <span class='ocrx_word' id='word_1_42' title='bbox 494 803 645 882; x_wconf 78' lang='grc' dir='ltr'><strong><em>ἱστάντες</em></strong></span> <span class='ocrx_word' id='word_1_43' title='bbox 658 799 700 870; x_wconf 85' lang='grc' dir='ltr'><strong><em>τά</em></strong></span> <span class='ocrx_word' id='word_1_44' title='bbox 716 793 801 890; x_wconf 80' lang='grc' dir='ltr'><strong><em>άτα,</em></strong></span> <span class='ocrx_word' id='word_1_45' title='bbox 821 801 880 872; x_wconf 83' lang='grc' dir='ltr'><strong><em>άτε</em></strong></span> <span class='ocrx_word' id='word_1_46' title='bbox 897 802 976 873; x_wconf 80' lang='grc' dir='ltr'><strong><em>οὔτε</em></strong></span> <span class='ocrx_word' id='word_1_47' title='bbox 989 804 1149 875; x_wconf 87' lang='grc' dir='ltr'><strong><em>άκούσαν-</em></strong></span> <span class='ocrx_word' id='word_1_48' title='bbox 1193 801 1197 815; x_wconf 84' lang='grc'><strong>’</strong></span> 
     </span>
     <span class='ocr_line' id='line_1_7' title="bbox 155 902 1150 991; baseline 0.005 -20"><span class='ocrx_word' id='word_1_49' title='bbox 155 930 209 983; x_wconf 88' lang='grc' dir='ltr'><strong><em>τες</em></strong></span> <span class='ocrx_word' id='word_1_50' title='bbox 235 904 400 989; x_wconf 80' lang='grc' dir='ltr'><strong><em>πρότερον</em></strong></span> <span class='ocrx_word' id='word_1_51' title='bbox 424 911 540 991; x_wconf 82' lang='grc' dir='ltr'><strong><em>φωνῆς</em></strong></span> <span class='ocrx_word' id='word_1_52' title='bbox 565 902 721 990; x_wconf 77' lang='grc' dir='ltr'><strong><em>τοιαύτης</em></strong></span> <span class='ocrx_word' id='word_1_53' title='bbox 747 902 826 971; x_wconf 75' lang='grc' dir='ltr'><strong><em>οὔτε</em></strong></span> <span class='ocrx_word' id='word_1_54' title='bbox 850 905 979 987; x_wconf 91' lang='grc' dir='ltr'><strong><em>ἰδόντες</em></strong></span> <span class='ocrx_word' id='word_1_55' title='bbox 1003 905 1042 975; x_wconf 84' lang='grc' dir='ltr'><strong><em>τό</em></strong></span> <span class='ocrx_word' id='word_1_56' title='bbox 1063 906 1150 985; x_wconf 83' lang='grc' dir='ltr'><strong><em>εἶδος.</em></strong></span> 
     </span>
     <span class='ocr_line' id='line_1_8' title="bbox 155 1005 1151 1095; baseline 0.002 -22"><span class='ocrx_word' id='word_1_57' title='bbox 155 1013 260 1074; x_wconf 88' lang='grc' dir='ltr'><strong><em>ταῦτα</em></strong></span> <span class='ocrx_word' id='word_1_58' title='bbox 279 1009 342 1092; x_wconf 90' lang='grc' dir='ltr'><strong><em>μέν</em></strong></span> <span class='ocrx_word' id='word_1_59' title='bbox 363 1032 430 1073; x_wconf 92' lang='grc' dir='ltr'><strong><em>νυν</em></strong></span> <span class='ocrx_word' id='word_1_60' title='bbox 447 1008 500 1073; x_wconf 83' lang='grc' dir='ltr'><strong><em>έπί</em></strong></span> <span class='ocrx_word' id='word_1_61' title='bbox 521 1005 665 1092; x_wconf 90' lang='grc' dir='ltr'><strong><em>σμικρόν</em></strong></span> <span class='ocrx_word' id='word_1_62' title='bbox 685 1032 717 1073; x_wconf 88' lang='grc' dir='ltr'><strong><em>τι</em></strong></span> <span class='ocrx_word' id='word_1_63' title='bbox 740 1006 902 1092; x_wconf 77' lang='grc' dir='ltr'><strong><em>ἐφέροντο</em></strong></span> <span class='ocrx_word' id='word_1_64' title='bbox 923 1014 985 1076; x_wconf 91' lang='grc' dir='ltr'><strong><em>τοῦ</em></strong></span> <span class='ocrx_word' id='word_1_65' title='bbox 1001 1012 1151 1095; x_wconf 87' lang='grc' dir='ltr'><strong><em>πολέμου.</em></strong></span> 
     </span>
    </p>

    <p class='ocr_par' dir='ltr' id='par_1_4' title="bbox 92 1097 1215 1799">
     <span class='ocr_line' id='line_1_9' title="bbox 92 1097 1152 1195; baseline 0.007 -27"><span class='ocrx_word' id='word_1_66' title='bbox 92 1118 139 1169; x_wconf 85' lang='grc'><strong><em>130</em></strong></span> <span class='ocrx_word' id='word_1_67' title='bbox 158 1110 202 1174; x_wconf 72' lang='lat' dir='ltr'><strong><em>Ol</em></strong></span> <span class='ocrx_word' id='word_1_68' title='bbox 212 1108 248 1174; x_wconf 78' lang='grc' dir='ltr'><strong><em>δέ</em></strong></span> <span class='ocrx_word' id='word_1_69' title='bbox 261 1097 399 1175; x_wconf 87' lang='grc' dir='ltr'><strong><em>Σκύθαι</em></strong></span> <span class='ocrx_word' id='word_1_70' title='bbox 409 1102 497 1184; x_wconf 86' lang='grc' dir='ltr'><strong><em>όκως</em></strong></span> <span class='ocrx_word' id='word_1_71' title='bbox 507 1103 586 1184; x_wconf 83' lang='grc' dir='ltr'><strong><em>τοῦς</em></strong></span> <span class='ocrx_word' id='word_1_72' title='bbox 592 1109 725 1191; x_wconf 88' lang='grc' dir='ltr'><strong><em>Πέρσας</em></strong></span> <span class='ocrx_word' id='word_1_73' title='bbox 735 1109 842 1172; x_wconf 87' lang='grc' dir='ltr'><strong><em>ίδοιεν</em></strong></span> <span class='ocrx_word' id='word_1_74' title='bbox 852 1113 1152 1195; x_wconf 67' lang='grc' dir='ltr'><strong><em>τεθορυβημένως,</em></strong></span> 
     </span>
     <span class='ocr_line' id='line_1_10' title="bbox 157 1204 1152 1295; baseline 0.003 -24"><span class='ocrx_word' id='word_1_75' title='bbox 157 1208 214 1272; x_wconf 80' lang='grc' dir='ltr'><strong><em>ἵνα</em></strong></span> <span class='ocrx_word' id='word_1_76' title='bbox 228 1206 453 1291; x_wconf 69' lang='grc' dir='ltr'><strong><em>παραμένοιεν</em></strong></span> <span class='ocrx_word' id='word_1_77' title='bbox 467 1230 504 1271; x_wconf 92' lang='grc' dir='ltr'><strong><em>τε</em></strong></span> <span class='ocrx_word' id='word_1_78' title='bbox 521 1204 574 1271; x_wconf 85' lang='grc' dir='ltr'><strong><em>έπί</em></strong></span> <span class='ocrx_word' id='word_1_79' title='bbox 587 1205 677 1271; x_wconf 88' lang='grc' dir='ltr'><strong><em>πλέω</em></strong></span> <span class='ocrx_word' id='word_1_80' title='bbox 691 1205 817 1289; x_wconf 90' lang='grc' dir='ltr'><strong><em>χρόνον</em></strong></span> <span class='ocrx_word' id='word_1_81' title='bbox 831 1206 870 1272; x_wconf 83' lang='grc' dir='ltr'><strong><em>ἐν</em></strong></span> <span class='ocrx_word' id='word_1_82' title='bbox 882 1211 923 1292; x_wconf 81' lang='grc' dir='ltr'><strong><em>τῇ</em></strong></span> <span class='ocrx_word' id='word_1_83' title='bbox 933 1213 1092 1295; x_wconf 80' lang='grc' dir='ltr'><strong><em>Σκυθικῇ</em></strong></span> <span class='ocrx_word' id='word_1_84' title='bbox 1106 1206 1152 1274; x_wconf 80' lang='grc' dir='ltr'><strong><em>καὶ</em></strong></span> 
     </span>
     <span class='ocr_line' id='line_1_11' title="bbox 156 1302 1152 1397; baseline 0.001 -23"><span class='ocrx_word' id='word_1_85' title='bbox 156 1306 405 1392; x_wconf 83' lang='grc' dir='ltr'><strong><em>παραμένοντες</em></strong></span> <span class='ocrx_word' id='word_1_86' title='bbox 429 1302 574 1397; x_wconf 70' lang='grc' dir='ltr'><strong><em>άνιχάατο</em></strong></span> <span class='ocrx_word' id='word_1_87' title='bbox 606 1309 675 1370; x_wconf 81' lang='grc' dir='ltr'><strong><em>νῦν</em></strong></span> <span class='ocrx_word' id='word_1_88' title='bbox 702 1302 840 1371; x_wconf 90' lang='grc' dir='ltr'><strong><em>πάντων</em></strong></span> <span class='ocrx_word' id='word_1_89' title='bbox 871 1306 1016 1386; x_wconf 75' lang='grc' dir='ltr'><strong><em>ἐπιδεέες</em></strong></span> <span class='ocrx_word' id='word_1_90' title='bbox 1039 1306 1152 1394; x_wconf 84' lang='grc' dir='ltr'><strong><em>ἐόντες,</em></strong></span> 
     </span>
     <span class='ocr_line' id='line_1_12' title="bbox 156 1402 1153 1491; baseline 0 -17"><span class='ocrx_word' id='word_1_91' title='bbox 156 1411 292 1475; x_wconf 81' lang='grc' dir='ltr'><strong><em>ἐποίευν</em></strong></span> <span class='ocrx_word' id='word_1_92' title='bbox 305 1405 435 1474; x_wconf 89' lang='grc' dir='ltr'><strong><em>τοιάδε·</em></strong></span> <span class='ocrx_word' id='word_1_93' title='bbox 457 1403 544 1482; x_wconf 83' lang='grc' dir='ltr'><strong><em>ὅκως</em></strong></span> <span class='ocrx_word' id='word_1_94' title='bbox 558 1409 627 1471; x_wconf 78' lang='grc' dir='ltr'><strong><em>τῶν</em></strong></span> <span class='ocrx_word' id='word_1_95' title='bbox 640 1402 821 1491; x_wconf 78' lang='grc' dir='ltr'><strong><em>προβάτων</em></strong></span> <span class='ocrx_word' id='word_1_96' title='bbox 831 1410 901 1471; x_wconf 78' lang='grc' dir='ltr'><strong><em>τῶν</em></strong></span> <span class='ocrx_word' id='word_1_97' title='bbox 910 1407 1084 1491; x_wconf 84' lang='grc' dir='ltr'><strong><em>σφετέρων</em></strong></span> <span class='ocrx_word' id='word_1_98' title='bbox 1097 1404 1153 1473; x_wconf 57' lang='grc' dir='ltr'><strong><em>αι’»</em></strong></span> 
     </span>
     <span class='ocr_line' id='line_1_13' title="bbox 153 1501 1153 1594; baseline -0.005 -16"><span class='ocrx_word' id='word_1_99' title='bbox 153 1516 222 1578; x_wconf 79' lang='grc' dir='ltr'><strong><em>τῶν</em></strong></span> <span class='ocrx_word' id='word_1_100' title='bbox 238 1512 453 1577; x_wconf 88' lang='grc' dir='ltr'><strong><em>καταλίποιεν</em></strong></span> <span class='ocrx_word' id='word_1_101' title='bbox 468 1501 549 1592; x_wconf 86' lang='grc' dir='ltr'><strong><em>μετά</em></strong></span> <span class='ocrx_word' id='word_1_102' title='bbox 564 1511 633 1573; x_wconf 80' lang='grc' dir='ltr'><strong><em>τῶν</em></strong></span> <span class='ocrx_word' id='word_1_103' title='bbox 642 1508 792 1591; x_wconf 91' lang='grc' dir='ltr'><strong><em>νομέων,</em></strong></span> <span class='ocrx_word' id='word_1_104' title='bbox 808 1502 904 1573; x_wconf 87' lang='grc' dir='ltr'><strong><em>αύτοί</em></strong></span> <span class='ocrx_word' id='word_1_105' title='bbox 915 1502 960 1575; x_wconf 84' lang='grc' dir='ltr'><strong><em>άν</em></strong></span> <span class='ocrx_word' id='word_1_106' title='bbox 970 1503 1153 1594; x_wconf 75' lang='grc' dir='ltr'><strong><em>ὑπεξήλαυ-</em></strong></span> 
     </span>
     <span class='ocr_line' id='line_1_14' title="bbox 153 1601 1215 1774; baseline -0.003 -96"><span class='ocrx_word' id='word_1_107' title='bbox 153 1637 217 1678; x_wconf 90' lang='grc' dir='ltr'><strong><em>νον</em></strong></span> <span class='ocrx_word' id='word_1_108' title='bbox 232 1612 264 1689; x_wconf 86' lang='grc' dir='ltr'><strong><em>ές</em></strong></span> <span class='ocrx_word' id='word_1_109' title='bbox 285 1607 389 1677; x_wconf 86' lang='grc' dir='ltr'><strong><em>άλλον</em></strong></span> <span class='ocrx_word' id='word_1_110' title='bbox 409 1614 535 1693; x_wconf 75' lang='grc' dir='ltr'><strong><em>χαῖρον,</em></strong></span> <span class='ocrx_word' id='word_1_111' title='bbox 558 1610 592 1674; x_wconf 81' lang='grc' dir='ltr'><strong><em>οἰ</em></strong></span> <span class='ocrx_word' id='word_1_112' title='bbox 609 1607 647 1674; x_wconf 74' lang='grc' dir='ltr'><strong><em>δέ</em></strong></span> <span class='ocrx_word' id='word_1_113' title='bbox 660 1601 705 1673; x_wconf 80' lang='grc' dir='ltr'><strong><em>άν</em></strong></span> <span class='ocrx_word' id='word_1_114' title='bbox 718 1609 846 1695; x_wconf 80' lang='grc' dir='ltr'><strong><em>Πέρσαι</em></strong></span> <span class='ocrx_word' id='word_1_115' title='bbox 867 1606 1067 1687; x_wconf 79' lang='grc' dir='ltr'><strong><em>ἐπελθόντες</em></strong></span> <span class='ocrx_word' id='word_1_116' title='bbox 1080 1607 1154 1677; x_wconf 85' lang='grc' dir='ltr'><strong><em>έλά-</em></strong></span> <span class='ocrx_word' id='word_1_117' title='bbox 1213 1617 1215 1774; x_wconf 59' lang='grc' dir='ltr'><strong><em>χ</em></strong></span> 
     </span>
     <span class='ocr_line' id='line_1_15' title="bbox 154 1705 1153 1800; baseline -0.004 -21"><span class='ocrx_word' id='word_1_118' title='bbox 154 1720 277 1799; x_wconf 87' lang='grc' dir='ltr'><strong><em>βεσκον</em></strong></span> <span class='ocrx_word' id='word_1_119' title='bbox 300 1707 341 1778; x_wconf 83' lang='grc' dir='ltr'><strong><em>τά</em></strong></span> <span class='ocrx_word' id='word_1_120' title='bbox 363 1708 531 1797; x_wconf 91' lang='grc' dir='ltr'><strong><em>πρόβατα,</em></strong></span> <span class='ocrx_word' id='word_1_121' title='bbox 559 1711 615 1775; x_wconf 81' lang='grc' dir='ltr'><strong><em>καί</em></strong></span> <span class='ocrx_word' id='word_1_122' title='bbox 637 1707 797 1794; x_wconf 86' lang='grc' dir='ltr'><strong><em>λαβόντες</em></strong></span> <span class='ocrx_word' id='word_1_123' title='bbox 821 1705 1066 1795; x_wconf 73' lang='grc' dir='ltr'><strong><em>ἐπηείροντο</em></strong></span> <span class='ocrx_word' id='word_1_124' title='bbox 1044 1736 1089 1777; x_wconf 94' lang='grc' dir='ltr'><strong><em>αν</em></strong></span> <span class='ocrx_word' id='word_1_125' title='bbox 1112 1716 1153 1800; x_wconf 76' lang='grc' dir='ltr'><strong><em>τῷ</em></strong></span> 
     </span>
    </p>

    <p class='ocr_par' dir='ltr' id='par_1_5' title="bbox 88 1781 1215 2690">
     <span class='ocr_line' id='line_1_16' title="bbox 88 1781 1215 1958; baseline -0.005 -79"><span class='ocrx_word' id='word_1_126' title='bbox 88 1826 129 1879; x_wconf 76' lang='grc'><strong><em>111</em></strong></span> <span class='ocrx_word' id='word_1_127' title='bbox 151 1813 372 1899; x_wconf 80' lang='grc' dir='ltr'><strong><em>πεποιημένω.</em></strong></span> <span class='ocrx_word' id='word_1_128' title='bbox 417 1807 586 1885; x_wconf 83' lang='grc' dir='ltr'><strong><em>Πολλάκις</em></strong></span> <span class='ocrx_word' id='word_1_129' title='bbox 611 1808 648 1874; x_wconf 74' lang='grc' dir='ltr'><strong><em>δέ</em></strong></span> <span class='ocrx_word' id='word_1_130' title='bbox 674 1806 832 1874; x_wconf 89' lang='grc' dir='ltr'><strong><em>τοιούτου</em></strong></span> <span class='ocrx_word' id='word_1_131' title='bbox 855 1808 1040 1893; x_wconf 75' lang='grc' dir='ltr'><strong><em>γινομένου</em></strong></span> <span class='ocrx_word' id='word_1_132' title='bbox 1066 1781 1154 1885; x_wconf 88' lang='grc' dir='ltr'><strong><em>τέλός</em></strong></span> <span class='ocrx_word' id='word_1_133' title='bbox 1213 1813 1215 1958; x_wconf 58' lang='grc' dir='ltr'><strong><em>χ</em></strong></span> 
     </span>
     <span class='ocr_line' id='line_1_17' title="bbox 152 1903 1154 1994; baseline -0.006 -15"><span class='ocrx_word' id='word_1_134' title='bbox 152 1908 298 1992; x_wconf 78' lang='grc' dir='ltr'><strong><em>Δαρεῖός</em></strong></span> <span class='ocrx_word' id='word_1_135' title='bbox 314 1934 349 1975; x_wconf 87' lang='grc' dir='ltr'><strong><em>τε</em></strong></span> <span class='ocrx_word' id='word_1_136' title='bbox 371 1903 448 1974; x_wconf 83' lang='grc' dir='ltr'><strong><em>ἐν’</em></strong></span> <span class='ocrx_word' id='word_1_137' title='bbox 430 1911 587 1992; x_wconf 87' lang='grc' dir='ltr'><strong><em>απορίησι</em></strong></span> <span class='ocrx_word' id='word_1_138' title='bbox 609 1913 730 1991; x_wconf 87' lang='grc' dir='ltr'><strong><em>εἰχετο,</em></strong></span> <span class='ocrx_word' id='word_1_139' title='bbox 752 1908 808 1974; x_wconf 91' lang='grc' dir='ltr'><strong><em>και</em></strong></span> <span class='ocrx_word' id='word_1_140' title='bbox 822 1932 854 1974; x_wconf 90' lang='grc' dir='ltr'><strong><em>οι</em></strong></span> <span class='ocrx_word' id='word_1_141' title='bbox 847 1910 1040 1976; x_wconf 88' lang='grc' dir='ltr'><strong><em>Σκυθέων</em></strong></span> <span class='ocrx_word' id='word_1_142' title='bbox 1061 1914 1154 1994; x_wconf 89' lang='grc' dir='ltr'><strong><em>βασι-</em></strong></span> 
     </span>
     <span class='ocr_line' id='line_1_18' title="bbox 151 2006 1153 2129; baseline -0.004 -52"><span class='ocrx_word' id='word_1_143' title='bbox 151 2011 222 2086; x_wconf 86' lang='grc' dir='ltr'><strong><em>λέες</em></strong></span> <span class='ocrx_word' id='word_1_144' title='bbox 237 2006 404 2094; x_wconf 80' lang='grc' dir='ltr'><strong><em>μαθόντες</em></strong></span> <span class='ocrx_word' id='word_1_145' title='bbox 419 2012 517 2073; x_wconf 91' lang='grc' dir='ltr'><strong><em>τοῦτο</em></strong></span> <span class='ocrx_word' id='word_1_146' title='bbox 533 2009 684 2090; x_wconf 77' lang='grc' dir='ltr'><strong><em>ἔπεμπον</em></strong></span> <span class='ocrx_word' id='word_1_147' title='bbox 694 2029 825 2090; x_wconf 91' lang='grc' dir='ltr'><strong><em>κηρυκα</em></strong></span> <span class='ocrx_word' id='word_1_148' title='bbox 839 2010 930 2091; x_wconf 78' lang='grc' dir='ltr'><strong><em>δῶρα</em></strong></span> <span class='ocrx_word' id='word_1_149' title='bbox 941 2013 1078 2129; x_wconf 78' lang='grc' dir='ltr'><strong><em>Δαρείῳ</em></strong></span> <span class='ocrx_word' id='word_1_150' title='bbox 1097 2010 1153 2092; x_wconf 82' lang='grc' dir='ltr'><strong><em>φέ-</em></strong></span> 
     </span>
     <span class='ocr_line' id='line_1_19' title="bbox 152 2104 1153 2196; baseline -0.005 -17"><span class='ocrx_word' id='word_1_151' title='bbox 152 2138 255 2196; x_wconf 89' lang='grc' dir='ltr'><strong><em>ροντα</em></strong></span> <span class='ocrx_word' id='word_1_152' title='bbox 266 2107 392 2195; x_wconf 79' lang='grc' dir='ltr'><strong><em>ὄρνιθά</em></strong></span> <span class='ocrx_word' id='word_1_153' title='bbox 401 2133 436 2176; x_wconf 92' lang='grc' dir='ltr'><strong><em>τε</em></strong></span> <span class='ocrx_word' id='word_1_154' title='bbox 447 2109 502 2174; x_wconf 89' lang='grc' dir='ltr'><strong><em>καί</em></strong></span> <span class='ocrx_word' id='word_1_155' title='bbox 513 2113 582 2193; x_wconf 86' lang='grc' dir='ltr'><strong><em>μῦν</em></strong></span> <span class='ocrx_word' id='word_1_156' title='bbox 592 2109 648 2174; x_wconf 84' lang='grc' dir='ltr'><strong><em>καὶ</em></strong></span> <span class='ocrx_word' id='word_1_157' title='bbox 659 2105 828 2193; x_wconf 86' lang='grc' dir='ltr'><strong><em>βάτραχον</em></strong></span> <span class='ocrx_word' id='word_1_158' title='bbox 838 2109 893 2176; x_wconf 83' lang='grc' dir='ltr'><strong><em>καὶ</em></strong></span> <span class='ocrx_word' id='word_1_159' title='bbox 904 2104 1037 2186; x_wconf 74' lang='grc' dir='ltr'><strong><em>ὀιστούς</em></strong></span> <span class='ocrx_word' id='word_1_160' title='bbox 1048 2110 1153 2176; x_wconf 86' lang='grc' dir='ltr'><strong><em>πέντε.</em></strong></span> 
     </span>
     <span class='ocr_line' id='line_1_20' title="bbox 151 2202 1154 2294; baseline -0.006 -16"><span class='ocrx_word' id='word_1_161' title='bbox 151 2214 278 2294; x_wconf 87' lang='grc' dir='ltr'><strong><em>Πέρσαι</em></strong></span> <span class='ocrx_word' id='word_1_162' title='bbox 298 2205 335 2274; x_wconf 80' lang='grc' dir='ltr'><strong><em>δέ</em></strong></span> <span class='ocrx_word' id='word_1_163' title='bbox 355 2202 416 2274; x_wconf 82' lang='grc' dir='ltr'><strong><em>τόν</em></strong></span> <span class='ocrx_word' id='word_1_164' title='bbox 438 2208 584 2291; x_wconf 83' lang='grc' dir='ltr'><strong><em>φέροντα</em></strong></span> <span class='ocrx_word' id='word_1_165' title='bbox 604 2203 645 2272; x_wconf 85' lang='grc' dir='ltr'><strong><em>τά</em></strong></span> <span class='ocrx_word' id='word_1_166' title='bbox 667 2209 759 2291; x_wconf 80' lang='grc' dir='ltr'><strong><em>δῶρα</em></strong></span> <span class='ocrx_word' id='word_1_167' title='bbox 774 2204 973 2290; x_wconf 84' lang='grc' dir='ltr'><strong><em>έπειριότεον</em></strong></span> <span class='ocrx_word' id='word_1_168' title='bbox 993 2203 1057 2274; x_wconf 84' lang='grc' dir='ltr'><strong><em>τόν</em></strong></span> <span class='ocrx_word' id='word_1_169' title='bbox 1073 2206 1154 2275; x_wconf 92' lang='grc' dir='ltr'><strong><em>νόον</em></strong></span> 
     </span>
     <span class='ocr_line' id='line_1_21' title="bbox 149 2301 1153 2392; baseline 0 -16"><span class='ocrx_word' id='word_1_170' title='bbox 149 2315 216 2376; x_wconf 79' lang='grc' dir='ltr'><strong><em>τῶν</em></strong></span> <span class='ocrx_word' id='word_1_171' title='bbox 238 2307 441 2392; x_wconf 84' lang='grc' dir='ltr'><strong><em>διδομένων·</em></strong></span> <span class='ocrx_word' id='word_1_172' title='bbox 468 2301 488 2372; x_wconf 84' lang='grc' dir='ltr'><strong>ὁ</strong></span> <span class='ocrx_word' id='word_1_173' title='bbox 505 2307 541 2373; x_wconf 76' lang='grc' dir='ltr'><strong><em>δέ</em></strong></span> <span class='ocrx_word' id='word_1_174' title='bbox 557 2301 659 2373; x_wconf 79' lang='grc' dir='ltr'><strong><em>οῦδὲν</em></strong></span> <span class='ocrx_word' id='word_1_175' title='bbox 674 2309 739 2392; x_wconf 78' lang='grc' dir='ltr'><strong><em>ἔφη</em></strong></span> <span class='ocrx_word' id='word_1_176' title='bbox 760 2310 794 2372; x_wconf 92' lang='grc' dir='ltr'><strong><em>οἰ</em></strong></span> <span class='ocrx_word' id='word_1_177' title='bbox 812 2305 1015 2374; x_wconf 73' lang='grc' dir='ltr'><strong><em>ἐπεστάλθαι</em></strong></span> <span class='ocrx_word' id='word_1_178' title='bbox 1031 2305 1115 2376; x_wconf 76' lang='grc' dir='ltr'><strong><em>ἄλλο</em></strong></span> <span class='ocrx_word' id='word_1_179' title='bbox 1132 2301 1153 2390; x_wconf 77' lang='grc' dir='ltr'><strong><em>ἦ</em></strong></span> 
     </span>
     <span class='ocr_line' id='line_1_22' title="bbox 149 2399 1151 2492; baseline -0.005 -15"><span class='ocrx_word' id='word_1_180' title='bbox 149 2407 252 2476; x_wconf 90' lang='grc' dir='ltr'><strong><em>δόντα</em></strong></span> <span class='ocrx_word' id='word_1_181' title='bbox 275 2402 337 2492; x_wconf 75' lang='grc' dir='ltr'><strong><em>τὴν</em></strong></span> <span class='ocrx_word' id='word_1_182' title='bbox 364 2411 519 2490; x_wconf 89' lang='grc' dir='ltr'><strong><em>ταχίστην</em></strong></span> <span class='ocrx_word' id='word_1_183' title='bbox 544 2399 837 2489; x_wconf 86' lang='grc' dir='ltr'><strong><em>άπαλλάσσεσθαι,</em></strong></span> <span class='ocrx_word' id='word_1_184' title='bbox 865 2400 989 2483; x_wconf 85' lang='grc' dir='ltr'><strong><em>αύτούς</em></strong></span> <span class='ocrx_word' id='word_1_185' title='bbox 1012 2406 1051 2473; x_wconf 77' lang='grc' dir='ltr'><strong><em>δέ</em></strong></span> <span class='ocrx_word' id='word_1_186' title='bbox 1075 2403 1151 2482; x_wconf 85' lang='grc' dir='ltr'><strong><em>τούς</em></strong></span> 
     </span>
     <span class='ocr_line' id='line_1_23' title="bbox 146 2499 1150 2592; baseline -0.007 -17"><span class='ocrx_word' id='word_1_187' title='bbox 146 2510 279 2592; x_wconf 84' lang='grc' dir='ltr'><strong><em>Πέρσας</em></strong></span> <span class='ocrx_word' id='word_1_188' title='bbox 303 2507 451 2589; x_wconf 76' lang='grc' dir='ltr'><strong><em>ἐκέλευε,</em></strong></span> <span class='ocrx_word' id='word_1_189' title='bbox 475 2507 506 2572; x_wconf 89' lang='grc' dir='ltr'><strong><em>εί</em></strong></span> <span class='ocrx_word' id='word_1_190' title='bbox 526 2510 631 2589; x_wconf 82' lang='grc' dir='ltr'><strong><em>σοφοί</em></strong></span> <span class='ocrx_word' id='word_1_191' title='bbox 653 2509 733 2588; x_wconf 92' lang='grc' dir='ltr'><strong><em>εἰσι,</em></strong></span> <span class='ocrx_word' id='word_1_192' title='bbox 762 2509 890 2588; x_wconf 78' lang='grc' dir='ltr'><strong><em>γνῶναι</em></strong></span> <span class='ocrx_word' id='word_1_193' title='bbox 914 2499 952 2570; x_wconf 83' lang='grc' dir='ltr'><strong><em>τό</em></strong></span> <span class='ocrx_word' id='word_1_194' title='bbox 978 2505 1091 2574; x_wconf 76' lang='grc' dir='ltr'><strong><em>ἐθέλει</em></strong></span> <span class='ocrx_word' id='word_1_195' title='bbox 1113 2500 1150 2571; x_wconf 80' lang='grc' dir='ltr'><strong><em>τά</em></strong></span> 
     </span>
     <span class='ocr_line' id='line_1_24' title="bbox 148 2598 1149 2690; baseline -0.005 -19"><span class='ocrx_word' id='word_1_196' title='bbox 148 2609 239 2690; x_wconf 81' lang='grc' dir='ltr'><strong><em>δῶρα</em></strong></span> <span class='ocrx_word' id='word_1_197' title='bbox 253 2606 371 2688; x_wconf 81' lang='grc' dir='ltr'><strong><em>λέγειν.</em></strong></span> <span class='ocrx_word' id='word_1_198' title='bbox 395 2608 498 2669; x_wconf 90' lang='grc' dir='ltr'><strong><em>ταῦτα</em></strong></span> <span class='ocrx_word' id='word_1_199' title='bbox 512 2598 718 2680; x_wconf 86' lang='grc' dir='ltr'><strong><em>άκούσαντες</em></strong></span> <span class='ocrx_word' id='word_1_200' title='bbox 733 2607 768 2670; x_wconf 94' lang='grc' dir='ltr'><strong><em>οἰ</em></strong></span> <span class='ocrx_word' id='word_1_201' title='bbox 775 2603 903 2686; x_wconf 86' lang='grc' dir='ltr'><strong><em>Πέρσαι</em></strong></span> <span class='ocrx_word' id='word_1_202' title='bbox 918 2600 1149 2688; x_wconf 81' lang='grc' dir='ltr'><strong><em>ἐβουλεύοντο.</em></strong></span> 
     </span>
    </p>

    <p class='ocr_par' dir='ltr' id='par_1_6' title="bbox 82 2691 1215 3580">
     <span class='ocr_line' id='line_1_25' title="bbox 82 2691 1150 2788; baseline -0.006 -19"><span class='ocrx_word' id='word_1_203' title='bbox 82 2717 130 2770; x_wconf 72' lang='grc'><strong><em>132</em></strong></span> <span class='ocrx_word' id='word_1_204' title='bbox 146 2708 296 2786; x_wconf 90' lang='grc' dir='ltr'><strong><em>Δαρείου</em></strong></span> <span class='ocrx_word' id='word_1_205' title='bbox 311 2703 373 2788; x_wconf 90' lang='grc' dir='ltr'><strong><em>μέν</em></strong></span> <span class='ocrx_word' id='word_1_206' title='bbox 394 2697 498 2788; x_wconf 82' lang='grc' dir='ltr'><strong><em>νυνὴ</em></strong></span> <span class='ocrx_word' id='word_1_207' title='bbox 519 2697 638 2786; x_wconf 81' lang='grc' dir='ltr'><strong><em>μνάμη</em></strong></span> <span class='ocrx_word' id='word_1_208' title='bbox 660 2691 705 2786; x_wconf 76' lang='grc' dir='ltr'><strong><em>ἦν</em></strong></span> <span class='ocrx_word' id='word_1_209' title='bbox 718 2701 860 2778; x_wconf 85' lang='grc' dir='ltr'><strong><em>Σκύθας</em></strong></span> <span class='ocrx_word' id='word_1_210' title='bbox 885 2703 998 2788; x_wconf 78' lang='grc' dir='ltr'><strong><em>ἑωυτῷ</em></strong></span> <span class='ocrx_word' id='word_1_211' title='bbox 1019 2699 1150 2768; x_wconf 90' lang='grc' dir='ltr'><strong><em>διδόναι</em></strong></span> 
     </span>
     <span class='ocr_line' id='line_1_26' title="bbox 147 2794 1152 2888; baseline -0.008 -17"><span class='ocrx_word' id='word_1_212' title='bbox 147 2803 251 2888; x_wconf 86' lang='grc' dir='ltr'><strong><em>σφέας</em></strong></span> <span class='ocrx_word' id='word_1_213' title='bbox 265 2826 300 2868; x_wconf 88' lang='grc' dir='ltr'><strong><em>τε</em></strong></span> <span class='ocrx_word' id='word_1_214' title='bbox 315 2796 439 2878; x_wconf 77' lang='grc' dir='ltr'><strong><em>αὐτούς</em></strong></span> <span class='ocrx_word' id='word_1_215' title='bbox 452 2801 507 2867; x_wconf 81' lang='grc' dir='ltr'><strong><em>καὶ</em></strong></span> <span class='ocrx_word' id='word_1_216' title='bbox 521 2805 587 2884; x_wconf 79' lang='grc' dir='ltr'><strong><em>γῆν</em></strong></span> <span class='ocrx_word' id='word_1_217' title='bbox 600 2803 702 2866; x_wconf 77' lang='grc' dir='ltr'><strong><em>τεκαὶ</em></strong></span> <span class='ocrx_word' id='word_1_218' title='bbox 715 2797 826 2884; x_wconf 86' lang='grc' dir='ltr'><strong><em>ύδωρ,</em></strong></span> <span class='ocrx_word' id='word_1_219' title='bbox 842 2798 981 2878; x_wconf 81' lang='grc' dir='ltr'><strong><em>εἰκάζων</em></strong></span> <span class='ocrx_word' id='word_1_220' title='bbox 995 2803 1087 2886; x_wconf 77' lang='grc' dir='ltr'><strong><em>τῇδε,</em></strong></span> <span class='ocrx_word' id='word_1_221' title='bbox 1109 2794 1152 2872; x_wconf 80' lang='grc' dir='ltr'><strong><em>ὡς</em></strong></span> 
     </span>
     <span class='ocr_line' id='line_1_27' title="bbox 146 2894 1150 2992; baseline -0.009 -18"><span class='ocrx_word' id='word_1_222' title='bbox 146 2912 210 2992; x_wconf 85' lang='grc' dir='ltr'><strong><em>μῦς</em></strong></span> <span class='ocrx_word' id='word_1_223' title='bbox 225 2905 288 2991; x_wconf 78' lang='grc' dir='ltr'><strong><em>μέν</em></strong></span> <span class='ocrx_word' id='word_1_224' title='bbox 302 2905 339 2972; x_wconf 87' lang='grc' dir='ltr'><strong><em>έν</em></strong></span> <span class='ocrx_word' id='word_1_225' title='bbox 353 2909 397 2990; x_wconf 71' lang='grc' dir='ltr'><strong><em>μβ</em></strong></span> <span class='ocrx_word' id='word_1_226' title='bbox 413 2908 540 2987; x_wconf 81' lang='grc' dir='ltr'><strong><em>γίνεται</em></strong></span> <span class='ocrx_word' id='word_1_227' title='bbox 556 2897 688 2987; x_wconf 86' lang='grc' dir='ltr'><strong><em>καρπόν</em></strong></span> <span class='ocrx_word' id='word_1_228' title='bbox 702 2897 763 2967; x_wconf 88' lang='grc' dir='ltr'><strong><em>τόν</em></strong></span> <span class='ocrx_word' id='word_1_229' title='bbox 782 2895 888 2966; x_wconf 88' lang='grc' dir='ltr'><strong><em>αύτὸν</em></strong></span> <span class='ocrx_word' id='word_1_230' title='bbox 908 2894 1084 2990; x_wconf 78' lang='grc' dir='ltr'><strong><em>άνθράπω</em></strong></span> <span class='ocrx_word' id='word_1_231' title='bbox 1101 2921 1150 2965; x_wconf 86' lang='grc' dir='ltr'><strong><em>σι-</em></strong></span> 
     </span>
     <span class='ocr_line' id='line_1_28' title="bbox 144 2996 1151 3090; baseline -0.008 -18"><span class='ocrx_word' id='word_1_232' title='bbox 144 3002 318 3090; x_wconf 90' lang='grc' dir='ltr'><strong><em>τεόμενος,</em></strong></span> <span class='ocrx_word' id='word_1_233' title='bbox 341 3000 505 3087; x_wconf 89' lang='grc' dir='ltr'><strong><em>βάτραχος</em></strong></span> <span class='ocrx_word' id='word_1_234' title='bbox 519 2999 556 3066; x_wconf 84' lang='grc' dir='ltr'><strong><em>δέ</em></strong></span> <span class='ocrx_word' id='word_1_235' title='bbox 573 3001 610 3066; x_wconf 89' lang='grc' dir='ltr'><strong><em>έν</em></strong></span> <span class='ocrx_word' id='word_1_236' title='bbox 624 2997 739 3084; x_wconf 86' lang='grc' dir='ltr'><strong><em>ύδατι,</em></strong></span> <span class='ocrx_word' id='word_1_237' title='bbox 761 2998 855 3081; x_wconf 87' lang='grc' dir='ltr'><strong><em>όρνις</em></strong></span> <span class='ocrx_word' id='word_1_238' title='bbox 869 2999 906 3065; x_wconf 76' lang='grc' dir='ltr'><strong><em>δέ</em></strong></span> <span class='ocrx_word' id='word_1_239' title='bbox 920 2996 1066 3082; x_wconf 88' lang='grc' dir='ltr'><strong><em>μάλιστα</em></strong></span> <span class='ocrx_word' id='word_1_240' title='bbox 1084 2996 1151 3065; x_wconf 83' lang='grc' dir='ltr'><strong><em>οἶκε</em></strong></span> 
     </span>
     <span class='ocr_line' id='line_1_29' title="bbox 144 3093 1215 3193; baseline -0.01 -23"><span class='ocrx_word' id='word_1_241' title='bbox 144 3107 251 3193; x_wconf 79' lang='grc' dir='ltr'><strong><em>ἵππω,</em></strong></span> <span class='ocrx_word' id='word_1_242' title='bbox 273 3096 352 3177; x_wconf 85' lang='grc' dir='ltr'><strong><em>τοῦς</em></strong></span> <span class='ocrx_word' id='word_1_243' title='bbox 372 3100 409 3166; x_wconf 74' lang='grc' dir='ltr'><strong><em>δέ</em></strong></span> <span class='ocrx_word' id='word_1_244' title='bbox 430 3094 562 3176; x_wconf 76' lang='grc' dir='ltr'><strong><em>ὀιστούς</em></strong></span> <span class='ocrx_word' id='word_1_245' title='bbox 580 3095 624 3177; x_wconf 84' lang='grc' dir='ltr'><strong><em>άις</em></strong></span> <span class='ocrx_word' id='word_1_246' title='bbox 643 3095 705 3186; x_wconf 72' lang='grc' dir='ltr'><strong><em>την</em></strong></span> <span class='ocrx_word' id='word_1_247' title='bbox 722 3100 867 3174; x_wconf 78' lang='grc' dir='ltr'><strong><em>ἑωυτῶν,</em></strong></span> <span class='ocrx_word' id='word_1_248' title='bbox 879 3093 987 3183; x_wconf 79' lang='grc' dir='ltr'><strong><em>άλκην</em></strong></span> <span class='ocrx_word' id='word_1_249' title='bbox 1004 3103 1148 3182; x_wconf 87' lang='grc' dir='ltr'><strong><em>παραδι-</em></strong></span> <span class='ocrx_word' id='word_1_250' title='bbox 1213 3156 1215 3159; x_wconf 86' lang='grc'><strong><em>.</em></strong></span> 
     </span>
     <span class='ocr_line' id='line_1_30' title="bbox 146 3194 1215 3288; baseline -0.002 -21"><span class='ocrx_word' id='word_1_251' title='bbox 146 3207 251 3267; x_wconf 88' lang='grc' dir='ltr'><strong><em>δοῦσι.</em></strong></span> <span class='ocrx_word' id='word_1_252' title='bbox 276 3197 360 3284; x_wconf 78' lang='grc' dir='ltr'><strong><em>αὕτη</em></strong></span> <span class='ocrx_word' id='word_1_253' title='bbox 374 3201 436 3284; x_wconf 74' lang='grc' dir='ltr'><strong><em>μέν</em></strong></span> <span class='ocrx_word' id='word_1_254' title='bbox 450 3204 584 3288; x_wconf 77' lang='grc' dir='ltr'><strong><em>Δαρείῳ</em></strong></span> <span class='ocrx_word' id='word_1_255' title='bbox 597 3194 618 3282; x_wconf 82' lang='grc' dir='ltr'><em>ἡ</em></span> <span class='ocrx_word' id='word_1_256' title='bbox 629 3198 747 3284; x_wconf 81' lang='grc' dir='ltr'><strong><em>χνιόμη</em></strong></span> <span class='ocrx_word' id='word_1_257' title='bbox 758 3195 969 3282; x_wconf 78' lang='grc' dir='ltr'><strong><em>ἀπεδέδεκτο,</em></strong></span> <span class='ocrx_word' id='word_1_258' title='bbox 986 3196 1151 3282; x_wconf 78' lang='grc' dir='ltr'><strong><em>συνεστη-</em></strong></span> <span class='ocrx_word' id='word_1_259' title='bbox 1213 3202 1215 3229; x_wconf 79' lang='lat'>²</span> 
     </span>
     <span class='ocr_line' id='line_1_31' title="bbox 144 3284 1215 3385; baseline -0.005 -21"><span class='ocrx_word' id='word_1_260' title='bbox 144 3323 200 3364; x_wconf 90' lang='grc' dir='ltr'><strong><em>κεε</em></strong></span> <span class='ocrx_word' id='word_1_261' title='bbox 221 3297 257 3362; x_wconf 74' lang='grc' dir='ltr'><strong><em>δὲ</em></strong></span> <span class='ocrx_word' id='word_1_262' title='bbox 277 3295 382 3384; x_wconf 87' lang='grc' dir='ltr'><strong><em>ταύτη</em></strong></span> <span class='ocrx_word' id='word_1_263' title='bbox 396 3303 437 3384; x_wconf 76' lang='grc' dir='ltr'><strong><em>τῇ</em></strong></span> <span class='ocrx_word' id='word_1_264' title='bbox 452 3295 569 3382; x_wconf 81' lang='grc' dir='ltr'><strong><em>γνάμη</em></strong></span> <span class='ocrx_word' id='word_1_265' title='bbox 589 3292 610 3381; x_wconf 79' lang='grc' dir='ltr'><em>ἡ</em></span> <span class='ocrx_word' id='word_1_266' title='bbox 628 3296 813 3383; x_wconf 88' lang='grc' dir='ltr'><strong><em>Γωβρύεω,</em></strong></span> <span class='ocrx_word' id='word_1_267' title='bbox 834 3300 903 3362; x_wconf 77' lang='grc' dir='ltr'><strong><em>τῶν</em></strong></span> <span class='ocrx_word' id='word_1_268' title='bbox 923 3289 1062 3377; x_wconf 73' lang='grc' dir='ltr'><strong><em>ἀνδρῶν</em></strong></span> <span class='ocrx_word' id='word_1_269' title='bbox 1083 3301 1150 3361; x_wconf 82' lang='grc' dir='ltr'><strong><em>τῶν</em></strong></span> <span class='ocrx_word' id='word_1_270' title='bbox 1213 3284 1215 3385; x_wconf 62' lang='grc' dir='ltr'><em>Ξ</em></span> 
     </span>
     <span class='ocr_line' id='line_1_32' title="bbox 144 3389 1149 3477; baseline -0.004 -16"><span class='ocrx_word' id='word_1_271' title='bbox 144 3389 225 3461; x_wconf 77' lang='grc' dir='ltr'><strong><em>ἑπτά</em></strong></span> <span class='ocrx_word' id='word_1_272' title='bbox 252 3390 326 3468; x_wconf 87' lang='grc' dir='ltr'><strong><em>ένός</em></strong></span> <span class='ocrx_word' id='word_1_273' title='bbox 347 3399 416 3459; x_wconf 79' lang='grc' dir='ltr'><strong><em>τῶν</em></strong></span> <span class='ocrx_word' id='word_1_274' title='bbox 436 3389 497 3459; x_wconf 82' lang='grc' dir='ltr'><strong><em>τόν</em></strong></span> <span class='ocrx_word' id='word_1_275' title='bbox 516 3391 626 3477; x_wconf 82' lang='grc' dir='ltr'><strong><em>μάγον</em></strong></span> <span class='ocrx_word' id='word_1_276' title='bbox 650 3392 875 3477; x_wconf 87' lang='grc' dir='ltr'><strong><em>κατελόντων,</em></strong></span> <span class='ocrx_word' id='word_1_277' title='bbox 899 3390 1089 3473; x_wconf 80' lang='grc' dir='ltr'><strong><em>εἰκάζοντος</em></strong></span> <span class='ocrx_word' id='word_1_278' title='bbox 1112 3389 1149 3457; x_wconf 82' lang='grc' dir='ltr'><strong><em>τά</em></strong></span> 
     </span>
     <span class='ocr_line' id='line_1_33' title="bbox 145 3486 1151 3580; baseline -0.001 -23"><span class='ocrx_word' id='word_1_279' title='bbox 145 3497 236 3571; x_wconf 73' lang='grc' dir='ltr'><strong><em>δοῦρα</em></strong></span> <span class='ocrx_word' id='word_1_280' title='bbox 256 3491 381 3574; x_wconf 77' lang='grc' dir='ltr'><strong><em>λέγειν·</em></strong></span> <span class='ocrx_word' id='word_1_281' title='bbox 418 3486 484 3556; x_wconf 87' lang='grc' dir='ltr'><strong><em>Ἢν</em></strong></span> <span class='ocrx_word' id='word_1_282' title='bbox 500 3487 543 3575; x_wconf 80' lang='grc' dir='ltr'><strong><em>μὴ</em></strong></span> <span class='ocrx_word' id='word_1_283' title='bbox 561 3488 697 3574; x_wconf 88' lang='grc' dir='ltr'><strong><em>ὄρννθες</em></strong></span> <span class='ocrx_word' id='word_1_284' title='bbox 711 3493 889 3578; x_wconf 79' lang='grc' dir='ltr'><strong><em>γενόμενοι</em></strong></span> <span class='ocrx_word' id='word_1_285' title='bbox 905 3490 1105 3580; x_wconf 83' lang='grc' dir='ltr'><strong><em>ἀναπτῆσθε</em></strong></span> <span class='ocrx_word' id='word_1_286' title='bbox 1119 3493 1151 3566; x_wconf 78' lang='grc' dir='ltr'><strong><em>ἐς</em></strong></span> 
     </span>
    </p>
   </div>
   <div class='ocr_carea' id='block_1_3' title="bbox 0 0 1254 3925">
    <p class='ocr_par' dir='ltr' id='par_1_7' title="bbox 0 0 1254 3925">
     <span class='ocr_line' id='line_1_34' title="bbox 0 0 1254 3925; baseline 0 0"><span class='ocrx_word' id='word_1_287' title='bbox 0 0 1254 3925; x_wconf 95' lang='lat' dir='ltr'><strong><em> </em></strong></span> 
     </span>
    </p>
   </div>
  </div>
 </body>
</html>
