2500 3925
351 218 436 274 ιιο.
469 217 506 273 vl
550 216 650 273 σεε.
684 224 858 278 ιιι-ιιι.
1047 215 1107 280 113

82 375 255 464 Ἀθήνας,
271 375 316 456 ῶς
330 401 387 464 μοι
401 376 569 460 πρότερον
583 374 775 462 δεδήλωται.
796 373 892 446 Ἀλλδ
907 376 972 466 γάρ
984 388 1062 458 ίσως
1073 404 1104 447 τι
1124 396 1173 449 124

96 475 360 562 ἐπιμεμφόμενοι
370 473 560 560 Ἀθηναίων
570 479 616 564 τῷ
628 474 722 565 δήμφ
733 478 956 558 προεδίδοσαν
964 475 1027 562 τὴν
1038 500 1103 543 πα-

94 578 199 658 τρίδα.
229 570 271 640 οῦ
286 574 349 659 μὲν
364 564 414 639 ῶν
427 565 516 658 ἦσάν
532 590 648 656 σφεων
664 568 760 638 ἄλλοι
776 572 993 659 δοκιμώτεροι
1012 578 1050 641 ἐν
1064 598 1104 659 γε

90 666 299 755 Ἀθηναίοισι
322 668 460 755 ἄνδρες,
485 664 560 736 οὐδ’
586 673 621 734 οἳ
642 673 770 752 μᾶλλον
790 671 983 756 ἐτετιμέατο.
1012 668 1102 737 οὕτω

93 766 175 837 οῦδὲ
190 768 290 855 λόγος
304 770 407 855 αίρέει
423 766 651 853 ἀναδεχθῆναι
665 770 702 833 ἐκ
715 792 754 853 γε
775 762 820 834 άν
833 769 964 837 τούτων
978 766 1102 837 άσπίδα

94 867 146 933 ἐπὶ
166 866 309 959 τοιούτῳ
325 866 423 959 λόγφ.
454 863 619 950 ἀνεδέχθη
637 862 781 951 μὲνγὰρ
799 863 913 953 άσπίς,
929 869 985 936 καὶ
1003 872 1101 935 τοῦτο

93 961 160 1032 οῦκ
174 970 243 1033 ἐστι
253 962 362 1044 άλλως
372 971 493 1033 είπείν·
516 965 646 1049 ἐγένετο
658 963 740 1048 γάρ·
761 959 798 1042 δς
807 966 922 1049 μέντοι
931 957 976 1058 ἦν
987 961 1005 1032 ὁ
1018 961 1102 1032 άνα-

94 1067 207 1149 δέξας,
223 1061 287 1132 οῦκ
302 1069 365 1151 ἐχω
380 1067 581 1150 προσωτέρω
597 1068 702 1132 ελπείυ
716 1062 854 1152 τοῦτον.

180 1167 225 1231 οί
236 1163 273 1230 δέ
284 1160 540 1250 Ἀλκμαιωνίδαι
552 1155 640 1248 ἦσαν
650 1163 713 1248 μὲν
722 1159 828 1229 καὶτὰ
840 1161 1104 1250 άνέκαθενλαμ-
1119 1174 1172 1228 12⁵

91 1263 171 1348 προδ
189 1265 227 1329 ἐν
248 1269 322 1351 τῇσι
337 1258 516 1351 Ἀθήνησι,
541 1257 606 1329 ἀπὸ
631 1261 668 1328 δέ
685 1256 908 1347 Ἀλκμαίωνος
929 1264 984 1331 καὶ
1005 1255 1101 1342 αὖτις

92 1361 289 1445 Μεγακλέος
299 1361 453 1446 ἐγένοντο
467 1361 523 1427 καὶ
538 1358 645 1445 κάρτα
657 1363 816 1444 λαμπροί.
839 1366 937 1428 τοῦτο
954 1361 1017 1447 μὲν
1034 1356 1099 1471 γάρ

90 1455 276 1544 Ἀλκμαίων
290 1453 309 1524 ὁ
324 1461 520 1545 Μεγακλέος
533 1471 620 1526 τοῖσι
636 1459 673 1526 ἐκ
684 1461 843 1540 Σαρδίων
854 1463 994 1527 Λυδοῖσι
1008 1481 1099 1544 παρα

94 1555 245 1642 Κροίσου
259 1551 528 1643 ἀπικνεομένοισι
548 1558 602 1624 ἐπὶ
622 1553 660 1624 τό
675 1554 877 1642 χρηστήριον
896 1553 934 1623 τό
955 1559 993 1625 έν
1009 1567 1099 1627 Δελ-

94 1667 188 1741 φοίσι
203 1654 428 1742 συμπρήκτωρ
445 1680 481 1723 τε
496 1658 622 1741 ἐγίνετο
640 1657 695 1722 καὶ
715 1654 951 1742 συνελάμβανε
964 1654 1099 1744 προδό-

92 1777 178 1839 μως,
193 1759 253 1822 καί
265 1779 325 1840 μιν
338 1761 483 1840 Κροῖσος
496 1753 691 1839 πυθόμενος
705 1759 773 1820 τῶν
787 1757 912 1821 Λυδῶν
925 1759 994 1822 τῶν
1008 1755 1041 1833 ἐς
1057 1749 1098 1820 τά

92 1849 273 1938 χρηστήρια
293 1851 499 1937 φοιτεόντων
514 1849 643 1920 έωιπδν
660 1844 699 1919 εὖ
713 1857 840 1920 ποιέειν
853 1854 1098 1940 μεταπέμπεται

93 1953 126 2028 ἐς
140 1949 285 2038 Σάρδις,
303 1947 510 2038 ἀπικόμενον
525 1948 561 2019 δέ
579 1954 736 2037 δωρέεται
750 1956 880 2042 χρυσῶ,
900 1948 962 2021 τόν
975 1946 1020 2019 άν
1036 1952 1100 2019 δό-

92 2075 188 2136 νηται
198 2055 245 2139 τῷ
257 2050 385 2117 ἑωυτοῦ
396 2048 522 2137 σάματι
539 2052 767 2130 ἐξενείκασθαι
778 2048 911 2130 ἐσάπαξ.
940 2046 1008 2119 δδέ
1024 2047 1098 2118 Ἀλ-

89 2153 220 2235 κμαίων
231 2143 317 2232 πρὸς
330 2144 393 2233 τὴν
407 2146 538 2237 δωρεὴν
550 2151 675 2218 ἐοῦσαν
688 2148 848 2236 τοιαότηυ
858 2148 972 2217 τοιάδε
984 2150 1098 2236 ἐπιτη-

90 2245 212 2324 δεύσας
221 2247 424 2331 προσέφερε·
440 2245 540 2326 ἐνδδς
549 2254 683 2317 κιθῶνα
693 2250 799 2334 μέγαν
808 2251 864 2316 καί
874 2248 1003 2318 κόλπον
1012 2258 1097 2318 πολ-

89 2342 151 2411 λδν
170 2344 434 2430 καταλιπόμενος
452 2351 514 2412 τοῦ
536 2351 702 2430 κιθῶνος,
724 2345 916 2429 κοθόρνους
936 2345 1016 2426 τοῦς
1037 2345 1097 2414 εῦ-

90 2460 184 2524 ρισκε
205 2438 409 2525 εὐρυτάτους
428 2443 545 2521 ἐόντας
564 2441 821 2529 ὑποδησάμενος
833 2442 886 2531 ἥίε
903 2447 936 2523 ές
952 2442 1013 2511 τόν
1028 2455 1096 2531 δη-

88 2537 237 2626 σαυρδν,
265 2542 299 2619 ἐς
320 2540 380 2608 τόν
399 2543 433 2607 σί
454 2544 672 2628 κατηγέοντο,
701 2540 852 2610 ἐσπεσῶυ
872 2543 909 2609 δέ
930 2544 962 2620 ές
983 2539 1095 2629 σωρόν

88 2637 275 2726 ψήγματος,
296 2644 411 2723 πρῶτα
431 2640 494 2724 μὲν
513 2640 678 2725 παρέσαξε
695 2637 786 2726 παρὰ
805 2637 864 2719 τὰς
883 2640 1011 2729 κνήμας
1030 2646 1091 2709 τοῦ

86 2742 215 2823 χρυσοῦ
229 2731 313 2803 ὅσον
325 2735 470 2822 έχῶρεον
486 2742 521 2806 οί
533 2740 715 2827 κόθορνοι,
738 2737 820 2826 μετά
838 2743 875 2809 δέ
890 2739 951 2809 τδν
965 2742 1093 2811 κόλπον

87 2836 196 2902 πάντα
209 2833 421 2921 πλησάμενος
434 2844 563 2923 χρυσοῦ
572 2840 629 2906 καὶ
643 2841 676 2917 ἐς
689 2837 748 2919 τάς
757 2846 869 2926 τρίχας
878 2848 936 2928 τῆς
946 2848 1093 2930 κεφαλῆς

86 2936 250 3013 διαπάσας
259 2942 322 3003 τοῦ
331 2935 504 3022 ψήγματος
513 2939 568 3005 καί
579 2936 661 3007 άλλο
672 2936 786 3025 λαβῶν
797 2941 830 3019 ἐς
839 2937 877 3007 τδ
890 2940 995 3028 στόμα
1007 2938 1093 3027 ἐξήιε

85 3037 122 3103 ἐκ
132 3041 193 3103 τοῦ
204 3033 393 3121 θησαυροῦ,
404 3037 512 3104 ἕλκων
523 3036 585 3124 μέν
598 3038 695 3123 μόγις
705 3034 783 3117 τοῦς
794 3038 995 3124 κοθόρνους,
1005 3060 1093 3105 παυ-

83 3137 114 3201 τὶ
129 3136 168 3200 δέ
181 3158 245 3222 τεφ
268 3130 369 3211 οίκῶς
389 3140 518 3219 μᾶλλον
537 3130 560 3221 ἢ
579 3132 763 3228 ιἰυθρῶπφ·
788 3143 850 3204 τοῦ
870 3136 910 3205 τό
929 3162 966 3205 τε
986 3137 1092 3224 στόμα

84 3236 242 3321 ἐβέβυστο
263 3232 318 3299 καὶ
338 3234 449 3301 πάντα
470 3234 651 3320 ἐξώγκωτο.
681 3237 797 3304 ίδόντα
817 3236 854 3303 δέ
867 3232 930 3303 τὸν
943 3243 1093 3329 Κροίσου

83 3335 186 3417 γέλως
197 3330 329 3416 ἐσῆλθε,
341 3340 399 3399 καί
408 3336 443 3401 οί
449 3334 559 3401 πάντα
567 3360 604 3402 τε
615 3338 727 3405 ἐκείνα
737 3339 827 3403 διδοί
834 3336 889 3402 καὶ
899 3332 983 3419 πρὸς
994 3338 1090 3421 ἐτερα

81 3430 238 3514 δωρέεται
249 3424 313 3578 offic
324 3430 453 3498 ἐλάσσω
465 3433 611 3501 ἐκείνων.
636 3426 726 3537 οῦτω
736 3430 1023 3581 μένέπλοότχσεὴ
1038 3438 1089 3502 οί-

163 3539 261 3578 HEROD.
307 3564 315 3577 .
