<?xml version="1.0" encoding="UTF-8"?>
<!DOCTYPE html PUBLIC "-//W3C//DTD XHTML 1.0 Transitional//EN"
    "http://www.w3.org/TR/xhtml1/DTD/xhtml1-transitional.dtd">
<html xmlns="http://www.w3.org/1999/xhtml" xml:lang="en" lang="en">
 <head>
  <title>
</title>
<meta http-equiv="Content-Type" content="text/html;charset=utf-8" />
  <meta name='ocr-system' content='tesseract 3.04.00' />
  <meta name='ocr-capabilities' content='ocr_page ocr_carea ocr_par ocr_line ocrx_word'/>
</head>
<body>
  <div class='ocr_page' id='page_1' title='image "./herodotihistori00dietgoog_0581.png"; bbox 0 0 2500 3925; ppageno 0'>
   <div class='ocr_carea' id='block_1_1' title="bbox 339 198 1101 293">
    <p class='ocr_par' dir='ltr' id='par_1_1' title="bbox 339 198 1101 293">
     <span class='ocr_line' id='line_1_1' title="bbox 339 198 1101 293; baseline 0.005 -33"><span class='ocrx_word' id='word_1_1' title='bbox 339 204 427 293; x_wconf 72' lang='grc' dir='ltr'><strong><em>κιο.</em></strong></span> <span class='ocrx_word' id='word_1_2' title='bbox 459 203 518 260; x_wconf 68' lang='lat' dir='ltr'><strong><em>vu</em></strong></span> <span class='ocrx_word' id='word_1_3' title='bbox 552 199 653 260; x_wconf 75' lang='lat' dir='ltr'><strong>cAP.</strong></span> <span class='ocrx_word' id='word_1_4' title='bbox 686 208 873 272; x_wconf 72' lang='grc' dir='ltr'><strong><em>σαι-ει.</em></strong></span> <span class='ocrx_word' id='word_1_5' title='bbox 1040 198 1101 264; x_wconf 78' lang='lat' dir='ltr'><em>m</em></span> 
     </span>
    </p>
   </div>
   <div class='ocr_carea' id='block_1_2' title="bbox 14 357 1164 3524">
    <p class='ocr_par' dir='ltr' id='par_1_2' title="bbox 94 357 1164 2036">
     <span class='ocr_line' id='line_1_2' title="bbox 96 357 1098 454; baseline -0.004 -18"><span class='ocrx_word' id='word_1_6' title='bbox 96 392 160 436; x_wconf 85' lang='grc' dir='ltr'><strong><em>νυν</em></strong></span> <span class='ocrx_word' id='word_1_7' title='bbox 181 388 354 454; x_wconf 88' lang='grc' dir='ltr'><strong><em>γινομενοι</em></strong></span> <span class='ocrx_word' id='word_1_8' title='bbox 370 359 471 432; x_wconf 66' lang='grc' dir='ltr'><strong><em>οὐδέν</em></strong></span> <span class='ocrx_word' id='word_1_9' title='bbox 493 363 611 447; x_wconf 83' lang='grc' dir='ltr'><strong><em>κέρδος</em></strong></span> <span class='ocrx_word' id='word_1_10' title='bbox 632 363 717 448; x_wconf 98' lang='grc' dir='ltr'><strong><em>μέγα</em></strong></span> <span class='ocrx_word' id='word_1_11' title='bbox 738 357 818 448; x_wconf 83' lang='grc' dir='ltr'><strong><em>ήμῑν</em></strong></span> <span class='ocrx_word' id='word_1_12' title='bbox 838 361 1098 454; x_wconf 75' lang='grc' dir='ltr'><strong><em>προσβάλλουσι,</em></strong></span> 
     </span>
     <span class='ocr_line' id='line_1_3' title="bbox 94 455 1100 551; baseline -0.004 -15"><span class='ocrx_word' id='word_1_13' title='bbox 94 466 297 538; x_wconf 89' lang='grc' dir='ltr'><strong><em>δικαιότατοι</em></strong></span> <span class='ocrx_word' id='word_1_14' title='bbox 307 463 344 533; x_wconf 72' lang='grc' dir='ltr'><strong><em>δέ</em></strong></span> <span class='ocrx_word' id='word_1_15' title='bbox 354 463 527 551; x_wconf 77' lang='grc' dir='ltr'><em>γινόμενοι</em></span> <span class='ocrx_word' id='word_1_16' title='bbox 536 455 646 530; x_wconf 76' lang='grc' dir='ltr'><strong><em>οἷοίτε</em></strong></span> <span class='ocrx_word' id='word_1_17' title='bbox 658 458 866 548; x_wconf 74' lang='grc' dir='ltr'><strong><em>δηλήσασθαι</em></strong></span> <span class='ocrx_word' id='word_1_18' title='bbox 876 461 1026 549; x_wconf 84' lang='grc' dir='ltr'><strong><em>μεγάλως</em></strong></span> <span class='ocrx_word' id='word_1_19' title='bbox 1037 461 1100 551; x_wconf 84' lang='grc' dir='ltr'><strong><em>τήν</em></strong></span> 
     </span>
     <span class='ocr_line' id='line_1_4' title="bbox 94 549 1100 653; baseline -0.003 -19"><span class='ocrx_word' id='word_1_20' title='bbox 94 562 159 653; x_wconf 85' lang='grc' dir='ltr'><strong><em>σήν</em></strong></span> <span class='ocrx_word' id='word_1_21' title='bbox 173 559 331 651; x_wconf 85' lang='grc' dir='ltr'><strong><em>στρατιήν</em></strong></span> <span class='ocrx_word' id='word_1_22' title='bbox 346 568 506 649; x_wconf 90' lang='grc' dir='ltr'><strong><em>γίνονται.</em></strong></span> <span class='ocrx_word' id='word_1_23' title='bbox 536 561 569 639; x_wconf 85' lang='grc' dir='ltr'><strong><em>ές</em></strong></span> <span class='ocrx_word' id='word_1_24' title='bbox 583 556 700 646; x_wconf 86' lang='grc' dir='ltr'><strong><em>θυμόν</em></strong></span> <span class='ocrx_word' id='word_1_25' title='bbox 715 549 765 627; x_wconf 71' lang='grc' dir='ltr'><strong><em>οἷν</em></strong></span> <span class='ocrx_word' id='word_1_26' title='bbox 773 558 895 646; x_wconf 86' lang='grc' dir='ltr'><strong><em>βάλλεο</em></strong></span> <span class='ocrx_word' id='word_1_27' title='bbox 905 563 960 650; x_wconf 82' lang='grc' dir='ltr'><strong><em>καί</em></strong></span> <span class='ocrx_word' id='word_1_28' title='bbox 980 561 1016 631; x_wconf 85' lang='grc' dir='ltr'><strong><em>τό</em></strong></span> <span class='ocrx_word' id='word_1_29' title='bbox 1033 585 1100 631; x_wconf 89' lang='grc' dir='ltr'><strong><em>πα-</em></strong></span> 
     </span>
     <span class='ocr_line' id='line_1_5' title="bbox 95 653 1099 749; baseline -0.002 -17"><span class='ocrx_word' id='word_1_30' title='bbox 95 659 193 732; x_wconf 83' lang='grc' dir='ltr'><strong><em>λαιόν</em></strong></span> <span class='ocrx_word' id='word_1_31' title='bbox 207 666 286 741; x_wconf 73' lang='grc' dir='ltr'><strong><em>ἔπος</em></strong></span> <span class='ocrx_word' id='word_1_32' title='bbox 301 656 346 740; x_wconf 75' lang='grc' dir='ltr'><strong><em>ὡς</em></strong></span> <span class='ocrx_word' id='word_1_33' title='bbox 360 653 400 729; x_wconf 81' lang='grc' dir='ltr'><strong><em>εὖ</em></strong></span> <span class='ocrx_word' id='word_1_34' title='bbox 416 671 553 749; x_wconf 83' lang='grc' dir='ltr'><strong><em>είρηται,</em></strong></span> <span class='ocrx_word' id='word_1_35' title='bbox 568 657 604 727; x_wconf 84' lang='grc' dir='ltr'><strong><em>τό</em></strong></span> <span class='ocrx_word' id='word_1_36' title='bbox 619 655 665 746; x_wconf 87' lang='grc' dir='ltr'><strong><em>μή</em></strong></span> <span class='ocrx_word' id='word_1_37' title='bbox 677 656 745 744; x_wconf 85' lang='grc' dir='ltr'><strong><em>ἀμα</em></strong></span> <span class='ocrx_word' id='word_1_38' title='bbox 757 655 840 748; x_wconf 80' lang='grc' dir='ltr'><strong><em>ἀρχή</em></strong></span> <span class='ocrx_word' id='word_1_39' title='bbox 854 667 922 728; x_wconf 82' lang='grc' dir='ltr'><strong><em>πᾶν</em></strong></span> <span class='ocrx_word' id='word_1_40' title='bbox 932 663 1024 742; x_wconf 84' lang='grc' dir='ltr'><strong><em>τέλος</em></strong></span> <span class='ocrx_word' id='word_1_41' title='bbox 1038 689 1099 732; x_wconf 90' lang='grc' dir='ltr'><strong><em>κα-</em></strong></span> 
     </span>
     <span class='ocr_line' id='line_1_6' title="bbox 96 755 1147 852; baseline 0.002 -22"><span class='ocrx_word' id='word_1_42' title='bbox 96 768 328 852; x_wconf 62' lang='grc' dir='ltr'><strong><em>ταφαίνεσθαι.</em></strong></span> <span class='ocrx_word' id='word_1_43' title='bbox 345 757 527 849; x_wconf 86' lang='grc' dir='ltr'><strong><em>Ἀμείβεται</em></strong></span> <span class='ocrx_word' id='word_1_44' title='bbox 537 755 622 844; x_wconf 84' lang='grc' dir='ltr'><strong><em>πρὸς</em></strong></span> <span class='ocrx_word' id='word_1_45' title='bbox 632 764 735 829; x_wconf 85' lang='grc' dir='ltr'><strong><em>ταῦτα</em></strong></span> <span class='ocrx_word' id='word_1_46' title='bbox 745 759 882 846; x_wconf 74' lang='grc' dir='ltr'><strong><em>Ξέρξης·</em></strong></span> <span class='ocrx_word' id='word_1_47' title='bbox 906 757 1097 851; x_wconf 75' lang='grc' dir='ltr'><strong><em>Ἀρτάβανε,</em></strong></span> <span class='ocrx_word' id='word_1_48' title='bbox 1113 779 1147 834; x_wconf 74' lang='lat'><strong><em>5²</em></strong></span> 
     </span>
     <span class='ocr_line' id='line_1_7' title="bbox 97 855 1100 949; baseline -0.002 -19"><span class='ocrx_word' id='word_1_49' title='bbox 97 868 163 930; x_wconf 74' lang='grc' dir='ltr'><strong><em>τόν</em></strong></span> <span class='ocrx_word' id='word_1_50' title='bbox 178 857 355 948; x_wconf 77' lang='grc' dir='ltr'><strong><em>ἀπεφήναο</em></strong></span> <span class='ocrx_word' id='word_1_51' title='bbox 375 859 538 946; x_wconf 77' lang='grc' dir='ltr'><em>γνωμέων</em></span> <span class='ocrx_word' id='word_1_52' title='bbox 554 856 717 944; x_wconf 73' lang='grc' dir='ltr'><strong><em>σφάλλεαι</em></strong></span> <span class='ocrx_word' id='word_1_53' title='bbox 739 855 822 926; x_wconf 85' lang='grc' dir='ltr'><strong><em>κατά</em></strong></span> <span class='ocrx_word' id='word_1_54' title='bbox 836 858 963 946; x_wconf 85' lang='grc' dir='ltr'><strong><em>ταύτην</em></strong></span> <span class='ocrx_word' id='word_1_55' title='bbox 977 858 1018 949; x_wconf 85' lang='grc' dir='ltr'><strong><em>δή</em></strong></span> <span class='ocrx_word' id='word_1_56' title='bbox 1034 861 1100 949; x_wconf 88' lang='grc' dir='ltr'><strong><em>μά-</em></strong></span> 
     </span>
     <span class='ocr_line' id='line_1_8' title="bbox 96 954 1101 1047; baseline -0.003 -18"><span class='ocrx_word' id='word_1_57' title='bbox 96 967 206 1043; x_wconf 88' lang='grc' dir='ltr'><strong><em>λιστα,</em></strong></span> <span class='ocrx_word' id='word_1_58' title='bbox 230 955 398 1038; x_wconf 81' lang='grc' dir='ltr'><strong><em>δςἼωνας</em></strong></span> <span class='ocrx_word' id='word_1_59' title='bbox 430 955 550 1041; x_wconf 87' lang='grc' dir='ltr'><strong><em>φοβέαι</em></strong></span> <span class='ocrx_word' id='word_1_60' title='bbox 578 954 623 1044; x_wconf 86' lang='grc' dir='ltr'><strong><em>μή</em></strong></span> <span class='ocrx_word' id='word_1_61' title='bbox 645 957 871 1046; x_wconf 77' lang='grc' dir='ltr'><strong><em>μεταβάλωσι,</em></strong></span> <span class='ocrx_word' id='word_1_62' title='bbox 899 965 967 1027; x_wconf 78' lang='grc' dir='ltr'><strong><em>τῶν</em></strong></span> <span class='ocrx_word' id='word_1_63' title='bbox 983 965 1101 1047; x_wconf 71' lang='grc' dir='ltr'><strong><em>ἔχομεν</em></strong></span> 
     </span>
     <span class='ocr_line' id='line_1_9' title="bbox 94 1055 1098 1147; baseline -0.004 -18"><span class='ocrx_word' id='word_1_64' title='bbox 94 1065 212 1147; x_wconf 78' lang='grc' dir='ltr'><strong><em>γνῶμα</em></strong></span> <span class='ocrx_word' id='word_1_65' title='bbox 224 1062 392 1146; x_wconf 87' lang='grc' dir='ltr'><strong><em>μέγιστον,</em></strong></span> <span class='ocrx_word' id='word_1_66' title='bbox 404 1063 473 1126; x_wconf 79' lang='grc' dir='ltr'><strong><em>τῶν</em></strong></span> <span class='ocrx_word' id='word_1_67' title='bbox 482 1057 528 1126; x_wconf 92' lang='grc' dir='ltr'><strong><em>σύ</em></strong></span> <span class='ocrx_word' id='word_1_68' title='bbox 537 1082 573 1128; x_wconf 87' lang='grc' dir='ltr'><strong><em>τε</em></strong></span> <span class='ocrx_word' id='word_1_69' title='bbox 583 1055 712 1144; x_wconf 85' lang='grc' dir='ltr'><strong><em>μάρτυς</em></strong></span> <span class='ocrx_word' id='word_1_70' title='bbox 722 1062 829 1142; x_wconf 81' lang='grc' dir='ltr'><strong><em>γίνεαι</em></strong></span> <span class='ocrx_word' id='word_1_71' title='bbox 843 1060 943 1128; x_wconf 82' lang='grc' dir='ltr'><strong><em>καλοί</em></strong></span> <span class='ocrx_word' id='word_1_72' title='bbox 954 1077 1098 1144; x_wconf 89' lang='grc' dir='ltr'><strong><em>συστρα-</em></strong></span> 
     </span>
     <span class='ocr_line' id='line_1_10' title="bbox 94 1154 1100 1248; baseline 0.001 -22"><span class='ocrx_word' id='word_1_73' title='bbox 94 1156 293 1244; x_wconf 88' lang='grc' dir='ltr'><strong><em>τευσάμενοι</em></strong></span> <span class='ocrx_word' id='word_1_74' title='bbox 308 1161 443 1248; x_wconf 77' lang='grc' dir='ltr'><strong><em>Δαρείῳ</em></strong></span> <span class='ocrx_word' id='word_1_75' title='bbox 458 1154 554 1226; x_wconf 74' lang='grc' dir='ltr'><strong><em>ἄλλοι</em></strong></span> <span class='ocrx_word' id='word_1_76' title='bbox 570 1156 623 1224; x_wconf 72' lang='grc' dir='ltr'><strong><em>ἐπὶ</em></strong></span> <span class='ocrx_word' id='word_1_77' title='bbox 638 1154 796 1240; x_wconf 85' lang='grc' dir='ltr'><strong><em>Σκύθας,</em></strong></span> <span class='ocrx_word' id='word_1_78' title='bbox 821 1154 872 1224; x_wconf 86' lang='grc' dir='ltr'><strong><em>ότι</em></strong></span> <span class='ocrx_word' id='word_1_79' title='bbox 886 1159 939 1226; x_wconf 82' lang='grc' dir='ltr'><strong><em>έπλ</em></strong></span> <span class='ocrx_word' id='word_1_80' title='bbox 954 1157 1100 1227; x_wconf 88' lang='grc' dir='ltr'><strong><em>τούτοισι</em></strong></span> 
     </span>
     <span class='ocr_line' id='line_1_11' title="bbox 94 1252 1164 1346; baseline -0.006 -21"><span class='ocrx_word' id='word_1_81' title='bbox 94 1254 222 1346; x_wconf 80' lang='grc' dir='ltr'><strong><em>ήπάσα</em></strong></span> <span class='ocrx_word' id='word_1_82' title='bbox 235 1253 385 1344; x_wconf 82' lang='grc' dir='ltr'><strong><em>Περσική</em></strong></span> <span class='ocrx_word' id='word_1_83' title='bbox 405 1252 540 1341; x_wconf 85' lang='grc' dir='ltr'><strong><em>στρατιή</em></strong></span> <span class='ocrx_word' id='word_1_84' title='bbox 560 1255 690 1342; x_wconf 76' lang='grc' dir='ltr'><strong><em>ἐγένετο</em></strong></span> <span class='ocrx_word' id='word_1_85' title='bbox 712 1257 908 1343; x_wconf 79' lang='grc' dir='ltr'><strong><em>διαφθεῖραι</em></strong></span> <span class='ocrx_word' id='word_1_86' title='bbox 929 1259 983 1325; x_wconf 77' lang='grc' dir='ltr'><strong><em>καὶ</em></strong></span> <span class='ocrx_word' id='word_1_87' title='bbox 1003 1280 1099 1345; x_wconf 86' lang='grc' dir='ltr'><strong><em>περι·</em></strong></span> <span class='ocrx_word' id='word_1_88' title='bbox 1160 1311 1164 1319; x_wconf 95' lang='grc'><strong><em>.</em></strong></span> 
     </span>
     <span class='ocr_line' id='line_1_12' title="bbox 95 1352 1098 1444; baseline 0 -19"><span class='ocrx_word' id='word_1_89' title='bbox 95 1358 283 1442; x_wconf 80' lang='grc' dir='ltr'><strong><em>ποιῆσαι,οί</em></strong></span> <span class='ocrx_word' id='word_1_90' title='bbox 291 1355 327 1422; x_wconf 76' lang='grc' dir='ltr'><strong><em>δέ</em></strong></span> <span class='ocrx_word' id='word_1_91' title='bbox 337 1354 557 1442; x_wconf 83' lang='grc' dir='ltr'><strong><em>δικαιοσύνην</em></strong></span> <span class='ocrx_word' id='word_1_92' title='bbox 565 1355 620 1422; x_wconf 80' lang='grc' dir='ltr'><strong><em>καὶ</em></strong></span> <span class='ocrx_word' id='word_1_93' title='bbox 631 1352 809 1440; x_wconf 88' lang='grc' dir='ltr'><strong><em>πιστότητα</em></strong></span> <span class='ocrx_word' id='word_1_94' title='bbox 816 1356 993 1444; x_wconf 81' lang='grc' dir='ltr'><strong><em>ἐνέδωκαν,</em></strong></span> <span class='ocrx_word' id='word_1_95' title='bbox 1002 1354 1098 1443; x_wconf 88' lang='grc' dir='ltr'><strong><em>ἀχαρι</em></strong></span> 
     </span>
     <span class='ocr_line' id='line_1_13' title="bbox 96 1447 1099 1544; baseline 0 -22"><span class='ocrx_word' id='word_1_96' title='bbox 96 1452 132 1522; x_wconf 72' lang='grc' dir='ltr'><strong><em>δέ</em></strong></span> <span class='ocrx_word' id='word_1_97' title='bbox 147 1450 256 1522; x_wconf 79' lang='grc' dir='ltr'><strong><em>οὐδέν.</em></strong></span> <span class='ocrx_word' id='word_1_98' title='bbox 279 1451 384 1541; x_wconf 85' lang='grc' dir='ltr'><strong><em>πάρεξ</em></strong></span> <span class='ocrx_word' id='word_1_99' title='bbox 399 1452 435 1522; x_wconf 72' lang='grc' dir='ltr'><strong><em>δέ</em></strong></span> <span class='ocrx_word' id='word_1_100' title='bbox 449 1453 589 1539; x_wconf 89' lang='grc' dir='ltr'><strong><em>τούτου,</em></strong></span> <span class='ocrx_word' id='word_1_101' title='bbox 603 1453 641 1520; x_wconf 80' lang='grc' dir='ltr'><strong><em>ἐν</em></strong></span> <span class='ocrx_word' id='word_1_102' title='bbox 652 1457 692 1541; x_wconf 80' lang='grc' dir='ltr'><strong><em>τῇ</em></strong></span> <span class='ocrx_word' id='word_1_103' title='bbox 702 1447 844 1544; x_wconf 81' lang='grc' dir='ltr'><strong><em>ἡμετέρη</em></strong></span> <span class='ocrx_word' id='word_1_104' title='bbox 858 1455 1099 1534; x_wconf 79' lang='grc' dir='ltr'><strong><em>καταλιπόντας</em></strong></span> 
     </span>
     <span class='ocr_line' id='line_1_14' title="bbox 95 1545 1096 1640; baseline 0.002 -20"><span class='ocrx_word' id='word_1_105' title='bbox 95 1557 194 1622; x_wconf 79' lang='grc' dir='ltr'><strong><em>τέκνα</em></strong></span> <span class='ocrx_word' id='word_1_106' title='bbox 207 1577 244 1620; x_wconf 90' lang='grc' dir='ltr'><strong><em>τε</em></strong></span> <span class='ocrx_word' id='word_1_107' title='bbox 257 1554 313 1620; x_wconf 82' lang='grc' dir='ltr'><strong><em>καὶ</em></strong></span> <span class='ocrx_word' id='word_1_108' title='bbox 323 1565 485 1639; x_wconf 77' lang='grc' dir='ltr'><strong><em>γυναῖκας</em></strong></span> <span class='ocrx_word' id='word_1_109' title='bbox 495 1555 551 1620; x_wconf 89' lang='grc' dir='ltr'><strong><em>καλ</em></strong></span> <span class='ocrx_word' id='word_1_110' title='bbox 560 1551 711 1640; x_wconf 89' lang='grc' dir='ltr'><strong><em>χρήματα</em></strong></span> <span class='ocrx_word' id='word_1_111' title='bbox 722 1546 796 1618; x_wconf 79' lang='grc' dir='ltr'><strong><em>οὐδ’</em></strong></span> <span class='ocrx_word' id='word_1_112' title='bbox 811 1553 1022 1640; x_wconf 81' lang='grc' dir='ltr'><strong><em>ἐπιλέγεσθαι</em></strong></span> <span class='ocrx_word' id='word_1_113' title='bbox 1035 1545 1096 1640; x_wconf 83' lang='grc' dir='ltr'><strong><em>χρή</em></strong></span> 
     </span>
     <span class='ocr_line' id='line_1_15' title="bbox 96 1649 1100 1741; baseline -0.002 -19"><span class='ocrx_word' id='word_1_114' title='bbox 96 1651 261 1741; x_wconf 85' lang='grc' dir='ltr'><strong><em>νεότερόν</em></strong></span> <span class='ocrx_word' id='word_1_115' title='bbox 270 1677 302 1721; x_wconf 91' lang='grc' dir='ltr'><strong><em>τι</em></strong></span> <span class='ocrx_word' id='word_1_116' title='bbox 312 1651 474 1741; x_wconf 78' lang='grc' dir='ltr'><strong><em>ποιήσειν.</em></strong></span> <span class='ocrx_word' id='word_1_117' title='bbox 488 1649 576 1720; x_wconf 80' lang='grc' dir='ltr'><strong><em>οὕτω</em></strong></span> <span class='ocrx_word' id='word_1_118' title='bbox 586 1651 670 1738; x_wconf 74' lang='grc' dir='ltr'><strong><em>μηδὲ</em></strong></span> <span class='ocrx_word' id='word_1_119' title='bbox 683 1657 780 1720; x_wconf 87' lang='grc' dir='ltr'><strong><em>τοῦτο</em></strong></span> <span class='ocrx_word' id='word_1_120' title='bbox 796 1651 917 1736; x_wconf 88' lang='grc' dir='ltr'><strong><em>φοβέο,</em></strong></span> <span class='ocrx_word' id='word_1_121' title='bbox 936 1650 1020 1723; x_wconf 80' lang='grc' dir='ltr'><strong><em>ἀλλὰ</em></strong></span> <span class='ocrx_word' id='word_1_122' title='bbox 1030 1662 1100 1721; x_wconf 87' lang='grc' dir='ltr'><strong><em>θυ-</em></strong></span> 
     </span>
     <span class='ocr_line' id='line_1_16' title="bbox 97 1746 1099 1842; baseline -0.001 -21"><span class='ocrx_word' id='word_1_123' title='bbox 97 1749 162 1842; x_wconf 86' lang='grc' dir='ltr'><strong><em>μόν</em></strong></span> <span class='ocrx_word' id='word_1_124' title='bbox 176 1757 261 1839; x_wconf 77' lang='grc' dir='ltr'><strong><em>ἔχων</em></strong></span> <span class='ocrx_word' id='word_1_125' title='bbox 275 1748 409 1840; x_wconf 86' lang='grc' dir='ltr'><strong><em>ἀγαθόν</em></strong></span> <span class='ocrx_word' id='word_1_126' title='bbox 422 1757 505 1834; x_wconf 77' lang='grc' dir='ltr'><strong><em>σῶζε</em></strong></span> <span class='ocrx_word' id='word_1_127' title='bbox 520 1749 616 1820; x_wconf 74' lang='grc' dir='ltr'><strong><em>οἶκόν</em></strong></span> <span class='ocrx_word' id='word_1_128' title='bbox 631 1774 666 1818; x_wconf 89' lang='grc' dir='ltr'><strong><em>τε</em></strong></span> <span class='ocrx_word' id='word_1_129' title='bbox 680 1746 741 1818; x_wconf 83' lang='grc' dir='ltr'><strong><em>τόν</em></strong></span> <span class='ocrx_word' id='word_1_130' title='bbox 755 1747 837 1837; x_wconf 81' lang='grc' dir='ltr'><strong><em>ἐμόν</em></strong></span> <span class='ocrx_word' id='word_1_131' title='bbox 851 1752 906 1820; x_wconf 74' lang='grc' dir='ltr'><strong><em>καὶ</em></strong></span> <span class='ocrx_word' id='word_1_132' title='bbox 917 1755 1099 1838; x_wconf 75' lang='grc' dir='ltr'><strong><em>τυραννίδα</em></strong></span> 
     </span>
     <span class='ocr_line' id='line_1_17' title="bbox 94 1846 1099 1942; baseline 0.003 -24"><span class='ocrx_word' id='word_1_133' title='bbox 94 1848 156 1938; x_wconf 84' lang='grc' dir='ltr'><strong><em>τήν</em></strong></span> <span class='ocrx_word' id='word_1_134' title='bbox 167 1849 267 1938; x_wconf 76' lang='grc' dir='ltr'><strong><em>ἐμήν·</em></strong></span> <span class='ocrx_word' id='word_1_135' title='bbox 285 1851 338 1919; x_wconf 79' lang='grc' dir='ltr'><strong><em>σοὶ</em></strong></span> <span class='ocrx_word' id='word_1_136' title='bbox 348 1848 414 1939; x_wconf 84' lang='grc' dir='ltr'><strong><em>γάρ</em></strong></span> <span class='ocrx_word' id='word_1_137' title='bbox 426 1846 491 1937; x_wconf 80' lang='grc' dir='ltr'><strong><em>ἐγό</em></strong></span> <span class='ocrx_word' id='word_1_138' title='bbox 501 1849 617 1942; x_wconf 75' lang='grc' dir='ltr'><strong><em>μούνω</em></strong></span> <span class='ocrx_word' id='word_1_139' title='bbox 631 1851 667 1917; x_wconf 81' lang='grc' dir='ltr'><strong><em>ἐκ</em></strong></span> <span class='ocrx_word' id='word_1_140' title='bbox 678 1846 814 1918; x_wconf 88' lang='grc' dir='ltr'><strong><em>πάντων</em></strong></span> <span class='ocrx_word' id='word_1_141' title='bbox 824 1856 975 1939; x_wconf 84' lang='grc' dir='ltr'><strong><em>σκῆπτρα</em></strong></span> <span class='ocrx_word' id='word_1_142' title='bbox 986 1849 1026 1921; x_wconf 86' lang='grc' dir='ltr'><strong><em>τά</em></strong></span> <span class='ocrx_word' id='word_1_143' title='bbox 1038 1849 1099 1939; x_wconf 81' lang='grc' dir='ltr'><strong><em>ίμά</em></strong></span> 
     </span>
     <span class='ocr_line' id='line_1_18' title="bbox 95 1947 272 2036; baseline -0.017 -18"><span class='ocrx_word' id='word_1_144' title='bbox 95 1947 272 2036; x_wconf 82' lang='grc' dir='ltr'><strong><em>ἐπιτράπω.</em></strong></span> 
     </span>
    </p>

    <p class='ocr_par' dir='ltr' id='par_1_3' title="bbox 14 2045 1145 3329">
     <span class='ocr_line' id='line_1_19' title="bbox 183 2045 1145 2137; baseline -0.002 -20"><span class='ocrx_word' id='word_1_145' title='bbox 183 2057 294 2118; x_wconf 86' lang='grc' dir='ltr'><strong><em>Ταῦτα</em></strong></span> <span class='ocrx_word' id='word_1_146' title='bbox 310 2058 404 2130; x_wconf 76' lang='grc' dir='ltr'><strong><em>εἴπας</em></strong></span> <span class='ocrx_word' id='word_1_147' title='bbox 420 2050 475 2119; x_wconf 79' lang='grc' dir='ltr'><strong><em>καὶ</em></strong></span> <span class='ocrx_word' id='word_1_148' title='bbox 492 2046 698 2137; x_wconf 88' lang='grc' dir='ltr'><strong><em>Ἀρτάβανον</em></strong></span> <span class='ocrx_word' id='word_1_149' title='bbox 718 2045 914 2130; x_wconf 87' lang='grc' dir='ltr'><strong><em>ἀποστείλας</em></strong></span> <span class='ocrx_word' id='word_1_150' title='bbox 936 2053 968 2131; x_wconf 77' lang='grc' dir='ltr'><strong><em>ἐς</em></strong></span> <span class='ocrx_word' id='word_1_151' title='bbox 982 2058 1097 2121; x_wconf 84' lang='grc' dir='ltr'><strong><em>Σοῦσα</em></strong></span> <span class='ocrx_word' id='word_1_152' title='bbox 1111 2060 1145 2115; x_wconf 75' lang='grc'><strong><em>58</em></strong></span> 
     </span>
     <span class='ocr_line' id='line_1_20' title="bbox 95 2144 1098 2237; baseline 0.003 -21"><span class='ocrx_word' id='word_1_153' title='bbox 95 2148 235 2236; x_wconf 87' lang='grc' dir='ltr'><strong><em>δεύτερα</em></strong></span> <span class='ocrx_word' id='word_1_154' title='bbox 253 2150 480 2235; x_wconf 75' lang='grc' dir='ltr'><strong><em>μετεπέμψατο</em></strong></span> <span class='ocrx_word' id='word_1_155' title='bbox 495 2150 618 2235; x_wconf 66' lang='grc' dir='ltr'><strong><em>Ξέρξης</em></strong></span> <span class='ocrx_word' id='word_1_156' title='bbox 633 2148 792 2235; x_wconf 83' lang='grc' dir='ltr'><strong><em>Περσέων</em></strong></span> <span class='ocrx_word' id='word_1_157' title='bbox 811 2144 890 2227; x_wconf 86' lang='grc' dir='ltr'><strong><em>τούς</em></strong></span> <span class='ocrx_word' id='word_1_158' title='bbox 911 2147 1098 2237; x_wconf 87' lang='grc' dir='ltr'><strong><em>δοκιμωτά-</em></strong></span> 
     </span>
     <span class='ocr_line' id='line_1_21' title="bbox 14 2239 1097 2339; baseline 0.006 -28"><span class='ocrx_word' id='word_1_159' title='bbox 14 2302 20 2311; x_wconf 89' lang='grc'><strong><em>.</em></strong></span> <span class='ocrx_word' id='word_1_160' title='bbox 94 2272 188 2327; x_wconf 88' lang='grc' dir='ltr'><strong><em>τους·</em></strong></span> <span class='ocrx_word' id='word_1_161' title='bbox 213 2249 281 2318; x_wconf 81' lang='grc' dir='ltr'><strong><em>έπελ</em></strong></span> <span class='ocrx_word' id='word_1_162' title='bbox 299 2249 338 2317; x_wconf 85' lang='grc' dir='ltr'><strong><em>δέ</em></strong></span> <span class='ocrx_word' id='word_1_163' title='bbox 349 2253 383 2318; x_wconf 88' lang='grc' dir='ltr'><strong><em>οί</em></strong></span> <span class='ocrx_word' id='word_1_164' title='bbox 401 2254 571 2339; x_wconf 80' lang='grc' dir='ltr'><strong><em>παρῆσαν,</em></strong></span> <span class='ocrx_word' id='word_1_165' title='bbox 589 2250 685 2333; x_wconf 76' lang='grc' dir='ltr'><strong><em>ἔλεγέ</em></strong></span> <span class='ocrx_word' id='word_1_166' title='bbox 702 2265 763 2333; x_wconf 86' lang='grc' dir='ltr'><strong><em>σφι</em></strong></span> <span class='ocrx_word' id='word_1_167' title='bbox 783 2243 877 2315; x_wconf 88' lang='grc' dir='ltr'><strong><em>τάδε·</em></strong></span> <span class='ocrx_word' id='word_1_168' title='bbox 900 2239 940 2316; x_wconf 80' lang='grc' dir='ltr'><em>Ὦ</em></span> <span class='ocrx_word' id='word_1_169' title='bbox 959 2252 1097 2339; x_wconf 80' lang='grc' dir='ltr'><strong><em>Πέρσαι,</em></strong></span> 
     </span>
     <span class='ocr_line' id='line_1_22' title="bbox 94 2343 1098 2443; baseline 0 -27"><span class='ocrx_word' id='word_1_170' title='bbox 94 2344 193 2416; x_wconf 75' lang='grc' dir='ltr'><strong><em>τῶνδ’</em></strong></span> <span class='ocrx_word' id='word_1_171' title='bbox 206 2344 272 2434; x_wconf 71' lang='grc' dir='ltr'><strong><em>ἐγω</em></strong></span> <span class='ocrx_word' id='word_1_172' title='bbox 283 2344 397 2434; x_wconf 79' lang='grc' dir='ltr'><strong><em>ὑμέων</em></strong></span> <span class='ocrx_word' id='word_1_173' title='bbox 409 2353 551 2435; x_wconf 71' lang='grc' dir='ltr'><strong><em>χρηίζων</em></strong></span> <span class='ocrx_word' id='word_1_174' title='bbox 566 2350 743 2431; x_wconf 81' lang='grc' dir='ltr'><strong><em>συνέλεξα,</em></strong></span> <span class='ocrx_word' id='word_1_175' title='bbox 759 2343 884 2430; x_wconf 86' lang='grc' dir='ltr'><strong><em>ἀνδρας</em></strong></span> <span class='ocrx_word' id='word_1_176' title='bbox 896 2372 931 2443; x_wconf 77' lang='grc' dir='ltr'><strong><em>τε</em></strong></span> <span class='ocrx_word' id='word_1_177' title='bbox 942 2353 1098 2435; x_wconf 87' lang='grc' dir='ltr'><strong><em>γίνεσθαι</em></strong></span> 
     </span>
     <span class='ocr_line' id='line_1_23' title="bbox 94 2441 1098 2534; baseline 0 -19"><span class='ocrx_word' id='word_1_178' title='bbox 94 2443 247 2534; x_wconf 79' lang='grc' dir='ltr'><strong><em>ἀγαθούς</em></strong></span> <span class='ocrx_word' id='word_1_179' title='bbox 257 2448 311 2515; x_wconf 75' lang='grc' dir='ltr'><strong><em>καὶ</em></strong></span> <span class='ocrx_word' id='word_1_180' title='bbox 317 2443 362 2533; x_wconf 84' lang='grc' dir='ltr'><strong><em>μή</em></strong></span> <span class='ocrx_word' id='word_1_181' title='bbox 376 2446 610 2533; x_wconf 87' lang='grc' dir='ltr'><strong><em>καταισχύνειν</em></strong></span> <span class='ocrx_word' id='word_1_182' title='bbox 620 2441 661 2513; x_wconf 85' lang='grc' dir='ltr'><strong><em>τά</em></strong></span> <span class='ocrx_word' id='word_1_183' title='bbox 673 2444 803 2531; x_wconf 79' lang='grc' dir='ltr'><strong><em>πρόσθε</em></strong></span> <span class='ocrx_word' id='word_1_184' title='bbox 817 2446 1002 2531; x_wconf 80' lang='grc' dir='ltr'><strong><em>ἐργασμένα</em></strong></span> <span class='ocrx_word' id='word_1_185' title='bbox 1008 2449 1098 2534; x_wconf 86' lang='grc' dir='ltr'><strong><em>Πέρ-</em></strong></span> 
     </span>
     <span class='ocr_line' id='line_1_24' title="bbox 95 2537 1099 2634; baseline -0.003 -21"><span class='ocrx_word' id='word_1_186' title='bbox 95 2564 187 2634; x_wconf 86' lang='grc' dir='ltr'><strong><em>σησι,</em></strong></span> <span class='ocrx_word' id='word_1_187' title='bbox 205 2543 303 2613; x_wconf 78' lang='grc' dir='ltr'><strong><em>ἐόντα</em></strong></span> <span class='ocrx_word' id='word_1_188' title='bbox 318 2544 445 2631; x_wconf 90' lang='grc' dir='ltr'><strong><em>μεγάλα</em></strong></span> <span class='ocrx_word' id='word_1_189' title='bbox 459 2570 495 2613; x_wconf 88' lang='grc' dir='ltr'><strong><em>τε</em></strong></span> <span class='ocrx_word' id='word_1_190' title='bbox 509 2546 565 2613; x_wconf 79' lang='grc' dir='ltr'><strong><em>καί</em></strong></span> <span class='ocrx_word' id='word_1_191' title='bbox 581 2547 709 2611; x_wconf 84' lang='grc' dir='ltr'><strong><em>πολλοῦ</em></strong></span> <span class='ocrx_word' id='word_1_192' title='bbox 725 2540 815 2629; x_wconf 78' lang='grc' dir='ltr'><strong><em>ἀξια,</em></strong></span> <span class='ocrx_word' id='word_1_193' title='bbox 830 2539 904 2610; x_wconf 84' lang='grc' dir='ltr'><strong><em>ἀλλ’</em></strong></span> <span class='ocrx_word' id='word_1_194' title='bbox 919 2537 964 2624; x_wconf 79' lang='grc' dir='ltr'><strong><em>εἷς</em></strong></span> <span class='ocrx_word' id='word_1_195' title='bbox 974 2569 1010 2612; x_wconf 92' lang='grc' dir='ltr'><strong><em>τε</em></strong></span> <span class='ocrx_word' id='word_1_196' title='bbox 1020 2546 1099 2612; x_wconf 78' lang='grc' dir='ltr'><strong><em>ἕκα-</em></strong></span> 
     </span>
     <span class='ocr_line' id='line_1_25' title="bbox 93 2638 1098 2730; baseline -0.002 -19"><span class='ocrx_word' id='word_1_197' title='bbox 93 2663 170 2723; x_wconf 91' lang='grc' dir='ltr'><strong><em>στος</em></strong></span> <span class='ocrx_word' id='word_1_198' title='bbox 188 2646 243 2711; x_wconf 81' lang='grc' dir='ltr'><strong><em>καλ</em></strong></span> <span class='ocrx_word' id='word_1_199' title='bbox 264 2647 299 2713; x_wconf 89' lang='grc' dir='ltr'><strong><em>οί</em></strong></span> <span class='ocrx_word' id='word_1_200' title='bbox 316 2642 506 2729; x_wconf 82' lang='grc' dir='ltr'><strong><em>σύμπαντες</em></strong></span> <span class='ocrx_word' id='word_1_201' title='bbox 526 2644 724 2730; x_wconf 81' lang='grc' dir='ltr'><strong><em>προθυμίην</em></strong></span> <span class='ocrx_word' id='word_1_202' title='bbox 743 2643 885 2726; x_wconf 79' lang='grc' dir='ltr'><strong><em>ἔχωμεν·</em></strong></span> <span class='ocrx_word' id='word_1_203' title='bbox 913 2638 1017 2721; x_wconf 78' lang='grc' dir='ltr'><strong><em>ξυνόν</em></strong></span> <span class='ocrx_word' id='word_1_204' title='bbox 1032 2638 1098 2728; x_wconf 84' lang='grc' dir='ltr'><strong><em>γάρ</em></strong></span> 
     </span>
     <span class='ocr_line' id='line_1_26' title="bbox 92 2738 1098 2832; baseline -0.002 -21"><span class='ocrx_word' id='word_1_205' title='bbox 92 2748 191 2811; x_wconf 87' lang='grc' dir='ltr'><strong><em>τοῦτο</em></strong></span> <span class='ocrx_word' id='word_1_206' title='bbox 206 2748 287 2809; x_wconf 83' lang='grc' dir='ltr'><strong><em>πάσι</em></strong></span> <span class='ocrx_word' id='word_1_207' title='bbox 301 2738 437 2828; x_wconf 87' lang='grc' dir='ltr'><strong><em>ἀγαθόν</em></strong></span> <span class='ocrx_word' id='word_1_208' title='bbox 454 2740 643 2809; x_wconf 88' lang='grc' dir='ltr'><strong><em>σπεύδεται.</em></strong></span> <span class='ocrx_word' id='word_1_209' title='bbox 668 2742 776 2807; x_wconf 78' lang='grc' dir='ltr'><strong><em>τάνδε</em></strong></span> <span class='ocrx_word' id='word_1_210' title='bbox 793 2738 829 2808; x_wconf 69' lang='grc' dir='ltr'><strong><em>δὲ</em></strong></span> <span class='ocrx_word' id='word_1_211' title='bbox 850 2740 978 2810; x_wconf 79' lang='grc' dir='ltr'><strong><em>εἵνεκεν</em></strong></span> <span class='ocrx_word' id='word_1_212' title='bbox 991 2766 1098 2832; x_wconf 89' lang='grc' dir='ltr'><strong><em>προα-</em></strong></span> 
     </span>
     <span class='ocr_line' id='line_1_27' title="bbox 93 2836 1097 2928; baseline -0.001 -19"><span class='ocrx_word' id='word_1_213' title='bbox 93 2837 224 2927; x_wconf 89' lang='grc' dir='ltr'><strong><em>γορεύω</em></strong></span> <span class='ocrx_word' id='word_1_214' title='bbox 244 2836 441 2928; x_wconf 83' lang='grc' dir='ltr'><strong><em>ἀντέχεσθαι</em></strong></span> <span class='ocrx_word' id='word_1_215' title='bbox 455 2845 517 2909; x_wconf 82' lang='grc' dir='ltr'><strong><em>τοῦ</em></strong></span> <span class='ocrx_word' id='word_1_216' title='bbox 533 2839 684 2925; x_wconf 87' lang='grc' dir='ltr'><strong><em>πολέμου</em></strong></span> <span class='ocrx_word' id='word_1_217' title='bbox 703 2840 939 2926; x_wconf 76' lang='grc' dir='ltr'><strong><em>ἐντεταμένως·</em></strong></span> <span class='ocrx_word' id='word_1_218' title='bbox 969 2839 1013 2922; x_wconf 80' lang='grc' dir='ltr'><strong><em>ὥς</em></strong></span> <span class='ocrx_word' id='word_1_219' title='bbox 1032 2838 1097 2928; x_wconf 84' lang='grc' dir='ltr'><strong><em>γάρ</em></strong></span> 
     </span>
     <span class='ocr_line' id='line_1_28' title="bbox 92 2936 1096 3028; baseline -0.001 -19"><span class='ocrx_word' id='word_1_220' title='bbox 92 2937 157 3027; x_wconf 80' lang='grc' dir='ltr'><strong><em>έγά</em></strong></span> <span class='ocrx_word' id='word_1_221' title='bbox 176 2938 414 3028; x_wconf 86' lang='grc' dir='ltr'><strong><em>πυνθάνομαι,</em></strong></span> <span class='ocrx_word' id='word_1_222' title='bbox 440 2936 493 3009; x_wconf 69' lang='grc' dir='ltr'><strong><em>ἐπ’</em></strong></span> <span class='ocrx_word' id='word_1_223' title='bbox 515 2936 641 3026; x_wconf 80' lang='grc' dir='ltr'><strong><em>ἄνδρας</em></strong></span> <span class='ocrx_word' id='word_1_224' title='bbox 664 2937 914 3027; x_wconf 86' lang='grc' dir='ltr'><strong><em>στρατευόμεθα</em></strong></span> <span class='ocrx_word' id='word_1_225' title='bbox 935 2937 1096 3028; x_wconf 85' lang='grc' dir='ltr'><strong><em>ἀγαθούς,</em></strong></span> 
     </span>
     <span class='ocr_line' id='line_1_29' title="bbox 92 3032 1097 3127; baseline -0.003 -20"><span class='ocrx_word' id='word_1_226' title='bbox 92 3044 160 3107; x_wconf 78' lang='grc' dir='ltr'><strong><em>τῶν</em></strong></span> <span class='ocrx_word' id='word_1_227' title='bbox 174 3033 219 3125; x_wconf 79' lang='grc' dir='ltr'><strong><em>ἢν</em></strong></span> <span class='ocrx_word' id='word_1_228' title='bbox 232 3038 467 3127; x_wconf 89' lang='grc' dir='ltr'><strong><em>κρατήσωμεν,</em></strong></span> <span class='ocrx_word' id='word_1_229' title='bbox 488 3034 531 3105; x_wconf 86' lang='grc' dir='ltr'><strong><em>ού</em></strong></span> <span class='ocrx_word' id='word_1_230' title='bbox 544 3036 591 3125; x_wconf 89' lang='grc' dir='ltr'><strong><em>μή</em></strong></span> <span class='ocrx_word' id='word_1_231' title='bbox 610 3060 660 3116; x_wconf 91' lang='grc' dir='ltr'><strong><em>τις</em></strong></span> <span class='ocrx_word' id='word_1_232' title='bbox 674 3034 755 3124; x_wconf 76' lang='grc' dir='ltr'><strong><em>ἡμῖν</em></strong></span> <span class='ocrx_word' id='word_1_233' title='bbox 769 3032 869 3117; x_wconf 86' lang='grc' dir='ltr'><strong><em>ἀλλος</em></strong></span> <span class='ocrx_word' id='word_1_234' title='bbox 883 3036 1021 3124; x_wconf 83' lang='grc' dir='ltr'><strong><em>στρατὸς</em></strong></span> <span class='ocrx_word' id='word_1_235' title='bbox 1035 3034 1097 3106; x_wconf 90' lang='grc' dir='ltr'><strong><em>ἀν-</em></strong></span> 
     </span>
     <span class='ocr_line' id='line_1_30' title="bbox 92 3135 1097 3228; baseline 0.002 -23"><span class='ocrx_word' id='word_1_236' title='bbox 92 3144 185 3226; x_wconf 82' lang='grc' dir='ltr'><strong><em>τιστῇ</em></strong></span> <span class='ocrx_word' id='word_1_237' title='bbox 198 3136 273 3206; x_wconf 69' lang='grc' dir='ltr'><strong><em>κοτέ</em></strong></span> <span class='ocrx_word' id='word_1_238' title='bbox 284 3135 488 3228; x_wconf 68' lang='grc' dir='ltr'><strong><em>ἀνθρώπων.</em></strong></span> <span class='ocrx_word' id='word_1_239' title='bbox 510 3145 577 3209; x_wconf 83' lang='grc' dir='ltr'><strong><em>νῦν</em></strong></span> <span class='ocrx_word' id='word_1_240' title='bbox 592 3136 628 3206; x_wconf 71' lang='grc' dir='ltr'><strong><em>δὲ</em></strong></span> <span class='ocrx_word' id='word_1_241' title='bbox 639 3141 865 3225; x_wconf 87' lang='grc' dir='ltr'><strong><em>διαβαίνωμεν</em></strong></span> <span class='ocrx_word' id='word_1_242' title='bbox 879 3140 1097 3227; x_wconf 79' lang='grc' dir='ltr'><strong><em>ἐπευξάμενοι</em></strong></span> 
     </span>
     <span class='ocr_line' id='line_1_31' title="bbox 91 3236 1075 3329; baseline 0.002 -25"><span class='ocrx_word' id='word_1_243' title='bbox 91 3246 176 3305; x_wconf 78' lang='grc' dir='ltr'><strong><em>τοῖσι</em></strong></span> <span class='ocrx_word' id='word_1_244' title='bbox 190 3244 317 3323; x_wconf 76' lang='grc' dir='ltr'><strong><em>θεοῖσι,</em></strong></span> <span class='ocrx_word' id='word_1_245' title='bbox 333 3244 369 3307; x_wconf 77' lang='grc' dir='ltr'><strong><em>οἳ</em></strong></span> <span class='ocrx_word' id='word_1_246' title='bbox 379 3243 528 3326; x_wconf 89' lang='grc' dir='ltr'><strong><em>Περσίδα</em></strong></span> <span class='ocrx_word' id='word_1_247' title='bbox 543 3244 607 3325; x_wconf 82' lang='grc' dir='ltr'><strong><em>γῆν</em></strong></span> <span class='ocrx_word' id='word_1_248' title='bbox 623 3236 807 3324; x_wconf 79' lang='grc' dir='ltr'><strong><em>λελόγχασι.</em></strong></span> <span class='ocrx_word' id='word_1_249' title='bbox 1073 3324 1075 3329; x_wconf 14' lang='grc' dir='ltr'><strong><em>Α</em></strong></span> 
     </span>
    </p>

    <p class='ocr_par' dir='ltr' id='par_1_4' title="bbox 90 3332 1141 3524">
     <span class='ocr_line' id='line_1_32' title="bbox 178 3332 1141 3426; baseline 0.007 -25"><span class='ocrx_word' id='word_1_250' title='bbox 178 3332 312 3420; x_wconf 84' lang='grc' dir='ltr'><strong><em>Ταύτην</em></strong></span> <span class='ocrx_word' id='word_1_251' title='bbox 322 3334 385 3423; x_wconf 69' lang='grc' dir='ltr'><strong><em>μὲν</em></strong></span> <span class='ocrx_word' id='word_1_252' title='bbox 395 3333 457 3424; x_wconf 84' lang='grc' dir='ltr'><strong><em>τήν</em></strong></span> <span class='ocrx_word' id='word_1_253' title='bbox 466 3334 595 3425; x_wconf 81' lang='grc' dir='ltr'><strong><em>ήμὲρην</em></strong></span> <span class='ocrx_word' id='word_1_254' title='bbox 605 3336 891 3422; x_wconf 77' lang='grc' dir='ltr'><strong><em>παρεσκευάζοντο</em></strong></span> <span class='ocrx_word' id='word_1_255' title='bbox 907 3338 939 3417; x_wconf 88' lang='grc' dir='ltr'><strong><em>ές</em></strong></span> <span class='ocrx_word' id='word_1_256' title='bbox 948 3332 1011 3426; x_wconf 84' lang='grc' dir='ltr'><strong><em>τήν</em></strong></span> <span class='ocrx_word' id='word_1_257' title='bbox 1021 3338 1096 3407; x_wconf 86' lang='grc' dir='ltr'><strong><em>διά·</em></strong></span> <span class='ocrx_word' id='word_1_258' title='bbox 1109 3342 1141 3400; x_wconf 76' lang='lat'><strong><em>5⁴</em></strong></span> 
     </span>
     <span class='ocr_line' id='line_1_33' title="bbox 90 3430 1095 3524; baseline 0.006 -23"><span class='ocrx_word' id='word_1_259' title='bbox 90 3440 199 3522; x_wconf 90' lang='grc' dir='ltr'><strong><em>βασιν,</em></strong></span> <span class='ocrx_word' id='word_1_260' title='bbox 216 3440 257 3523; x_wconf 79' lang='grc' dir='ltr'><strong><em>τῇ</em></strong></span> <span class='ocrx_word' id='word_1_261' title='bbox 268 3434 304 3503; x_wconf 73' lang='grc' dir='ltr'><strong><em>δὲ</em></strong></span> <span class='ocrx_word' id='word_1_262' title='bbox 316 3430 473 3524; x_wconf 81' lang='grc' dir='ltr'><strong><em>ὑστεραίῃ</em></strong></span> <span class='ocrx_word' id='word_1_263' title='bbox 484 3433 649 3521; x_wconf 81' lang='grc' dir='ltr'><strong><em>ἀνέμενον</em></strong></span> <span class='ocrx_word' id='word_1_264' title='bbox 663 3432 723 3502; x_wconf 86' lang='grc' dir='ltr'><strong><em>τόν</em></strong></span> <span class='ocrx_word' id='word_1_265' title='bbox 733 3431 830 3521; x_wconf 87' lang='grc' dir='ltr'><strong><em>ήλιον</em></strong></span> <span class='ocrx_word' id='word_1_266' title='bbox 841 3436 1015 3519; x_wconf 81' lang='grc' dir='ltr'><strong><em>ἐθέλοντες</em></strong></span> <span class='ocrx_word' id='word_1_267' title='bbox 1027 3438 1095 3507; x_wconf 55' lang='lat' dir='ltr'><strong><em>eos&amp;</em></strong></span> 
     </span>
    </p>
   </div>
   <div class='ocr_carea' id='block_1_3' title="bbox 0 0 1254 3925">
    <p class='ocr_par' dir='ltr' id='par_1_5' title="bbox 0 0 1254 3925">
     <span class='ocr_line' id='line_1_34' title="bbox 0 0 1254 3925; baseline 0 1"><span class='ocrx_word' id='word_1_268' title='bbox 0 0 1254 3925; x_wconf 95' lang='lat' dir='ltr'><strong><em> </em></strong></span> 
     </span>
    </p>
   </div>
  </div>
 </body>
</html>
