2500 3925
359 223 446 281 ΗΒ.
480 223 513 280 v.
547 223 645 280 οΑΡ.
675 229 851 284 ιιε-ιτι.
1065 219 1108 285 59

99 380 243 468 μάλιστα
256 380 457 470 ἐπλήγησαν.
479 377 579 450 Μετὰ
597 383 635 449 δὲ
647 388 748 448 τοῦτο
761 379 799 448 τὸ
812 388 927 470 τρῶμα
942 381 1110 472 άνέλαβόν
1125 407 1174 465 121

99 505 136 546 τε
146 481 202 548 καλ
211 477 458 567 ἀνεμαχέσαντο
470 485 504 548 οί
510 485 631 567 Κᾶρες.
653 479 847 565 πυθόμενοι
856 478 934 569 γὰρ,
951 479 995 561 ὡς
1005 503 1108 570 στρα-
1231 510 1237 542 ι

99 580 259 650 τεύεσθαι
275 580 442 670 ὁρμέαται
456 587 490 649 οί
496 584 625 668 Πέρσαι
640 582 694 648 ἐπὶ
708 577 768 658 τάς
780 580 878 660 πόλις
892 583 1018 668 σφέων,
1031 581 1109 650 ἐλό-

99 697 206 764 χησαν
220 677 283 767 τὴν
297 685 334 750 ἐν
349 682 498 771 Πηδάσςο
513 676 611 762 ὁδόν,
632 681 666 757 ἐς
682 674 744 764 τὴν
759 677 959 765 ἐμπεσόντες
973 684 1008 748 οί
1018 681 1108 766 Πέρ-

99 796 156 845 σαι
171 777 294 856 ννκτός
309 780 546 867 διεφθάρησαν
560 782 616 846 καὶ
627 776 724 845 αὐτοὶ
739 779 794 846 καὶ
808 781 842 844 οί
855 779 1034 864 στρατηγοὶ
1044 773 1109 844 αύ-

99 884 186 964 τῶν,
200 885 375 966 Δαυρίσης
387 883 443 947 καλ
453 877 616 966 Ἀμόργης
629 879 686 945 καί
696 875 900 964 Σισιμάκης,
916 875 983 944 σύν
998 877 1037 944 δέ
1049 897 1110 961 σφι

99 971 253 1042 ἀπέθανε
266 980 323 1044 καὶ
332 977 476 1064 Μύρσος
487 974 506 1045 ὁ
518 976 647 1062 Γύγεω.
661 981 723 1042 τοῦ
734 979 772 1044 δέ
781 975 885 1061 λόχου
895 977 1019 1045 τούτου
1028 972 1111 1063 ἡγε-

100 1070 176 1159 μοδν
189 1065 233 1158 ἦν
249 1070 466 1162 Ἡρακλείδης
483 1073 672 1162 Ἰβανύλιος
686 1071 773 1160 άνηρ
789 1076 984 1155 Μνλασεύς.
1014 1068 1110 1143 οὗτοι

99 1173 162 1258 μέν
176 1199 243 1240 νον
256 1181 325 1241 των
336 1176 496 1258 Περσέων
507 1173 597 1242 οὕτω
609 1172 1110 1262 διεφθάρησαν,’λμαίηςδέκαδ
1127 1192 1178 1245 m

99 1268 201 1350 αύτός
216 1269 282 1339 ἐάν
292 1280 362 1340 τόν
374 1274 623 1354 ἐπιδιωξάντων
633 1271 712 1351 τούς
723 1275 757 1351 ἐς
765 1273 895 1362 Σάρδις
904 1290 1111 1359 στρατευσα-

43 1375 46 1380 ’
100 1377 223 1458 μένους
233 1372 367 1461 Ἰάνων,
381 1375 592 1462 τραπόμενος
603 1377 636 1453 ές
645 1371 708 1460 τὴν
717 1377 934 1459 Προποντίδα
946 1368 1013 1441 εἷλε
1023 1377 1110 1439 Κίον

99 1469 163 1558 τὴν
179 1479 330 1561 Μυσίην.
352 1473 480 1562 ταύτην
496 1474 533 1544 δέ
547 1470 686 1560 έξελοὶυ,
703 1470 748 1550 ὡς
762 1473 911 1542 ἐπύθετο·
922 1469 1110 1557 τδυἙλλή-

100 1589 250 1640 σποντον
271 1576 499 1644 ἐκλελοιπέναι
518 1579 698 1660 Δαυρίσην
718 1576 774 1641 καὶ
793 1575 1037 1662 στρατεύεσθαι
1056 1573 1110 1640 ἐπὶ

100 1677 246 1760 Καρίης,
261 1673 454 1744 καταλιπων
464 1673 527 1763 τὴν
537 1679 753 1763 Προποντίδα
768 1676 821 1743 ἐπὶ
835 1672 895 1742 τὸν
905 1673 1110 1763 Ἑλλήσπον-

101 1796 162 1839 τον
174 1763 237 1859 ἧγε
250 1771 311 1840 τόν
325 1773 485 1863 στρατὸν,
501 1780 557 1845 καί
571 1771 638 1844 εἷλε
652 1776 715 1861 μὲν
725 1778 866 1854 Αίολέας
879 1775 1018 1861 πάντας,
1034 1773 1109 1842 ὅσοι

100 1869 163 1959 τὴν
175 1869 298 1940 Ἰλιάδα
308 1875 477 1962 νέμονται,
489 1871 557 1944 εἷλε
568 1879 779 1962 δέΓέργνδας
788 1872 869 1953 τούς
878 1871 1110 1960 ὑπολειφθέν-

100 2001 159 2053 τας
169 1982 238 2042 τῶν
249 1973 397 2061 άρχαίων
407 1985 575 2067 Τευκρῶν.
584 1972 687 2054 αύτός
694 1971 866 2062 τόΤμαίης
875 1975 999 2060 αἱρέων
1005 1981 1110 2042 ταῦτα

104 2071 142 2142 τά
154 2078 258 2143 ἔθνεα
267 2074 380 2167 νούσῳ
393 2087 530 2169 τελευτᾷ
537 2081 573 2146 ἐν
581 2084 619 2169 τῇ
628 2078 770 2169 Τρῳάδι.
785 2068 883 2153 οὗτος
895 2073 1006 2161 μὲνδὴ
1022 2073 1111 2142 οὕτω
1128 2096 1178 2153 123

99 2171 303 2259 ἐτελεύτησε,
314 2171 539 2265 Ἀρταφέρνης
549 2179 586 2246 δὲ
596 2175 781 2263 ὁΣαρδίων
792 2172 1111 2263 ύπαρχοςκαὶὈτά-

102 2269 196 2358 νηςὸ
217 2278 326 2360 τρίτος
346 2274 531 2362 στρατηγός
550 2276 741 2363 ἐτάχθησαν
754 2277 807 2344 ἐπὶ
826 2273 889 2362 τὴν
905 2272 1034 2359 Ἰωνίην
1054 2276 1111 2341 καὶ

99 2371 163 2460 τὴν
184 2372 347 2459 προσεχέα
360 2377 503 2442 Αἰολίδα
522 2374 774 2458 στρατεύεσθαι.
815 2370 941 2459 Ἰωνίης
960 2373 1024 2458 μέν
1043 2398 1111 2438 νυν

100 2468 315 2556 Κλαζομενάς
327 2473 487 2558 αἱρέουσι,
502 2476 655 2540 Αἰολέων
666 2471 703 2539 δὲ
713 2470 845 2558 Κύμην.
864 2469 1110 2557 Ἀλισκομένων
1127 2488 1176 2543 124

101 2569 139 2635 δὲ
154 2574 224 2635 τῶν
236 2574 380 2654 πολίων,
394 2562 439 2655 ἦν
447 2567 532 2657 γάρ,
550 2566 595 2649 όις
610 2571 745 2655 διέδεξε,
756 2567 992 2657 Ἀρισταγόρης
1006 2564 1110 2636 ὁΜι-

100 2668 215 2755 λη’σιος
228 2666 342 2754 ψυχὴν
357 2667 420 2737 όύκ
434 2668 547 2757 άκρος,
563 2668 600 2750 ὃς
613 2670 757 2758 ταράξας
768 2667 832 2757 τὴν
841 2667 970 2757 Ἰωνίην
983 2671 1040 2738 καί
1054 2670 1070 2737 ἐ
1090 2708 1109 2718 -

100 2766 329 2852 κερασάμενος
337 2766 514 2855 πρήγματα
522 2768 652 2855 μεγάλα
663 2766 815 2856 δρησμὸν
824 2768 994 2857 ἐβούλευε,
1002 2765 1110 2855 ὁρέων

99 2870 220 2931 ταῦτα·
235 2862 320 2951 πρὸς
330 2869 371 2933 δέ
377 2872 412 2934 οί
420 2869 476 2935 καί
486 2864 638 2935 άδύνατα
648 2871 802 2957 ἐφαίνετο
812 2871 951 2957 βασιλέα
961 2877 1110 2953 Δαρεῖον

99 2960 367 3049 ὑπερβαλέσθαι·
385 2962 469 3051 πρὸς
485 2973 589 3032 ταῦτα
608 2964 649 3050 δὴ
666 2959 717 3033 τόν
731 2969 939 3051 συγκαλέσας
953 2962 1033 3042 τούς
1047 2981 1110 3029 σν-

98 3058 285 3137 στασιοότας
300 3062 504 3147 ἐβουλεύετο,
518 3063 637 3148 λέγων,
652 3061 698 3143 τός
712 3063 850 3152 άμεινον
863 3069 958 3148 σφίσι
968 3068 1110 3146 είηκρη-

97 3156 273 3243 σφύγετόυ
287 3184 318 3225 τι
337 3157 491 3247 ύπαρχον
512 3157 614 3248 εἶναι,
628 3158 674 3247 ἢν
694 3159 760 3247 ἄρα
777 3163 986 3241 ἐξωθέωνται
1000 3162 1038 3227 ἐκ
1052 3164 1109 3244 τῆς

99 3254 275 3343 Μιλήτου,
289 3265 354 3325 είτε
366 3255 406 3345 δὴ
420 3250 469 3325 οἷν
480 3260 513 3338 ἐς
523 3257 649 3347 Σαρδὼ
661 3262 698 3327 ἐκ
709 3266 771 3327 τού
780 3258 888 3326 τόπου
898 3256 1024 3326 τούτου
1032 3254 1108 3342 άγοι

98 3359 134 3433 ἐς
148 3351 383 3442 άποικίηνείτε
394 3358 428 3435 ἐς
437 3358 621 3445 Μύρκινον
631 3355 695 3445 τὴν
705 3355 874 3443 Ἠδωνῶν,
886 3352 1107 3443 τηνἹστιαλος

99 3458 220 3542 ἐτείχεε
233 3454 324 3543 παρά
334 3464 485 3547 Δαρείου
501 3458 635 3549 δωρεὴν
648 3458 772 3547 λαρόν.
795 3464 900 3526 ταῦτα
911 3459 1073 3547 ἐπειρώτα
1093 3448 1111 3525 ὃ
