2500 3925
195 276 261 342 ³10
572 279 826 338 Hssssonorl

197 439 275 521 κτὸς
288 441 511 529 προελήλατο,
526 443 581 508 καλ
595 436 716 527 ήσυχίη
732 437 845 508 ἐδόκεε
860 437 946 506 εἶναι
964 437 1039 508 άνιὶ
1060 439 1108 508 τά
1124 464 1207 526 στρι·

195 541 320 610 τόπεδα
334 545 390 610 καὶ
409 539 552 626 μάλιστα
569 543 604 608 οί
617 535 796 626 ἅνθρωποι
813 535 900 606 εἶναι
916 540 956 606 έν
974 537 1108 632 ύπνρι,
1131 569 1207 626 τιμε

195 645 302 708 καῦτα
325 639 535 727 προσελάσας
554 641 647 729 ῗππμ
666 634 752 724 πρὸς
768 634 828 717 τάς
847 635 1010 724 φυλακάς
1033 637 1105 718 τάς
1124 637 1207 726 Ἀθη-

195 743 301 805 ναίων
322 733 537 823 Ἀλέξανδρος
557 733 575 804 ὁ
598 732 784 823 Ἀμύντεω,
808 737 997 823 στρατηγός
1017 763 1061 805 τε
1085 737 1157 806 έών
1170 743 1206 806 κά

194 832 354 924 βασιλεύς
368 835 603 922 Μακεδόνων,
625 837 750 922 ἐδίζητο
765 847 851 903 τοῖσι
866 851 1101 923 στρατηγοῖσι
1118 841 1155 916 ές
1166 840 1206 905 λά

194 957 277 1020 γους
294 934 416 1003 ἐλθείν.
445 940 514 1002 τῶν
531 933 569 1003 δέ
590 935 755 1020 φυλάκων
773 937 809 1001 ot
823 935 887 1019 μὲν
900 941 1056 1015 πλεῦνες
1072 941 1206 1022 παρέμε

142 1047 145 1056 ’
194 1057 274 1118 νον,
290 1035 326 1100 οδ
337 1030 369 1100 δ’
386 1038 488 1102 ἐθεον
503 1034 556 1102 ἐπὶ
570 1031 650 1112 τούς
664 1031 886 1118 στρατηγούς,
908 1034 1083 1115 ἐλθόντες
1098 1038 1140 1104 δὲ
1153 1043 1204 1104 ἕλε

194 1155 274 1215 γον,
297 1126 341 1210 ὥς
356 1129 539 1220 άνθρωπος
553 1131 632 1220 ήκοι
653 1129 706 1200 ἐπ’
722 1136 829 1200 ἵππου
843 1136 880 1200 ἐκ
897 1139 960 1200 τοῦ
977 1139 1204 1222 στρατοπέδω

194 1237 255 1297 τοῦ
272 1229 414 1317 Μήδων,
433 1229 565 1310 ὅςᾶλλο
579 1232 643 1320 μὲν
657 1228 989 1318 ούδένπαραγυμνοτ
1000 1237 1105 1319 ἔπος,
1120 1255 1205 1319 στρο-

151 1340 184 1396 λδ
195 1329 318 1418 τηγούς
328 1333 365 1400 δὲ
376 1329 573 1418 οὐνομάζων
589 1332 721 1400 έθέλειν
734 1325 861 1416 φησλές
871 1329 999 1415 λόγους
1012 1333 1153 1400 ἐλθεῖν.
1178 1335 1205 1398 Οἱ

195 1429 232 1498 δέ
248 1431 318 1497 ἐπεὶ
331 1436 436 1498 ταῦτα
451 1427 619 1518 ήκουσαν,
635 1428 756 1498 αὐτίκα
771 1433 905 1497 εἵποντο
916 1432 950 1508 ές
963 1426 1029 1508 τὰς
1044 1431 1203 1515 φυλακάς.

195 1526 426 1614 ἀπικομένοισι
444 1531 480 1598 δὲ
496 1535 588 1614 ἔλεγε
604 1525 819 1615 Ἀλέξανδρος
831 1525 928 1600 τάδε·
947 1525 1104 1612 Ἄνδρες
1117 1526 1202 1611 Ἀθη

195 1643 295 1714 ναῖοι,
310 1627 515 1715 παραθήκην
529 1624 611 1714 ύμῖν
623 1623 666 1694 τά
680 1631 761 1694 έπεα
774 1625 854 1694 τάδε
867 1632 1016 1711 τάθεμαι,
1033 1623 1202 1714 άπόρρητι

195 1727 395 1813 ποιεύμενος
409 1725 494 1816 πρός
513 1728 640 1812 μηδένα
657 1728 769 1811 λέγειν
787 1721 891 1809 ύμέας
905 1719 1052 1808 ἄλλονῆ
1071 1731 1202 1792 Παυσα-

195 1832 289 1914 νίην,
312 1824 358 1914 μή
373 1852 414 1913 με
429 1825 484 1893 καὶ
499 1827 734 1910 διαφθείρητε·
760 1817 802 1889 ού
821 1819 887 1906 γάρ
900 1817 946 1888 ἂν
960 1827 1109 1908 ἔλεγον,
1131 1830 1163 1891 εἰ
1172 1822 1201 1908 μή

193 1925 346 2015 μεγάλως
364 1925 535 2014 ἐκηδόμην
556 1922 754 2009 συναπάσης
769 1928 827 2010 τῆς
844 1919 1012 2001 Ἑλλάδος.
1048 1921 1163 2002 αὐτός
1180 1948 1201 1989 τε

194 2024 260 2115 γάρ
271 2022 394 2111 Ἕλλην
409 2027 507 2111 γένος
523 2026 588 2112 είμὶ
601 2020 777 2110 τώρχαῖον,
794 2024 850 2090 καὶ
863 2018 938 2088 άντ’
951 2024 1150 2109 ἐλευθέρης
1162 2029 1202 2090 δι-

195 2128 414 2211 δουλωμένην
430 2120 493 2190 ούιι
507 2118 552 2189 ἄν
563 2123 714 2208 ἐθέλοιμι
724 2117 810 2207 ὁρᾶν
822 2117 886 2206 τήν
895 2117 1049 2187 Ἑλλάδα.
1077 2122 1202 2208 λέγωδὲ

195 2217 246 2293 ύν
268 2222 321 2292 ὅτι
336 2228 524 2313 Μαρδονίῳ
539 2247 575 2290 τε
590 2222 646 2289 καὶ
665 2226 706 2309 τῇ
722 2224 857 2307 στρατιῇ
875 2216 916 2285 τά
931 2217 1064 2303 σφάγια
1088 2217 1135 2287 ού
1154 2219 1202 2285 δύ

195 2348 293 2390 ναται
303 2320 498 2409 καταθύμια
508 2324 686 2408 γενέσθαι·
697 2316 801 2386 πάλαι
810 2314 877 2403 γάρ
888 2312 932 2384 ἄν
942 2315 1135 2403 ἐμάχεσθε·
1150 2326 1201 2385 νῦν

195 2423 235 2491 δέ
245 2426 281 2490 οί
293 2424 446 2491 δέδοκται
461 2418 501 2487 τά
516 2420 579 2507 μέν
594 2418 722 2505 σφάγια
738 2417 798 2483 ἐάν
811 2421 950 2501 χαίρειν,
965 2412 1036 2500 ἅμα
1052 2414 1166 2507 ἡμέρη
1175 2416 1201 2483 δὲ

192 2519 435 2609 διαφωσκούσῃ
447 2515 623 2607 συμβολήν
634 2517 818 2583 ποιέεσθαι.
833 2511 1077 2599 καταρρώδηκε
1087 2515 1157 2604 γάρ
1167 2513 1200 2602 μή

190 2626 333 2698 πλεῦνες
345 2625 562 2705 συλλεχθῆτε,
576 2613 621 2694 ὡς
631 2610 697 2701 ε’γά
709 2611 836 2693 εἰκάζω.
859 2607 943 2697 πρὸς
952 2617 1060 2678 ταῦτα
1072 2615 1200 2701 ἕτοιμά·
1217 2691 1219 2694 ,

190 2722 296 2797 ζεσθε.
319 2710 341 2801 ή
346 2740 365 2781 ν
376 2718 412 2781 δὲ
423 2714 490 2801 ἄρα
502 2711 731 2800 ὑπερβάληται
741 2706 805 2797 τήν
819 2705 992 2796 συμβολήν
1003 2713 1199 2797 Μαρδόνιος
1217 2701 1219 2784 f

190 2808 305 2897 καὶμὴ
326 2813 495 2896 ποιέηται,
521 2812 693 2895 λιπαρέετε
712 2810 886 2894 μένοντες·
917 2802 1044 2892 όλίγων
1063 2809 1136 2897 γάρ
1148 2834 1198 2897 σφι

191 2908 343 2998 ἡμερέων
357 2912 505 2977 λείπεται
520 2912 616 2975 σιτία.
639 2902 684 2993 ἢν
701 2906 738 2975 δὲ
753 2903 836 2991 ύμῖν
850 2901 869 2973 ὁ
883 2903 1029 2989 πόλεμος
1044 2904 1108 2976 ὅδε
1125 2907 1196 2977 κατά

192 3004 275 3073 νόον
289 3002 487 3093 τελευτήσῃ,
510 3011 708 3091 μνησθῆναί
718 3030 795 3072 τινα
813 2999 877 3091 χρή
897 3005 952 3070 καὶ
966 3004 1050 3088 ἐμεῦ
1065 3006 1196 3075 ἐλευθε

193 3102 315 3187 ράσιος
331 3102 426 3189 πέρι,
444 3099 482 3182 ὃς
498 3101 667 3189 Ἑλλήνων
681 3106 811 3171 εἵνεκεν
825 3099 916 3170 οὕτω
932 3106 1034 3224 ἔργον
1051 3106 1196 3194 παράβο

187 3207 249 3268 λον
276 3204 440 3287 ἔργασμαι
465 3194 534 3268 ύπὸ
559 3205 770 3289 προθυμίης,
797 3200 926 3269 ἐθέλων
950 3214 1036 3287 υμῖν
1061 3206 1197 3289 δηλώσω

187 3299 251 3386 τήν
276 3301 427 3369 διάνοιαν
450 3299 513 3387 τήν
530 3305 753 3389 Μαρδονίου,
777 3300 898 3388 ἵναμή
918 3303 1101 3371 ε’πιπέσωσι
1125 3299 1219 3394 ύμίιζ

189 3404 226 3467 οἷ
248 3400 411 3490 βάρβαροι
430 3399 475 3489 μή
499 3402 799 3488 προσδεκομένοισί
814 3428 872 3471 κω.
900 3408 968 3489 είμι
986 3403 1025 3471 δέ
1047 3401 1193 3488 Ἀλέξαν-
1217 3405 1219 3410 ’

191 3504 271 3587 δρος
290 3498 308 3570 ὁ
329 3499 510 3571 Μακεδών.
539 3499 573 3569 ‘0
589 3500 654 3587 μέν
668 3506 777 3569 ταύτα
789 3510 886 3583 είπας
903 3500 1081 3589 ἀπήλαυνε
1099 3505 1194 3576 ὀπίσω
