2500 3925
166 223 229 287 150
542 223 795 284 menon

165 399 247 456 σθαι
263 383 456 473 ἀνίσχοντα,
477 384 673 472 θυμιήματά
690 409 726 454 τε
746 397 888 454 παντοία
908 387 960 455 έπδ
973 392 1043 455 τῶν
1063 412 1173 474 γεφυ-

166 486 254 574 ρέων
267 489 495 571 καταγίζοντες
514 487 569 554 καί
582 473 763 573 μνρσίνὴσι
783 484 983 571 στορνύντες
997 485 1060 573 τὴν
1077 482 1174 553 ὁδόν.

166 581 211 663 ὡς
225 580 257 652 δ’
280 580 507 653 έπανέτελλεὸ
528 580 638 671 ἡλιος,
661 586 817 651 σπένδων
836 584 873 651 ἐκ
886 586 1028 671 χρυσέης
1049 582 1175 669 φιάλης

165 685 288 774 Ξέρξης
301 687 334 764 ές
343 681 405 772 τὴν
415 683 593 753 θάλασσαν
604 680 717 769 εὔχετο
728 679 813 769 πρός
825 678 886 750 τόν
896 677 995 767 ἡλιον
1005 684 1176 768 μηδεμίαν

166 786 201 850 οί
211 786 392 869 συντυχίην
402 781 562 869 τοιαύτην
571 781 742 868 γενέσθαι,
755 778 778 868 ἡ
788 806 848 867 μιν
857 777 979 848 παύσει
990 781 1175 865 καταστρέ-
1243 833 1244 840 ,

163 877 542 968 φασθαιτὴνίδόρόπην
552 878 718 967 πρότερον
743 873 765 965 ἡ
777 879 829 946 έπί
839 880 976 966 τέρμασι
988 891 1072 945 τοῖσι
1084 878 1176 945 έκεί-
1243 871 1244 874 “

163 1005 225 1066 νης
240 981 385 1066 γένηται.
415 976 595 1066 εὐξάμενος
616 978 653 1047 δέ
674 981 808 1066 ἐσέβαλε
828 973 892 1064 τὴν
911 973 1038 1064 φιάλην
1060 976 1096 1054 ές
1111 969 1175 1040 τὸν

157 1075 402 1164 Ἑλλήσποντον
415 1079 471 1147 καὶ
489 1077 635 1165 χρύσεον
648 1082 796 1165 κρητῆρα
811 1076 866 1144 καὶ
878 1073 1048 1162 Περσικὸν
1063 1077 1173 1160 ξίφος,

162 1174 224 1244 τόν
235 1173 401 1265 ἀκινάκην
412 1178 577 1247 καλέουσι.
597 1183 702 1246 ταῦτα
713 1172 776 1244 ούκ
787 1181 851 1263 έχω
862 1172 1024 1264 ἀτρεκέως
1038 1178 1175 1260 διακρῖ-

163 1302 235 1362 ναι,
258 1275 335 1344 οὔτε
356 1281 387 1345 εί
403 1284 450 1369 τῷ
466 1274 548 1368 ἡλίφ
570 1273 742 1355 ἀνατιθεὶς
763 1281 884 1364 κατῆκε
901 1277 934 1354 ές
956 1272 992 1343 τό
1014 1276 1173 1359 πέλαγος,

163 1374 240 1443 οὔτε
252 1379 283 1443 εί
291 1379 490 1464 μετεμέλησέ
497 1380 532 1444 οί
537 1372 847 1463 τόνἙλλὴσποντον
857 1373 1103 1462 μαστιγώσαντι
1114 1370 1173 1438 καὶ

114 1494 148 1549 5⁵
163 1472 237 1545 ἀντὶ
256 1476 386 1544 τούτων
400 1476 463 1565 τὴν
481 1476 659 1546 θάλασσαν
679 1479 847 1560 έδωρέετο.
884 1471 943 1554 Ὡς
957 1474 994 1543 δέ
1009 1471 1116 1542 ταῦτα’
1138 1475 1174 1538 οί
1243 1483 1244 1566 j

163 1576 348 1662 ἐπεποίητο,
360 1576 531 1663 διέβαινον
541 1573 625 1646 κατά
635 1577 698 1663 μέν
711 1572 774 1663 τὴν
785 1577 901 1663 ἑτέρην
911 1579 980 1642 τῶν
989 1571 1172 1659 γεφυρέων
1243 1575 1244 1612 ἡ

162 1671 225 1762 τὴν
239 1672 324 1763 πρὸς
338 1681 399 1743 τοῦ
412 1672 577 1746 Πόντονὸ
592 1675 689 1757 πεζός
703 1701 738 1743 τε
749 1671 835 1763 καὶὴ
851 1676 953 1754 ἵππος
966 1669 1091 1756 ἅπασα,
1106 1695 1171 1736 κα-

162 1769 201 1840 τά
219 1771 255 1840 δέ
269 1769 332 1860 τὴν
348 1771 432 1861 πρός
445 1771 482 1843 τό
495 1779 637 1862 Αίγαϊον
648 1771 688 1842 τά
703 1769 866 1860 ὑποζύγια
880 1776 935 1843 καί
948 1770 969 1861 ἡ
986 1775 1168 1862 θεραπηίη.

164 1867 300 1958 ἡγέοντο
318 1870 355 1941 δὲ
368 1879 482 1960 πρῶτα
497 1875 559 1962 μέν
574 1877 607 1943 οί
619 1873 735 1961 μύριοι
744 1875 883 1961 Πέρσαι,
899 1869 1170 1958 ἐστεφανωμένοι
1230 1873 1244 1962 '¹

161 1972 301 2058 πάντες,
314 1969 395 2059 μετὰ
412 1974 449 2042 δὲ
459 1974 600 2054 τούτους
615 1971 634 2043 ὁ
646 1974 828 2061 σύμμικτος
841 1969 982 2062 στρατός
996 1976 1168 2040 παντοίων
1243 1968 1244 1979 ’

163 2075 301 2142 ἐθνέων.
331 2071 457 2159 ταύτην
471 2072 534 2160 μὲν
548 2069 611 2161 τὴν
629 2069 758 2162 ἡμέρην
771 2064 881 2161 οὖτοι,
902 2077 942 2162 τῇ
956 2072 992 2140 δὲ
1007 2068 1167 2158 ἡστεραίη
1243 2116 1244 2165 1

162 2180 288 2260 πρῶτοι
303 2174 365 2259 μὲν
380 2176 415 2241 οἵ
425 2200 462 2243 τε
479 2176 615 2244 ίππόται
629 2176 684 2245 καὶ
706 2180 740 2245 οί
758 2173 817 2256 τὰς
836 2174 957 2262 λόγχας
977 2173 1067 2242 κάτω
1084 2172 1168 2260 τρά·
1243 2188 1244 2199 ’

161 2298 299 2353 παντες·
320 2274 552 2371 ἐστεφάνωντο
570 2276 606 2343 δέ
620 2278 675 2344 καὶ
691 2267 801 2344 ούτοι·
823 2270 904 2362 μετὰ
921 2274 958 2342 δέ
971 2275 1007 2341 οἵ
1017 2286 1053 2340 τε
1069 2273 1167 2338 ἵπποι
1243 2270 1244 2331 ἶ

163 2379 197 2445 οί
211 2377 278 2463 ίρολ
291 2377 347 2443 καλ
361 2372 398 2443 τό
413 2373 503 2464 ἅρμα
517 2371 554 2444 τό
570 2371 665 2462 ίρόν,
689 2376 741 2444 ἐπὶ
756 2378 794 2444 δὲ
807 2371 908 2453 αύτός
922 2398 958 2441 τε
974 2374 1097 2459 Ξέρξης
1112 2372 1166 2437 καὶ
1243 2364 1244 2411 1

161 2480 196 2546 οί
208 2474 408 2564 αἰχμοφόροι
420 2476 476 2544 καὶ
491 2479 525 2543 οί
537 2475 674 2544 ίππόται
690 2478 724 2543 οί
736 2479 851 2561 χίλιοι,
866 2474 919 2540 έπλ
931 2472 968 2540 δέ
982 2469 1131 2538 τούτοισι
1148 2465 1167 2537 ὁ
1243 2468 1244 2557 ἡ

161 2572 261 2653 ἀλλος
276 2572 424 2661 στρατός.
458 2574 514 2642 καὶ
527 2576 565 2641 αί
583 2574 656 2653 νέες
679 2570 748 2660 ἀμα
764 2568 930 2660 ἀνήγοντο
954 2564 1060 2655 έςτὴυ
1083 2564 1167 2635 ἀπε·

161 2677 309 2741 ναντίον.
337 2668 401 2761 ἡδη
417 2671 453 2741 δέ
472 2670 601 2759 ἥκουσα
615 2673 671 2740 καὶ
688 2668 833 2739 ὕστατον
855 2673 1012 2757 διαβῆναι
1027 2668 1168 2755 βασιλέα
1243 2684 1244 2707 ³

160 2794 307 2839 παντων.
1243 2790 1244 2806 ’

112 2887 148 2944 56
246 2872 369 2958 Ξέρξης
379 2869 416 2939 δὲ
429 2869 537 2937 ἐπείτε
552 2872 646 2961 διέβη
658 2873 691 2951 ές
700 2866 951 2959 τὴνΕύρύπην,
960 2866 1094 2954 έδηέετο
1106 2864 1167 2936 τόν

160 2965 304 3059 στρατόν
317 2965 384 3037 ὑπό
399 2977 569 3058 μαστίγων
584 2974 808 3059 διαβαίνοντα.
830 2974 924 3059 διέβη
941 2970 978 3039 δέ
992 2966 1010 3037 ὁ
1025 2963 1166 3056 στρατὸς
1243 3008 1244 3035 1

160 3067 266 3140 αὐτοῦ
280 3072 318 3139 έν
333 3068 413 3139 έπτά
428 3067 569 3161 ἡμέρησι
583 3075 638 3140 καὶ
649 3074 686 3141 έυ
701 3071 780 3141 έπτά
794 3068 991 3162 εύφρόνησι,
1009 3070 1165 3149 έλινύσας
1243 3058 1244 3069 ¹

160 3166 283 3238 υύδένα
295 3170 429 3256 χρόνον.
451 3171 600 3239 ἐνθαῦτα
609 3174 738 3257 λέγεται
748 3174 875 3260 Ξέρξεω
887 3170 951 3261 ἤδη
966 3168 1159 3259 διαβεβηκό·

159 3292 215 3343 τος
233 3264 295 3333 τόν
311 3262 557 3355 Ἑλλήσποντον
571 3266 680 3355 ἀνδρα
701 3276 805 3340 είπείν
820 3268 1096 3359 Ἑλλησπόντιον·
1123 3261 1164 3336 Ὦ

159 3371 244 3449 Ζεῦ,
260 3368 296 3431 τί
307 3360 346 3449 δὴ
362 3361 460 3453 ἀνδρὶ
474 3365 645 3453 εἰδόμενος
655 3371 769 3458 Πέρση
783 3373 838 3439 καί
853 3367 982 3457 ούυομα
994 3366 1069 3438 ἀντὶ
1080 3364 1165 3447 Διὸς

160 3463 281 3546 Ξέρξεα
295 3462 438 3546 θέμενος
451 3461 639 3533 ἀνάστατον
651 3462 861 3553 τὴυἝλλάδα
875 3472 1002 3549 έδέλεις
1015 3474 1164 3556 ποιῆσαι,
