2500 3925
368 280 837 346 LIB.LcAP.178-1m
1056 285 1100 352 ⁰5

115 441 267 530 ἐαάτερον
281 447 343 509 τοῦ
357 461 508 523 ποταμου
493 437 658 524 ἀίμασιή
676 445 830 509 κλίνθων
849 441 976 514 όπτέων
989 470 1098 534 παρα-

112 545 216 608 τείνει.
243 563 281 607 το
270 535 370 607 “”δλ
347 554 432 605 αστυ
445 531 526 603 αῦτο
514 531 602 603 ἐόν
616 542 740 623 πλῆρες
753 541 885 612 οἰκιέων
898 544 1097 630 τριωρόφων

110 661 143 703 τε
156 637 211 703 καλ
230 634 454 723 τετρωρόφων
469 631 755 718 κατατέτμηται
719 659 778 714 τας
792 633 893 716 ὁδοῦς
908 641 1018 726 ίθέας,
1039 638 1098 718 τάς

109 761 142 802 τε
157 731 259 814 άλλας
272 729 380 802 καί
342 759 401 811 τας
415 730 656 818 ἐπικαρσίας
618 759 678 811 τας
692 732 792 802 ἐπὶ
758 760 819 802 τον
834 734 984 822 ποταμόν
1001 737 1093 822 ἐχοῦ·

107 855 173 914 σας.
193 860 278 902 κατα
265 824 383 918 δή
357 857 406 899 ων
421 829 563 916 βιάστην
579 827 662 898 ὁδόν
683 833 721 899 ἐν
740 839 779 921 τῇ
799 837 990 923 αἱμασιῇ
950 861 990 924 τη
1005 859 1094 921 παρα

106 929 164 1000 τόν
176 927 327 1015 ποταμὸν
340 931 475 1004 πυλίδες
491 926 677 1012 ἐπήσαν,”
656 946 733 996 οσαι
749 953 811 1016 περ
827 934 865 998 αί
877 938 1017 1017 λαῦραι,
1037 955 1095 999 το-

104 1034 222 1097 σαῦται
237 1022 398 1111 άριθμόν.
419 1015 507 1110 ἦσαν
527 1022 563 1091 δέ
579 1016 694 1091 καλ
649 1049 746 1094 αυται
760 1027 911 1114 χάλκεαι,
932 1031 1096 1116 φέρουσαι

103 1128 156 1195 καλ
171 1121 271 1192 αῦται
258 1126 321 1203 ἐς
333 1120 438 1191 αὐτόν
451 1120 512 1190 τόν
524 1123 684 1208 ποταμόν.
722 1131 828 1192 Τοῦτο
841 1126 904 1212 μλν
920 1124 1008 1214 δή
974 1153 1012 1195 το
1027 1141 1094 1197 τεί-
1113 1149 1160 1208 ιρι

101 1249 156 1309 χος
169 1221 289 1308 θάρηξ
309 1221 393 1306 ἐστὶ,
416 1221 530 1306 ἕτερον
547 1219 582 1287 ῦλ
604 1226 732 1288 ἔσωθεν
753 1235 856 1307 τεῖχος
879 1224 1027 1310 περιθέει
1052 1223 1094 1292 06

101 1329 212 1411 πολλῷ
225 1323 289 1411 τέῳ
303 1316 546 1404 ἀσθενέστερον
561 1324 623 1385 τοῦ
639 1319 753 1406 ἐτέρου
771 1326 908 1406 τείχεος,
929 1319 1094 1390 στεινότε-

100 1445 161 1507 ρον
174 1423 222 1488 δέ.
246 1422 284 1488 ἐν
298 1417 335 1487 δὲ
352 1417 477 1504 φάρσεϊ
489 1417 632 1508 ἐκατέρῳ
648 1423 705 1503 τῆς
718 1417 833 1498 πόλιος
865 1425 1038 1504 τετείχιστο
1055 1421 1093 1488 ἐν

98 1521 202 1609 μέσῳ,
224 1520 264 1586 ἐν
279 1522 326 1607 τῷ
341 1515 403 1601 μέν
421 1511 463 1582 τά
477 1515 632 1602 βασιλήια
651 1515 818 1606 περιβόλῳ
831 1515 963 1607 μεγάλῳ
982 1543 1018 1585 τε
1037 1519 1093 1584 καλ

98 1621 242 1705 ἰσχυρῷ,
263 1616 301 1681 ἐν
321 1612 359 1680 δέ
373 1618 418 1702 τῷ
434 1614 533 1702 ἑτέρῳ
548 1609 633 1689 Διὸς
646 1611 758 1699 Βήλου
779 1611 855 1700 ίρὸν
870 1613 1091 1700 χαλκόπυλον,

97 1716 150 1783 καί
163 1715 199 1791 ἐς
221 1712 280 1798 έμέ
300 1718 398 1780 τοῦτο
417 1715 464 1778 ἐτι
484 1707 559 1796 ἐδυ,
580 1710 643 1778 δάο
656 1715 800 1780 σταδίων
818 1712 945 1801 πάντη,
965 1711 1022 1782 ἐόν
1037 1737 1092 1780 τε·

65 1885 70 1889 ,
97 1811 283 1896 τράχωνον.
306 1809 343 1875 ἐν
357 1809 444 1896 μέσῳ
461 1808 497 1874 δέ
509 1813 570 1874 τοῦ
584 1811 661 1893 ίροῦ
675 1807 801 1928 πόρχος
815 1807 946 1896 στερεός
960 1807 1091 1876 οίκοδά-

96 1934 213 1998 μηται,
231 1908 369 1974 σταδίου
380 1901 482 1973 καί
447 1931 484 1972 το
500 1910 602 1990 μῆκος
613 1901 710 1974 καί
677 1929 713 1973 το
726 1898 833 1992 εὖρος,
848 1905 903 1973 καί
917 1907 969 1973 ἐπὶ
985 1904 1090 1997 τούτῳ

96 2019 140 2101 τῳ
163 2008 289 2097 τόρνῳ
309 2003 407 2082 άλλος
431 2004 560 2090 πύργος
579 2007 769 2091 ἐπιβέβηκε,
791 2004 890 2071 καλ”
871 2028 980 2088 ετερος
1003 2002 1091 2090 μάλα

93 2111 143 2177 ἐπὶ
158 2107 290 2195 τούτῳ,
312 2096 462 2225 μέχρι
419 2128 461 2172 ου
477 2101 563 2173 όκτό
573 2105 722 2191 πάρχων.
746 2103 906 2191 ἀνάβασις
927 2105 1010 2181 δέἐ
999 2102 1090 2171 αῦ-

93 2204 170 2284 τοῦς
185 2210 318 2284 ἔξωθεν
338 2200 450 2291 κόκλῳ
466 2204 543 2287 περί
563 2201 690 2280 πάντας
710 2199 788 2279 τοῦς
806 2201 956 2288 πόρνους
971 2206 1089 2288 ἔχουσα

91 2309 281 2388 πεποίηται.
305 2306 462 2385 μεσοῦντι
485 2302 525 2367 δέ
541 2323 604 2366 κου
625 2306 682 2385 τής
702 2297 882 2385 άναβάσιός
902 2300 969 2367 ἐστι
989 2322 1090 2365 κατα-

92 2400 184 2487 χωρή
205 2423 245 2466 τε
261 2399 316 2465 καί
329 2403 439 2464 θῶκοι
462 2393 723 2483 ἀμπαυστήριοι,
745 2399 782 2465 ἐν
801 2412 886 2466 τοῖσι
908 2402 1089 2476 κατίζοντες

91 2497 308 2585 ἀμπαύονται
323 2498 356 2560 οί
368 2490 613 2580 ἀναβαίνοντες.
637 2496 673 2561 ἐν
684 2496 719 2562 δέ
729 2502 773 2584 τῷ
787 2499 961 2583 τελευταίῳ
971 2493 1088 2583 πῦρχῳ

91 2592 171 2681 νηῦς
193 2599 308 2662 ἐπεστι
326 2592 441 2675 μέγας·
469 2592 506 2657 ἐν
521 2591 557 2657 δέ
573 2597 619 2679 τῷ
634 2597 703 2680 νηῷ
724 2598 819 2676 κλίνη
839 2589 964 2676 μεγάλη
981 2593 1086 2657 κέεται

90 2684 128 2759 εὖ
139 2690 346 2777 ἐστρωμένη,
360 2693 419 2755 καί
426 2691 460 2754 06
467 2688 609 2770 τράπεζα
620 2691 817 2773 παρακέεται
830 2689 962 2775 χρυσέη.
985 2684 1088 2771 άχαλ-

90 2815 133 2874 μα
154 2792 194 2856 δὲ
212 2784 277 2854 οῦκ
293 2791 345 2855 ἐνι
366 2782 467 2853 οῦδὲν
484 2784 606 2855 αῦτόθι
625 2788 864 2873 ’ἐνιδρυμένον
886 2782 964 2853 οῦδέ
983 2783 1088 2852 νάκτα

89 2882 202 2962 οὐδεὶς
221 2885 424 2964 ἐναυλίζεται
438 2880 649 2969 άυθράιιωυ,
672 2882 723 2952 ὅτι
736 2880 780 2969 μή
797 2878 883 2970 γυνὴ
899 2880 1006 2968 μοόνη
1020 2886 1088 2947 τῶν

91 2986 299 3066 ἐπιχωρίων,
319 2976 382 3065 τήν
402 2976 447 3047 άν
471 2977 489 3047 6
511 2976 592 3057 θεός
612 2982 723 3065 ἕληται
744 2981 779 3047 ἐκ
795 2973 988 3067 πασέων,’
967 3003 1011 3053 ως
1033 2978 1087 3043 λέ-

90 3097 189 3163 γουσι
207 3082 242 3145 oc
253 3082 415 3146 Χαλδαῖοι
431 3078 544 3155 ἐόντες
558 3078 644 3162 ίρέες
659 3077 779 3144 τούτου
799 3100 858 3143 του
845 3080 966 3190 θεοῦ.
1003 3073 1087 3140 Φασὶ
1105 3089 1156 3145 182

89 3176 125 3242 δέ
149 3162 323 3240 ὡυτοὶ
279 3198 408 3260 ουτοι,
425 3176 496 3259 ἐμοὶ
510 3170 625 3260 μέν’
586 3198 627 3240 ου
640 3170 737 3241 πιστά
755 3175 914 3256 λέγοντες,
930 3166 989 3235 τόν
1002 3167 1087 3239 θεὸν

87 3269 198 3340 αὐτὸν
219 3277 341 3357 φοιτᾶν
357 3294 393 3337 τε
409 3270 494 3349 ἐς
460 3298 520 3338 τον
540 3268 625 3358 νηόν
648 3273 702 3339 καί
725 3269 938 3358 ἀμπαύεσθαι
959 3270 1012 3337 ἐπὶ
1031 3275 1087 3356 τῆς

87 3375 224 3454 κλίνης,
245 3366 329 3436 κατά
344 3392 406 3455 περ
422 3371 459 3437 ἐν
473 3370 602 3462 Θήβησι
622 3378 696 3459 τῇσι
710 3373 909 3457 Αἰγυπτίῃσι
923 3364 1005 3435 κατὰ
1027 3363 1087 3436 τόν

84 3461 197 3531 αὐτόν
221 3462 365 3547 τρόπον,
398 3463 441 3540 ὡς
467 3469 599 3551 λέγουσι
622 3472 656 3534 οί
676 3466 853 3551 Αἰγύπτιοι
876 3463 1018 3604 (καὶχόιρ
1043 3462 1083 3553 δη
