2500 3925
187 205 230 273 78
553 207 792 264 HERODOTI
917 160 923 180 x

182 381 250 440 θον
285 369 481 461 ὁρμεόμευοι
495 374 558 444 τόν
574 372 690 446 Ἀθων
707 377 938 464 περιέβαλλον.
980 375 1150 448 έπιπεσάν
1177 381 1224 449 δέ

194 496 256 562 σφι
267 475 492 562 περιπλύουσι
500 478 619 563 βορέης
629 475 750 564 άνεμος
764 482 867 564 μέγας
877 506 913 548 τε
920 485 977 547 καί
985 479 1111 566 ἄπορος
1120 480 1217 569 πάρ-

192 576 390 661 τα-τρηχέως
403 575 561 661 περιέσπε
570 572 697 659 πλήθει
709 571 834 651 πολλάς
843 578 912 640 τάν
926 579 1015 643 νεάν
1028 577 1210 662 έκβάλλων

193 674 278 761 πρὸς
290 675 352 744 τδν
363 674 489 744 Ἄθων.
515 678 645 761 λέγεται
664 671 730 761 γάρ
745 672 829 742 κατά
849 681 1039 761 τριηκοσίας
1054 679 1117 761 μὲν
1134 686 1209 745 τῶν

193 783 282 845 νεῶν
293 773 354 854 τάς
361 780 608 860 διαφθαρείσας
619 769 722 860 εδναι,
739 771 825 858 ὑπὲρ
837 773 875 841 δὲ
886 774 949 841 δύο
961 773 1127 862 μυριάδας
1139 773 1207 843 άν-

192 872 360 959 θρύπων·
376 872 461 940 άστε
471 870 537 959 γάρ
547 871 819 958 θηριωδεστάτης
830 871 949 956 ἐούσης
959 878 1017 958 τῆς
1026 872 1207 960 θαλάσσης

192 970 315 1058 ταύτης
331 979 389 1058 τῆς
404 973 479 1056 περί
494 967 677 1038 τὸνἍθων
692 974 727 1038 οί
739 969 801 1055 μὲν
818 965 884 1036 ὑπὸ
899 975 968 1036 τῶν
980 975 1115 1055 θηρίων
1132 976 1207 1039 διε-

193 1076 376 1156 φθείροντο
391 1065 631 1155 ἁρπαζόμενοι,
646 1071 681 1136 οί
693 1069 729 1136 δέ
742 1064 827 1151 πρὸς
841 1064 904 1145 τὰς
915 1071 1035 1155 πέτρας
1052 1067 1206 1155 ἀρασσό-

193 1192 305 1254 μενοι,
337 1175 374 1235 οΐ
399 1167 437 1235 δὲ
461 1165 577 1235 αύτιίν
599 1165 689 1234 νέειν
713 1161 775 1234 ούτι
797 1161 976 1252 ἠπιστέατο
1001 1166 1084 1236 κατά
1099 1174 1203 1258 τοῦτο

192 1270 445 1352 διεφθείροντο,
460 1270 495 1332 οί
513 1266 550 1332 δέ
569 1267 663 1352 ῥίγει.
696 1261 733 1331 ‘0
747 1263 810 1351 μὲν
824 1261 865 1350 δὴ
888 1263 1045 1344 ναυτικὸς
1061 1264 1205 1351 στρατὸς

144 1378 178 1432 45
194 1366 283 1436 οὕτω
294 1372 448 1452 ἔπρησσε,
463 1370 650 1456 Μαρδονίῳ
662 1365 698 1434 δέ
711 1367 823 1456 καὶτῷ
834 1371 919 1455 πεζῷ
934 1371 1198 1454 στρατοπεδευω

191 1467 281 1558 μένφ
292 1469 329 1534 έν
340 1470 536 1555 Μακεδονίη
548 1463 669 1543 ννκτός
679 1465 806 1551 Βρύγοι
818 1465 960 1551 Θρήικες
971 1465 1201 1553 ἐπεχείρησαν.

190 1572 251 1635 καί
261 1586 376 1653 σφεων
387 1564 533 1646 πολλούς
544 1566 731 1652 φονεύουσι
744 1571 778 1634 οἱ
785 1566 931 1652 Βρύγοι,
949 1567 1154 1653 Μαρδόνιον
1166 1571 1203 1635 δέ

192 1662 297 1732 αὐτὸν
312 1671 560 1753 τρωματίζουσι.
584 1661 628 1732 ού
641 1667 755 1750 μέντοι
772 1661 851 1731 οὐδὲ
872 1661 966 1734 αὐτοί
983 1665 1201 1752 δουλοσύνην

191 1767 355 1852 διέφυγον
369 1763 453 1853 πρὸς
468 1767 643 1848 Περσέων·
663 1759 706 1831 ού
718 1759 783 1848 γὰρ
796 1759 836 1848 δὴ
851 1760 1017 1848 πρότερον
1028 1760 1201 1848 ἀπανέστη

190 1865 228 1932 έκ
241 1871 309 1932 τάν
322 1869 459 1953 χωρέων
471 1863 601 1932 τούτων
616 1861 830 1946 Μαρδόνιος,
851 1862 932 1946 πρὶν
946 1857 970 1948 ἥ
990 1879 1095 1947 σφεας
1111 1857 1202 1928 ὑπο-

190 1974 333 2051 χειρίους
358 1962 544 2052 ἐποιήσατο.
581 1962 723 2041 τούτους
746 1965 860 2049 μέντοι
884 1961 1201 2050 καταστρεψάμενος

190 2064 296 2153 ἀπῆγε
306 2063 369 2152 τὴν
380 2063 538 2153 στρατιὴν
552 2062 674 2149 ὀπίσω,
693 2063 751 2131 άτε
764 2070 810 2154 τῷ
825 2069 909 2155 πεζῷ
920 2089 956 2132 τε
970 2072 1201 2149 προσπταίσας

190 2158 275 2250 πρὸς
290 2159 370 2241 τούς
382 2164 539 2250 Βρύγους
559 2167 617 2231 καί
636 2170 684 2253 τῷ
703 2168 851 2252 ναυτικῷ
871 2162 1022 2249 μεγάλως
1042 2166 1119 2251 περί
1140 2161 1201 2231 τὸν

191 2258 316 2327 Ἄθων.
339 2252 438 2339 οὗτος
453 2262 516 2347 μέν
531 2286 597 2329 νυν
615 2259 634 2327 ὁ
653 2260 770 2339 στόλος
789 2267 931 2348 ιιίσχράς
945 2258 1200 2349 ἀγωνισάμενος

143 2369 175 2423 λδ
192 2355 390 2446 ἀπηλλάχθη
405 2362 438 2437 ές
450 2356 514 2447 τὴν
524 2356 648 2446 Ἀσίην.
672 2360 818 2451 δευτέρην
829 2360 865 2427 δέ
877 2365 943 2429 έτεί
950 2360 1081 2429 τούτων
1092 2358 1110 2429 ὁ
1122 2372 1199 2431 Δα-

190 2472 278 2545 ρεῖος
297 2466 414 2544 πρῶτα
430 2461 492 2545 ’μέν
506 2466 652 2538 Θασίους
663 2460 907 2546 διαβληθέντας
926 2455 994 2526 ὑπὸ
1008 2466 1076 2527 τάν
1092 2455 1198 2530 άστυ-

189 2556 606 2645 γείτόυων,ὡςάπο’στασιν
616 2555 1127 2646 μηχαυοίατο,πέμψαςάγγελον
1140 2562 1198 2628 έκ-
1244 2576 1245 2593 ’

189 2657 285 2724 έλευέ
296 2675 400 2741 σφεας
412 2654 451 2725 τὸ
460 2670 566 2744 τεῖχος
580 2661 782 2743 περιαιρέειν
795 2658 851 2725 καί
866 2654 925 2734 τάς
938 2658 1015 2735 νέας
1032 2655 1197 2745 έςἍβδη-

188 2762 230 2834 ρα
250 2759 404 2839 κομίζειν.
434 2760 469 2824 οί
481 2754 547 2843 γάρ
564 2754 605 2843 δη
623 2754 744 2825 Θάσιοι
758 2746 812 2823 οἷα
826 2751 893 2823 ύπό
909 2751 1064 2825 Ἰστιαίου
1081 2765 1196 2823 τετοῦ
1240 2754 1242 2837 ί

188 2858 360 2937 Μιλησίου
376 2857 659 2941 πολιορκηθέντες
668 2856 723 2922 καί
733 2851 911 2941 προσόδων
925 2857 1070 2925 έονσέιον
1087 2857 1194 2942 μεγά-

188 2958 257 3017 λων
272 2953 424 3038 ἐχρέοντο
438 2966 524 3021 τοίοι
536 2954 681 3040 χρήμασι
695 2960 779 3031 ναῦς
788 2978 824 3020 τε
838 2953 1113 3047 ναυπηγεύμενοι
1129 2981 1192 3040 μα-

187 3046 270 3134 κρὰς
281 3052 336 3117 καί
347 3063 452 3135 τείχος
461 3049 679 3137 ίσχυρύτερον
694 3050 982 3139 περιβαλλόμενοι.
1003 3078 1026 3139 η
1038 3050 1075 3121 δέ
1086 3053 1191 3136 πράσ-

188 3145 267 3226 οδός
282 3166 342 3233 σφι
358 3151 484 3233 έγίυετο
500 3150 537 3215 έκ
553 3174 589 3217 τε
607 3157 666 3236 τῆς
681 3146 822 3237 ἠπείρου
839 3153 894 3217 καί
907 3145 974 3217 άπὸ
987 3155 1055 3217 τῶν
1070 3151 1191 3235 μετάλ-

189 3252 266 3312 λου.
292 3248 329 3313 έτι
342 3248 405 3331 μέν
417 3272 457 3331 γε
471 3252 541 3313 τάν
553 3250 591 3315 έκ
604 3246 866 3335 ΣλιαπτῆςὟλης
880 3254 948 3317 τοῖν
964 3252 1117 3335 χρυσέων
1132 3276 1183 3334 με·

187 3343 318 3409 πάλλων
337 3341 375 3410 τὰ
397 3346 519 3411 έπίπαν
539 3344 734 3432 ὀγδώκοντα
752 3347 899 3417 τάλαντα
919 3345 1076 3433 προσήιε,
1101 3348 1137 3415 έκ
1157 3345 1191 3413 δέ

110 3457 112 3460 ·
186 3446 254 3505 τῶν
267 3440 305 3506 έν
317 3437 401 3528 αὐτῇ
414 3442 515 3532 Θάσφ
528 3443 659 3513 έλάσσω
674 3446 736 3530 μὲν
750 3446 897 3531 τούτου,
917 3440 1024 3531 συχνά
1040 3443 1077 3513 δέ
1092 3442 1192 3531 ούγω,
