2500 3925
210 217 274 281 214
589 219 837 277 HERODOTI

211 390 351 467 δραμεῖν
361 383 398 447 έκ
412 384 474 446 τοῦ
482 376 633 464 θρόνου,
648 382 802 445 δείσαντα
816 378 895 465 περί
909 382 950 465 τῇ
965 383 1100 464 στρατιῇ.
1120 377 1173 442 Τότε

210 484 273 568 μὲν
283 478 372 548 οὕτω
382 475 602 565 ἠγωνίσαντο,
616 483 656 564 τῇ
669 472 702 543 δ’
714 472 872 563 ὑστεραίῃ
887 480 924 543 οἰ
935 472 1094 561 βάρβαροι
1106 471 1174 541 οὐδὲν

210 579 350 666 άμεινον
371 576 531 647 άέθλεον·
563 574 621 644 ἅτε
642 572 706 660 γάρ
730 571 853 660 ὀλίγων
878 572 1008 641 ἰόντων
1028 575 1175 648 ἐλπίσαντές

210 698 316 763 σφεας
325 678 673 759 κατατετρωματίσθαι
683 697 719 739 τε
730 672 785 739 καί
796 668 858 739 οὐκ
869 675 966 749 οἵους
976 696 1011 737 τε
1023 676 1139 737 ἔσεσθαι
1147 674 1175 735 ἔτι

210 792 320 863 χεῖρας
334 772 576 860 ἀνταείρασθαι
595 776 813 859 συνέβαλλον.
847 776 882 841 οί
900 774 938 839 δὲ
959 770 1106 854 Ἕλληνες
1121 766 1175 835 κιτό

210 876 303 955 τάξις
316 899 352 942 τε
366 878 422 942 καί
435 869 518 940 κατά
530 878 634 941 ε’θνεα
649 875 892 958 κεκοσμημένοι
906 864 996 957 ἦσαν
1006 870 1059 937 καί
1072 872 1105 937 έν
1115 872 1177 954 μέρεϊ

211 978 343 1041 ἕκαστοι
358 969 536 1059 ἐμάχοντο,
558 970 646 1058 πλην
663 976 826 1039 Φωκέων·
849 962 947 1037 οὗτοι
963 973 1000 1037 δέ
1014 971 1046 1047 ἐς
1059 966 1092 1035 τό
1108 962 1176 1051 οὖρος

153 1118 158 1123 ·
212 1072 401 1156 ἐτάχθησαν
418 1071 624 1155 φυλάξοντες
639 1067 701 1155 τὴν
717 1066 877 1157 άτραπόν.
913 1066 960 1147 ὡς
981 1072 1018 1136 δὲ
1037 1066 1125 1136 οὐδέν
1141 1064 1176 1133 εό-

211 1189 330 1256 ρισκον
349 1166 565 1256 ἀλλοιότερον
580 1174 615 1236 οί
625 1171 753 1253 Πέρσαι
773 1163 795 1252 ἢ
814 1173 854 1255 τη
869 1170 1051 1252 προτεραίῃ
1061 1168 1177 1248 ε’νωρεοε,

144 1292 196 1344 213
211 1263 417 1353 ἀπήλαυνον.
451 1263 666 1355 Ἀπορέοντος
681 1269 718 1333 δὲ
732 1268 904 1353 βασιλέος,
920 1262 989 1334 ὅτε
1000 1262 1141 1351 χρήσηται
1150 1266 1177 1349 τό

211 1363 370 1452 παρεόντι
383 1364 569 1451 πρήγματι,
586 1362 758 1449 Ἐπιάλτης
772 1360 791 1431 ὁ
805 1361 1018 1451 Εὐρυδήμου
1037 1359 1114 1448 ἀνὴρ
1126 1368 1177 1441 Μη

211 1459 303 1541 λιείις
313 1454 402 1549 ἦλθέ
410 1468 445 1531 οί
452 1465 486 1541 ές
496 1463 619 1549 λόγους
631 1458 675 1539 ὡς
685 1464 769 1547 μέγα
780 1489 811 1529 τι
822 1458 916 1549 παρά
929 1464 1078 1549 βασιλέος
1087 1459 1177 1526 δοκέω

213 1570 377 1644 οἰσεσθαι,
393 1564 520 1647 ἔφρασέ
527 1587 563 1629 τε
573 1557 636 1647 την
647 1556 797 1646 ἀτραπόν
807 1556 869 1647 τὴν
884 1556 945 1627 διὰ
954 1567 1016 1627 τοῦ
1027 1557 1130 1644 οὔρεος
1139 1556 1177 1640 γέ

213 1678 343 1746 ρουσαν
359 1664 393 1738 ές
404 1662 640 1747 Θερμοπύλας,
658 1664 713 1728 καί
727 1662 904 1747 διέφθειρε
921 1658 1001 1740 τοὺς
1014 1660 1109 1747 ταότη
1120 1654 1176 1724 ότι-

210 1763 388 1843 μείναντας
399 1755 578 1846 Ἑλλήνων.
601 1759 744 1843 ὕστερον
758 1760 795 1827 δὲ
807 1763 922 1838 δείσας
932 1764 1176 1844 Λακεδαιμονίους

212 1860 318 1940 ἔφυγε
338 1857 371 1934 ές
385 1865 588 1945 Θεσσαλίην,
605 1864 665 1925 καί
679 1862 712 1925 οί
728 1856 870 1943 φυγόντι
891 1854 963 1926 ὑπό
978 1864 1045 1925 τῶν
1057 1850 1176 1937 Πνλαγό-

210 1980 298 2073 ρων,
312 1962 381 2023 τάν
392 1953 647 2044 Ἀμφικτυόνων
658 1960 691 2036 ές
704 1954 767 2044 την
778 1964 937 2070 Πυλαίην
951 1960 1171 2062 συλλεγομένων

211 2051 377 2142 άργόριον
393 2056 615 2173 ἐπεκηρύχθη.
638 2057 750 2176 χρόνῳ
765 2054 838 2122 δὲ’
815 2076 979 2142 υστερον,
995 2045 1176 2141 κατηλθεγνε

211 2153 245 2229 ές
255 2148 470 2237 Ἀντικνρην,
486 2150 637 2222 άπέθανε
651 2151 699 2221 υπ
707 2151 943 2276 ’,Ἀθηνάδεω
960 2151 1079 2242 άνδρός
1091 2158 1178 2235 TW

64 2304 85 2328 ρ
211 2254 297 2314 νίου.
320 2245 414 2316 όδε’
409 2251 592 2376 Αθηνάδης
606 2278 705 2330 ουτος
717 2255 887 2320 απεκτεινε
902 2279 969 2339 μεν
981 2237 1176 2333 Ἐπιάλτηνίἰ

210 2344 316 2433 άλλην
329 2354 455 2474 αἰτίην,
470 2378 532 2436 την
546 2349 610 2438 ε’γω
626 2355 664 2420 ἐν
676 2365 762 2420 τοῖσι
773 2347 895 2418 ὄπισθε
906 2351 1038 2438 λόγοισι
1048 2345 1178 2456 σημανέω

210 2448 352 2573 ἐτιμήθη
362 2476 477 2536 μεντοι
488 2448 837 2539 νποΛακεδαιμονιων
846 2449 980 2520 ουδέν
958 2472 1064 2520 εσσον
1074 2437 1178 2514 Ἐττ-ιάλ

144 2565 197 2619 214
211 2577 269 2636 της
283 2576 346 2636 μεν
361 2548 450 2618 οὕτω
466 2548 610 2669 ὕστερον
624 2552 755 2620 τούτων
771 2548 931 2620 ἀπέθανε.
944 2549 1035 2620 Ἐστι
1051 2547 1114 2614 δε
1099 2563 1178 2622 ετερνς

209 2649 418 2762 λεγόμενος
403 2649 519 2736 λόγος,
536 2648 580 2730 ὡς
593 2650 728 2737 Ὀνητης
740 2678 776 2719 τε
792 2677 809 2718 ο
799 2647 1030 2735 Φαναγόρεω
1043 2639 1120 2727 άνηρ
1129 2644 1179 2706 Ka·

210 2746 344 2831 ρόστιος
354 2739 643 2826 καὶΚοραδαλλός’
641 2741 845 2826 Αντικυρεός
853 2749 916 2812 εἰσι
925 2748 960 2813 οί
967 2754 1111 2816 είπαντες
1121 2755 1178 2820 τερος

208 2845 346 2929 βασιλέα
368 2845 509 2924 τούτους
531 2844 610 2926 τοὺς
631 2846 770 2933 λόγους,
798 2847 854 2914 καὶ
871 2845 1161 2950 περιηγησάμενοι
1154 2852 1177 2894 w

209 2935 311 3027 οὖρος
323 2957 409 3010 τοῖσι
424 2947 587 3059 Πέρσησι,
605 2945 788 3032 οὐδαμῶς
771 2967 882 3032 εμοτγε
894 2943 1018 3022 πιστός.
1040 2947 1141 3014 τοντο
1138 2929 1177 2995 εἰν

208 3038 320 3127 γάρ
288 3044 372 3107 τώδε
385 3067 446 3129 χρη
462 3045 745 3133 σταθμώσασθαι,
762 3044 814 3112 ὅτι
829 3050 862 3113 οἰ
874 3051 942 3112 τῶν
957 3037 1178 3147 mmm

209 3138 695 3268 λαγόραιέττεκηρυξανοάκέπ’
708 3125 1178 3236 ὈνητητεναὶΚορνδαλλῷάε-

209 3238 331 3324 γόριον
343 3236 451 3307 άλλΗ
435 3244 484 3308 επ
504 3240 705 3332 Ἐπιάλτη
674 3249 720 3309 τά
738 3247 920 3333 Τρηχινίω,
941 3240 1071 3314 πάντως
1089 3256 1142 3300 τιον
1153 3218 1176 3290 τό

210 3337 447 3425 ἀτρεκέστατον
457 3343 660 3430 πυθόμενοι,
671 3351 770 3412 τοῦτο
783 3343 820 3411 δέ
830 3343 1000 3429 φεύγοντα
1011 3336 1068 3408 τόν
1077 3324 1178 3402 Ἐνιίἰ

207 3466 271 3526 την
293 3443 417 3531 ταύτην
433 3471 496 3533 την
513 3450 621 3532 αἰτίην
643 3449 790 3530 οἴδαμεν.
820 3448 921 3530 εἰδείη
941 3437 1079 3530 μὲνγὰρ
1094 3424 1179 3503 &mai
