2500 3925
347 276 432 332 ατο.
466 276 512 331 ιν.
546 274 644 332 σαι).
677 280 852 335 les—17⁵.
1040 274 1104 338 που

110 440 296 503 καταλέουσι
318 436 372 501 καὶ
388 438 516 501 ἐπειτεν
531 436 583 501 ἐπὶ
597 433 684 518 γάλα
701 434 939 517 ἐπιπάσσοντες
955 444 1100 507 πίνουσι.

110 545 261 611 γυναῖκας
274 530 311 598 δὲ
326 536 517 616 νομίζοντες
538 529 665 611 πολλάς
680 536 768 617 ἔχειν
783 535 920 614 ἕκαστος
932 538 1103 604 ἐπίκοινον

110 626 229 695 αὐτέων
243 626 306 714 τήν
320 632 412 715 μῖξιν
426 634 617 713 ποιεῦνται,
633 629 746 721 τρόπῳ
760 636 980 723 παραπλησίῳ
990 638 1037 722 τῷ
1047 636 1103 701 καὶ

108 728 325 810 Μασσαγέται.
349 724 452 794 ἐπεάν
466 734 618 796 σκίπωνα
633 729 903 817 προστήσωνται,
918 742 1101 819 μίσγονται.

106 828 232 907 πρῶτον
246 825 284 891 δὲ
297 827 481 911 γαμέοντος
490 829 704 913 Νασαμῶνος
713 824 838 913 άυδρδς
847 830 951 916 υύμος
965 834 1032 900 έστλ
1042 829 1104 918 τὴν

108 921 238 1007 νύμφην
249 926 346 990 νυκτλ
357 930 397 1013 τῇ
407 925 523 1013 πράτη
538 922 594 993 διά
606 924 745 993 πάντων
755 930 939 1008 διεξελθεῖν
948 936 1017 997 τάν
1028 933 1103 996 δαι-

104 1019 253 1105 τυμόνων
268 1024 491 1108 μισγομένην·
511 1028 581 1090 τάν
596 1023 634 1090 δέ
650 1019 695 1101 ὥς
710 1024 847 1104 ἕκαστός
860 1030 896 1094 οί
907 1035 1027 1116 μιχθῇ,
1048 1031 1102 1095 δι-

104 1121 153 1185 δολ
162 1124 292 1206 δῶρον,
313 1118 351 1188 τὰ
368 1116 412 1189 άυ
424 1128 485 1210 ἐχη
492 1122 680 1208 φερόμενος
694 1122 728 1201 ἐξ
744 1131 849 1191 οίκου.
888 1122 1049 1212 Ὁρκίοισι
1064 1125 1101 1192 δὲ

102 1218 150 1284 καλ
162 1226 308 1307 μαντικῇ
323 1221 478 1306 χρέονται
491 1224 620 1309 τοιῇδε·
643 1218 808 1307 ὀμνύουσι
829 1223 891 1308 μὲν
909 1220 990 1303 τούς
1008 1221 1100 1309 παρά

99 1325 187 1404 σφίσι
213 1315 343 1406 ἄνδρας
372 1315 602 1395 δικαιοτάτους
632 1314 689 1383 καλ
718 1313 875 1405 ἀρίστους
902 1318 1104 1405 λεγομένους

97 1420 269 1504 γενέσθαι,
302 1422 372 1486 τάν
405 1417 543 1505 τύμβων
577 1409 777 1504 άπτύμευοι,
809 1415 1031 1505 μαντεύονται
1065 1416 1103 1486 δὲ

99 1519 146 1584 ἐπὶ
161 1524 232 1587 τάν
257 1518 435 1606 προγόνων
458 1518 646 1605 φοιτέοντες
668 1516 710 1583 τά
733 1516 880 1605 σήματα,
903 1517 961 1586 καλ
981 1543 1102 1586 κατευ-

101 1616 231 1701 ξάμενοι
249 1618 596 1701 ἐπικατακοιμέονται,
611 1613 650 1683 τὸ
666 1613 698 1682 δ’
714 1611 758 1682 ἂν
772 1619 828 1703 ίδη
842 1618 878 1683 ἐν
891 1622 932 1704 τῇ
947 1613 1005 1695 ὄψι
1020 1614 1100 1681 ἐνύ-

100 1740 210 1800 πνιον,
232 1712 342 1804 τούτῳ
359 1720 485 1800 χρᾶται.
514 1721 640 1783 πίστισι
658 1713 695 1781 δέ
713 1720 859 1802 τοιησίδε
873 1718 1041 1801 χρέονται·
1063 1714 1100 1780 ἐκ

99 1822 148 1901 τῆς
158 1811 272 1901 χειρδς
282 1817 373 1882 διδοῖ
383 1828 473 1882 πιεῖν
483 1815 538 1881 καὶ
549 1810 651 1891 αύτδς
664 1815 701 1881 ἐκ
715 1820 773 1901 τῆς
788 1820 849 1881 τοῦ
863 1814 979 1898 ἐτέρου
992 1817 1099 1879 πίνει·

99 1910 136 2001 ἦν
150 1919 187 1983 δὲ
202 1912 250 2002 μη
272 1919 370 2000 ἔχωσι
387 1912 497 2001 ύγρδν
517 1912 639 2001 μηδὲν,
658 1918 692 1981 οί
711 1914 747 1981 δὲ
761 1920 819 2000 τῆς
840 1912 995 2000 χαμάθεν
1015 1930 1098 1978 σπο-

99 2018 155 2080 δοῦ
169 2011 334 2101 λαβόντες
349 2020 504 2100 λείγουσι.
548 2018 737 2098 Νασαμῶσι
748 2012 785 2079 δὲ
794 2010 1026 2099 προσύμουροί
1038 2015 1100 2078 είσι
1120 2025 1169 2082 173

101 2114 269 2182 Ψύλλοι.
299 2107 393 2182 οὗτοι
414 2113 641 2195 ἐξαπολώλασι
664 2115 778 2205 τρύπφ
798 2116 931 2205 τοιῷδε·
960 2108 1099 2190 δνύτος

98 2234 152 2298 σφι
167 2215 284 2280 πνέων
298 2210 420 2300 άνεμος
430 2211 471 2282 τά
484 2219 606 2300 ἔλυτρα
619 2239 688 2281 τιν
697 2211 833 2282 ὑδάτων
847 2212 1003 2298 ἐξαύηνε,
1024 2209 1046 2300 ἡ
1062 2211 1099 2280 δὲ

96 2309 181 2396 χάρη
196 2329 261 2396 σφι
275 2317 365 2378 πάσα
381 2309 475 2392 έυτδς
490 2315 591 2379 ἐοῦσα
605 2318 663 2398 τῆς
673 2311 820 2398 Σύρτιος
828 2303 873 2398 ἦν
883 2310 1045 2396 ἄνυδρος·
1067 2315 1105 2377 οί

97 2410 127 2476 δὲ
141 2410 412 2494 βουλευσάμενοι
427 2418 530 2501 κοινῷ
546 2413 636 2502 λόγῳ
650 2411 886 2494 ἐστρατεύοντο
901 2415 954 2479 ἐπὶ
963 2408 1024 2478 τδν
1037 2408 1099 2478 νύ-

96 2533 150 2573 τον
173 2510 278 2595 (λέγω
299 2510 476 2595 δὲταῦτα,
498 2506 539 2577 τά
562 2513 699 2595 λέγουσι
719 2513 874 2596 Λίβυες),
897 2510 953 2576 καὶ
989 2507 1099 2575 ἐπείτε

95 2609 245 2691 ἐγίνοντο
257 2610 295 2675 ἐν
305 2615 345 2696 τῇ
356 2608 497 2699 ψάμμῳ,
509 2609 659 2686 πνεύσας
669 2604 688 2674 ὁ
700 2607 798 2685 νότος
807 2610 974 2693 κατέχωσέ
981 2626 1095 2694 σφεας.

95 2708 348 2793 ἐξαπολομένων
368 2706 404 2774 δὲ
425 2706 556 2775 τούτων
577 2713 690 2793 έχουσι
714 2705 776 2794 τὴν
799 2707 912 2794 χάρην
932 2709 968 2773 οί
979 2714 1098 2775 Νασα-

94 2813 208 2888 μῶνες.
260 2805 399 2872 Τούτων
420 2807 457 2872 δὲ
479 2805 674 2891 κατύπερθε
691 2804 774 2890 πρὸς
794 2807 896 2874 νότου
911 2804 1038 2892 άνεμον
1061 2807 1099 2871 ἐν
1115 2807 1166 2865 174

93 2913 128 2994 τῇ
139 2904 310 2994 δηριάδελ
322 2906 471 2974 οίκέουσι
486 2907 775 2994 Γαράμαντες,
791 2914 825 2974 ολ
837 2907 946 2974 πάντα
958 2901 1097 2987 ἄνδρω-

93 3030 154 3072 πον
167 3005 341 3092 φεύγουσι
360 3007 416 3072 καί
435 3002 561 3084 παντὸς
584 3003 733 3093 ὁμιλίην,
743 3004 800 3071 καλ
813 3001 1006 3071 ούτεὸπλον
1018 3025 1097 3068 κεκ-

92 3107 201 3172 τίαται
216 3100 337 3191 άρήιον
352 3099 453 3171 ούδὲν
468 3102 547 3171 οὔτε
557 3100 749 3190 άμύνεσθαι
760 3106 955 3172 ἐπιστέαται.
993 3093 1097 3168 Οὗτοι
1115 3115 1164 3172 175

92 3201 149 3286 μὲν
172 3198 218 3288 δη
237 3201 432 3288 κατύπερθε
452 3205 599 3271 οίκέονσι
619 3203 861 3289 Νασαμάυωυ,
889 3198 927 3267 τὸ
948 3196 1096 3285 δὲπαρά

91 3297 149 3386 τὴν
161 3298 344 3367 θάλασσαν
354 3305 485 3385 ἔχονται
499 3296 538 3368 τδ
553 3298 637 3386 πρὸς
652 3304 792 3387 έσπέρης
806 3297 965 3386 Μάκαι,
987 3304 1022 3366 οἳ
1033 3299 1096 3367 λύ-

92 3422 175 3480 φους
190 3401 376 3483 κείρονται,
393 3394 431 3464 τδ
448 3400 511 3484 μέν
524 3401 629 3485 μέσον
644 3406 713 3466 τάν
726 3404 848 3485 τριχῶν
868 3393 1016 3475 άνιέντες
1030 3395 1095 3463 αύ-

93 3497 224 3579 ξεσθαι,
245 3490 286 3561 τά
304 3493 341 3560 δὲ
355 3499 458 3562 ἐνθεν
473 3497 527 3563 καὶ
545 3501 648 3563 ἐνθεν
663 3501 830 3577 κείροντες
844 3495 881 3558 ἐν
894 3496 986 3579 χροί,
1009 3495 1043 3570 ἐς
1056 3491 1094 3560 δδ
1196 3523 1200 3530 ·

170 3605 271 3643 utnon.
289 3589 310 3642 L
922 3590 958 3642 24
