2500 3925
367 257 460 314 ΗΒ.
485 257 532 314 VL
565 254 665 315 GAP.
697 263 838 320 ’λθ-45.
1068 256 1107 320 ⁹1

98 440 187 501 τεος,
203 417 239 484 οἵ
249 441 312 504 περ
326 413 414 501 εἶχον
425 418 582 501 μέγιστον
591 391 732 503 κράτος·
755 413 936 504 άγαγόντες
952 419 992 484 δέ
1004 437 1110 504 σφεας

98 517 131 594 ές
154 522 219 602 γῆν
239 514 301 603 τήν
316 512 467 601 Ἀττικήν
487 511 694 602 παραθήκην
717 516 950 584 κατατιθέαται
976 517 1010 594 ἐς
1029 512 1109 594 τούς

97 619 271 702 ἐχθίστους
280 614 480 704 Αἰγινήτῃσι
492 612 701 701 Ἀθηναίους.
725 611 821 683 Μετόι
834 615 870 684 δὲ
884 621 989 684 ταῦτα
999 623 1108 686 Κλεο-
1123 638 1157 695 74

98 716 199 800 μένεα
217 715 376 784 ἐπάιστον
391 713 578 800 γενόμενον
593 713 881 803 κακοτεχνήσαντα
896 715 929 794 ές
942 712 1109 802 Δημάρη-

96 842 157 885 τον
174 821 272 904 δείμα
294 822 393 905 έλαβε
407 817 664 903 Σπαρτιητέων,
685 817 741 884 καὶ
756 812 912 901 ὑπεξέσχε
927 816 960 894 ές
977 823 1108 884 Θεσσα-

96 920 183 1002 λίην.
206 917 369 983 ἐνθεῦτεν
383 913 420 983 δὲ
431 911 635 1000 άπικόμενος
650 915 683 993 ἐς
693 910 756 1001 τήν
766 911 944 1002 Ἀρκαδίην
959 912 1108 1000 νεύτερα

96 1018 242 1101 ἔπρησσε
251 1013 440 1102 πρήγματα,
450 1010 609 1091 συνιστὰς
619 1009 867 1100 τούςἎρκάδας
878 1015 931 1082 έπί
941 1020 980 1102 τῇ
988 1010 1109 1098 Σπάρ-

95 1138 146 1201 τη,
163 1108 286 1190 ἄλλους
296 1137 332 1180 τε
342 1110 467 1200 ὅρκους
477 1112 661 1199 προσάγων
672 1130 733 1199 σφι
744 1105 767 1199 ή
776 1113 839 1200 μὲν
850 1114 996 1194 ἕψεσθαί
1003 1132 1109 1198 σφεας

95 1207 186 1302 αὐτῷ
196 1202 287 1301 τήάν
296 1209 479 1300 ἐξηγέηται,
488 1210 546 1282 καί
555 1207 596 1301 δή
606 1207 664 1282 καὶ
676 1210 894 1296 έςΝύνακριν
908 1209 1008 1279 πόλιν
1019 1208 1106 1294 πρό-

95 1317 206 1393 θυμος
219 1299 265 1395 ήν
281 1316 350 1376 τῶν
366 1306 539 1396 Ἀρκάδων
553 1306 633 1387 τούς
650 1315 875 1397 προεστεῶτας
890 1305 1035 1397 ἀγινέων
1052 1309 1106 1387 έξ-

95 1412 223 1492 ορκοῦν
236 1402 274 1473 τό
290 1404 424 1492 Στυγός
438 1405 541 1493 ὕδωρ.
562 1407 600 1474 ἐν
611 1405 648 1473 δέ
662 1404 766 1494 ταύτη
775 1411 816 1494 τῇ
826 1405 905 1474 πόλι
915 1407 1043 1492 λέγεται
1058 1401 1106 1470 εδ-

95 1531 152 1572 ναι
164 1501 219 1572 ὑπ’
234 1502 405 1591 Ἀρκάδων
414 1503 594 1593 τδΣτυγός
606 1502 710 1593 ὕδωρ,
718 1506 774 1574 καί
785 1502 826 1593 δή
835 1508 964 1575 καὶέστι
974 1505 1107 1574 τοιόνδε
1153 1529 1159 1536 “

95 1631 144 1673 τι·
166 1603 259 1694 ὕδωρ
277 1603 393 1692 ὀλίγον
410 1605 620 1694 φαινόμενον
634 1607 671 1673 έκ
686 1605 807 1693 πέτρης
822 1605 930 1687 στάζει
945 1607 978 1684 ές
992 1604 1106 1692 άγκος,

95 1700 133 1770 τδ
149 1703 186 1771 δὲ
200 1700 303 1788 άγκος
323 1708 478 1794 αἱμασιῆς
493 1731 543 1784 τις
563 1706 715 1792 περιθέει
732 1703 864 1784 κύκλος.
891 1700 912 1792 ή
930 1704 966 1773 δὲ
980 1702 1108 1773 Νάνα-

94 1825 185 1889 κρις,
201 1803 238 1869 ἐν
253 1800 326 1891 τήή
344 1801 433 1892 πηγή
450 1802 536 1892 αύτη
552 1803 710 1890 τυγχάνει
726 1805 845 1890 ἐοῦσα,
862 1803 959 1882 πόλις
969 1805 1037 1872 ἐστὶ
1050 1809 1108 1890 τής

92 1898 266 1988 Ἀρκαδίης
276 1897 360 1988 πρός
368 1908 493 1995 Φενεῷ.
502 1902 687 1983 Μαθόντες
694 1901 1106 1991 δὲΛακεδαιμόνιοιΚλεο-
1122 1911 1154 1969 7⁵

95 2003 197 2088 μένεα
217 2006 322 2068 ταῦτα
348 2002 543 2089 πρήσσοντα
563 2008 710 2089 κατῆγον
736 1999 841 2070 αύτόν
865 2005 1032 2081 δείσαντες
1054 2002 1107 2069 ἐπὶ

95 2114 180 2169 τοῖσι
195 2096 325 2169 αύτοῖσι
334 2104 366 2180 ἐς
375 2103 556 2190 Σπάρτην,
570 2116 656 2170 τοῖσι
667 2104 722 2171 καί
733 2101 901 2189 πρότερον
913 2092 1003 2188 ἦρχε.
1026 2124 1107 2167 κατ·

98 2200 242 2270 ελθόντα
257 2202 293 2269 δὲ
310 2199 416 2271 αύτόν
435 2200 555 2272 αὐτίκα
570 2199 717 2291 ὑπέλαβε
733 2207 836 2290 μανίη
851 2204 991 2285 νοῦσος,
1007 2198 1106 2267 ἐόντα

98 2302 150 2370 καί
176 2299 342 2386 πρότερον
363 2299 658 2389 ὑπομαργότερον·
690 2298 777 2380 ὅκως
798 2298 863 2387 γάρ
887 2322 951 2391 τεφ
974 2296 1107 2383 ἐντύχοι

95 2401 351 2487 Σπαρτιητέων,
373 2403 531 2487 ἐνέχραυε
551 2402 584 2479 ές
603 2396 641 2468 τό
663 2399 846 2485 πρόσωπον
865 2394 902 2464 τό
923 2400 1103 2483 σκήπτρου.

96 2506 256 2566 ποιεῦντα
270 2501 306 2568 δὲ
318 2497 423 2568 αύτόν
433 2506 538 2568 ταῦτα
550 2499 606 2567 καί
617 2496 927 2584 παραφρονήσαντα
938 2498 1062 2578 ἔδησαν
1073 2495 1108 2559 οἱ

96 2595 323 2684 προσήκοντες
337 2597 374 2664 ἐν
389 2594 494 2687 ξύλω·
517 2594 585 2663 ὁδὲ
599 2598 710 2673 δεθεὶς
722 2592 784 2662 τόν
798 2593 954 2679 φύλακον
968 2616 1106 2679 μουνω-

95 2696 201 2763 θέντα
218 2689 303 2761 ίδων
315 2699 385 2761 τῶν
399 2690 512 2762 ἄλλων
526 2702 614 2761 αίτεε
629 2692 813 2780 μάχαιραν,
838 2688 880 2759 ού
894 2693 1104 2779 βουλομένου

96 2798 132 2864 δὲ
146 2792 187 2863 τά
201 2801 317 2880 πρῶτα
327 2801 388 2862 τοῦ
400 2794 558 2881 φυλάκου
573 2794 704 2863 διδόναι
718 2792 849 2882 ήπείλεε
863 2792 904 2861 τά
915 2818 975 2880 μιν
988 2793 1106 2869 λυθείς

95 2893 243 2981 ποιήσει,
259 2895 292 2973 ἐς
306 2889 326 2961 δ
343 2897 454 2973 δείσας
468 2890 528 2974 τάς
542 2890 680 2973 άπειλάς
695 2889 713 2961 ὁ
726 2892 877 2980 φύλακος
891 2886 950 2982 (ήν
960 2888 1025 2977 γάρ
1037 2896 1106 2958 τῶν

99 3017 145 3071 τις
161 2996 338 3079 είλωτέων)
353 2997 445 3062 διδοῖ
458 2997 493 3061 οί
503 2992 681 3080 μάχαιραν.
703 2994 893 3078 Κλεομένης
904 2990 941 3057 δε
951 2994 1105 3074 παραλα·

96 3088 168 3177 βάν
182 3088 243 3159 τόν
258 3096 397 3181 σίδηρον
410 3090 528 3180 ήρχετο
543 3094 659 3160 ἐκτῶν
673 3092 827 3179 κνημέων
843 3086 971 3157 ἑωυτόν
980 3084 1106 3174 λωβεύ-

95 3214 211 3276 μενος·
227 3191 419 3278 ἐπιτάμνων
430 3190 495 3280 γὰρ
507 3187 590 3258 κατά
601 3197 706 3279 μῆκος
716 3188 775 3270 τάς
786 3187 912 3274 σάρκας
926 3185 1104 3273 προέβαινε

96 3291 133 3356 έκ
149 3294 218 3356 τῶν
232 3294 387 3377 κνημέων
401 3293 435 3371 ές
449 3288 528 3370 τούς
542 3290 688 3378 μηρούς,
704 3292 741 3359 ἐκ
757 3293 793 3358 δὲ
807 3294 875 3356 τῶν
890 3292 1007 3373 μηρῶν
1022 3288 1055 3363 ές
1069 3309 1105 3350 τε

94 3383 136 3461 τά
150 3390 237 3475 ίσχία
256 3392 312 3459 καὶ
326 3387 385 3469 τός
401 3389 569 3478 λαπάρας,
592 3392 625 3470 ές
647 3386 713 3469 δίς
732 3386 795 3476 τήν
811 3385 955 3473 γαστέρα
970 3378 1106 3451 άπίκετο

98 3485 295 3576 καὶτούτην
308 3487 564 3577 καταχορδεύων
585 3486 738 3557 άπέθανε
756 3485 868 3576 τρόπφ
884 3482 1043 3575 τοιούτω,
1067 3480 1113 3563 ὡς
