2500 3925
113 276 157 344 ³0
483 283 728 341 Ηοοουοοι

114 445 239 529 ίχθρην
252 454 336 509 τοῖσι
351 440 556 528 στασιώτῃσι.
588 436 710 528 μαθάν
729 440 765 507 δὲ
779 433 797 506 ό
812 444 1046 523 Πεισίστρατος
1060 424 1105 506 τό

116 538 297 627 ποιεόμενα
310 540 351 607 ἐπ
376 542 487 629 ἑωυτῷ
501 536 728 607 ἀπαλλάσσετο
744 541 780 607 έκ
793 544 849 626 τῆς
861 537 969 624 χιόρης
985 534 1021 607 τό
1037 563 1105 605 πα·

117 638 238 724 ρόπαν,
255 634 456 723 ἀπικόμενος
472 638 509 704 δὲ
519 638 552 715 ἐς
559 640 722 724 Ερέτριαν
732 638 924 723 ἐβουλεύετο
942 635 1102 723 ἀματοίσι

117 740 217 803 παισί.
232 732 364 803 Ἱππίεω
376 737 412 802 δὲ
422 734 560 821 χνόμην
571 734 767 822 νικήσαντος
781 731 987 803 ἀνακτᾶσθαι
998 732 1105 803 ὀπίσω

116 829 177 919 τήν
188 836 381 919 τυραννίδα,
393 835 540 902 ἐνθαῦτα
551 831 686 921 ἤγειρον
697 837 836 913 δωτίνας
841 837 878 902 ἐκ
888 839 955 902 τῶν
965 840 1103 918 πολίων,

117 932 238 1008 αἵτινές
245 950 304 1017 σφι
324 925 540 1018 προαιδέοντό
553 926 616 994 κου’
629 953 670 995 τι.
690 936 823 999 πολλῶν
840 931 876 999 δὲ
897 931 1024 1018 μεγάλα
1038 954 1104 996 πα-

117 1026 308 1113 ρασχόντων
321 1028 471 1115 χρήματα
487 1033 628 1115 Θηβαῖοι
643 1026 886 1116 ὑπερεβάλοντο
896 1035 936 1118 τῇ
950 1028 1024 1099 δόσι
1036 1036 1105 1097 τῶν

117 1125 299 1212 χρημάτων.
323 1122 403 1209 μετά
414 1126 461 1210 δέ,
472 1123 514 1193 οὐ
524 1134 636 1217 πολλῷ
647 1127 735 1218 λόγῳ
746 1131 859 1210 εἰπεῖν,
875 1126 993 1213 χρόνος
1003 1128 1103 1211 διέφυ

117 1227 171 1293 καὶ
188 1224 296 1295 πάντα
317 1245 376 1310 σφι
397 1224 551 1313 ἐξήρτυτο
573 1227 606 1305 ἐς
626 1223 688 1312 τήν
702 1226 853 1295 κάτοδον.
884 1227 938 1293 καί
951 1222 1102 1311 ηάρἏρ-

117 1336 200 1408 μεϊοι
213 1322 375 1408 μισθωτοὶ
389 1320 546 1391 ἀπίκοντο
565 1325 601 1391 ἐκ
613 1323 885 1411 Πελοποννήσου,
906 1324 962 1390 καὶ
977 1322 1105 1401 Νάξιός

117 1442 176 1507 σφι
188 1418 274 1509 ἀνήρ
286 1419 464 1510 ἀπιγμένος
478 1422 666 1511 ἐθελοντής,
677 1431 722 1514 τῷ
733 1422 861 1510 οὕνομα
871 1416 1102 1512 ήνΑόχδαμις,

116 1526 309 1607 προθυμίην
324 1526 479 1606 πλείστην
495 1527 812 1610 παρείχετηκομίσας
825 1524 879 1591 καὶ
890 1522 1037 1610 χρήματα
1046 1522 1102 1587 καί

71 1647 104 1701 ςς
116 1614 249 1704 ἀνδρας.
265 1615 313 1696 Ἐξ
325 1614 485 1703 Ἐρετρίης
493 1619 529 1687 δὲ
543 1616 745 1707 ὁρμηθέντες
756 1616 811 1689 διδ
823 1621 1001 1689 ἑνδεκάτου
1014 1625 1105 1695 ἔτεος

116 1713 274 1783 ἀπίκοντο
288 1712 402 1783 ὀπίσω.
433 1717 488 1783 καὶ
508 1722 643 1802 πρῶτον
654 1726 712 1805 τῆς
723 1716 865 1805 Ἀττικῆς
880 1728 1007 1805 ίσχουσι
1021 1724 1101 1783 Μα-

116 1820 263 1901 ραθτδνα.
279 1814 317 1881 έν
330 1814 366 1881 δέ
382 1814 487 1907 τούτῳ
498 1823 544 1907 τῷ
554 1816 652 1906 χοέρμ
662 1836 722 1903 σφι
733 1817 1100 1905 στρατοπεδευομένοισι

115 1916 195 1981 οἵτε
210 1915 246 1982 ἐκ
262 1917 322 1980 τοῦ
338 1909 451 1993 ἄστεος
466 1920 641 1982 στασιῶται
651 1912 819 2000 ἀπίκοντο,
835 1912 928 1983 ἀλλοι
938 1937 974 1980 τε
985 1913 1021 1980 έκ
1034 1918 1103 1980 τῶν

115 2011 229 2097 δήμων
252 2015 471 2099 προσέρρεον,
503 2025 587 2080 τοῖσι
611 2010 632 2100 ἡ
652 2015 808 2099 τυραννὶς
826 2009 890 2098 πρό
911 2014 1102 2096 ἐλευθερίης

115 2101 159 2194 ἦν
178 2105 431 2193 ἀσπαστότερον.
474 2103 566 2177 οὗτοι
589 2112 652 2196 μέν
672 2108 712 2198 δή
733 2116 961 2196 συνηλίζοντο·
1000 2107 1102 2194 Ἀθη-

115 2209 220 2272 ναίων
243 2207 279 2273 δὲ
299 2208 333 2274 οί
350 2208 385 2272 ἐκ
405 2213 466 2275 τοῦ
486 2205 618 2294 ἀστεος,
642 2211 703 2286 ἕως
729 2210 791 2294 μὲν
803 2214 1036 2295 Πεισίστρατος
1059 2203 1100 2272 τά

114 2303 262 2392 χρήματα
275 2301 401 2390 ήχειρε,
423 2305 478 2373 καὶ
491 2311 643 2390 μεταῦτις
658 2302 702 2384 ὥς
718 2311 791 2392 ἐσχε
804 2310 1020 2392 Μαραθῶνα,
1040 2302 1101 2371 λό-

114 2425 176 2486 γον
190 2397 313 2468 οὐδένα
334 2398 435 2486 εἶχον,
473 2401 580 2468 ἐπείτε
610 2402 646 2470 δὲ
660 2402 827 2471 έπόθοντο
850 2403 886 2470 ἐκ
901 2407 962 2468 τοῦ
976 2408 1102 2481 Μαρα-

113 2503 225 2577 θῶνος
241 2494 344 2565 αὐτόν
364 2499 567 2583 πορεύεσθαι
582 2501 635 2567 ἐπὶ
653 2499 691 2567 τὸ
713 2498 812 2585 ἀστυ,
838 2496 926 2566 οὕτω
950 2494 990 2583 δή
1028 2500 1100 2580 βω-

112 2599 231 2662 θέονσι
245 2589 293 2662 ἐπ’
301 2592 414 2663 αὐτόν.
432 2597 486 2664 καὶ
496 2588 593 2665 οὗτοί
599 2622 636 2665 τε
647 2601 850 2684 πανστρατιῇ
857 2592 955 2682 ήτσαν
961 2595 1013 2662 ἐπὶ
1019 2590 1099 2672 τούς

114 2691 286 2771 κατιόντας
299 2694 354 2761 καί
368 2695 402 2760 οί
413 2690 498 2778 ἀμφὶ
512 2700 762 2781 Πεισίστρατον,
780 2689 825 2771 ἀς
837 2690 1040 2778 ὁρμηθέντες
1060 2691 1099 2756 ἐκ

84 2795 89 2804 “
113 2797 328 2874 Μαραθῶνος
341 2786 440 2877 ἤισαν
454 2791 505 2858 ἐπὶ
518 2788 555 2858 τό
565 2790 658 2877 ἀστυ,
673 2793 706 2869 ἐς
715 2786 821 2858 τάυτό
835 2787 1007 2866 συνιόντες
1019 2784 1098 2854 ἀπι-

112 2881 1098 2974 κνέονταιἐπίΠαλληνίδοςἈθηναίηςίρὸν,καίάντίαέθεντο

111 2979 151 3050 τά
166 2981 260 3052 όπλα.
297 2985 445 3051 ἐνθαῦτα
466 2989 543 3072 θείη
566 2991 680 3072 πομπῇ
706 2985 883 3072 χρεόμενος
903 2987 1097 3066 παρίσταται

109 3080 335 3173 Πεισιστράτῳ
352 3078 548 3168 Ἀμφίλυτος
564 3081 759 3169 ὁἈκαρνᾶν
763 3080 988 3169 χρησμολόγος
998 3075 1097 3167 ἀνήρ,

108 3178 145 3260 ός
159 3185 194 3248 οί
210 3178 358 3264 προσιόν
371 3189 434 3271 χρᾷ
455 3185 492 3250 ἐν
507 3187 669 3276 ἑξαμέτρῳ
682 3185 770 3275 τόνῳ
783 3184 861 3252 τόδε
876 3185 997 3268 λέγων·

137 3274 309 3364 Ἐρριτιται
326 3275 357 3346 δ’
374 3275 393 3347 ὁ
408 3280 516 3368 βόλος,
532 3279 570 3349 τό
588 3282 623 3349 δὲ
637 3287 772 3350 δίκτυον
787 3282 1029 3362 ἐκπεπέτασται,

146 3373 272 3444 Θόννοι
287 3373 318 3443 δ’
334 3377 508 3465 οἰμήσουσι
523 3385 697 3466 σεληναίης
712 3375 768 3447 διό
783 3377 911 3458 νυκτός.

61 3457 137 3543 δδὈ
151 3473 214 3560 μὲν
227 3473 269 3562 δή
283 3479 317 3542 οἱ
330 3476 498 3557 ἐνθεάζων
508 3484 570 3566 χρᾷ
580 3477 669 3563 τόδε,
680 3480 913 3563 Πεισίστρατος
925 3478 961 3545 δέ
970 3483 1093 3548 συλλα-
