2500 3925
159 289 221 352 100
536 265 790 330 HERODOTI

160 475 229 519 των
243 450 277 514 oc
291 446 433 516 πλεῦνες
447 431 510 503 οὐκ
525 428 758 512 ἀπενόστησαν
772 417 893 504 όπίσω,
910 412 988 482 ἀλλ’
1008 408 1209 495 ἐτελεύτη-

162 571 226 618 σαν
238 540 298 614 ὑπ’
312 539 503 625 Ἀθηναίων
514 532 551 602 έν
562 533 701 614 Αἰγίνῃ·
718 517 818 598 αότός
829 517 866 585 δὲ
878 515 897 582 6
909 507 1113 598 στρατηγός
1125 504 1208 576 Εὐ-

164 643 312 736 ρυβάτης
322 636 554 725 μουνομαχίην
564 625 737 695 ἐπασκέων
747 631 834 707 τρεῖς
848 611 912 700 μέν
926 608 1062 698 ἀνδρας
1075 603 1207 695 τρόπφ

163 741 304 832 τυιοότφ
315 741 449 818 κτείνει,
461 724 527 797 ὑπὸ
542 728 579 793 δὲ
588 727 651 790 τοῦ
662 714 822 802 τετάρτου
833 707 1028 797 Σωφάνεος
1040 711 1114 774 τοῦ
1128 713 1207 772 Δε-

115 859 152 914 93
165 845 278 918 κελέος
293 832 514 918 ἀποθνήσκει.
536 822 715 910 Αδγινήται
730 815 767 883 δέ
782 816 875 880 ἐοῦσι
892 805 1077 876 ἀτάκτοισι
1089 801 1207 887 Ἀθη-

167 948 292 1011 ναίοισι
314 928 542 1020 συμβαλόντες
562 929 637 1010 τήσι
657 916 761 1004 νηυσὶ·
778 915 954 994 ἐνίκησαν,
984 901 1059 972 καίΙ
1075 921 1207 989 σφεων

167 1042 246 1115 νέας
259 1036 416 1117 τέσσερας
432 1023 562 1094 αὐτοῖσι
575 1015 720 1104 ἀνδράσι
735 1006 834 1080 εἷλον.

252 1131 461 1216 Ἀθηναίοισι
475 1117 592 1208 μὲνδὴ
612 1115 757 1198 πόλεμος
772 1111 921 1192 συνῆπτο
937 1099 1027 1190 πρὸς
1042 1099 1208 1188 Αίγινή-

120 1251 156 1308 94
172 1258 240 1318 τας,
252 1227 271 1298 6
283 1229 458 1314 δέΠέρσης
468 1216 505 1287 τό
517 1219 645 1285 ἑωυτοῦ
656 1214 763 1281 ἐποίεε
775 1203 858 1273 ὥστε
868 1197 1208 1288 ἀναμιμνήσκοντός

170 1361 207 1404 τε
231 1334 294 1401 αίεὶ
316 1333 378 1398 τοῦ
394 1320 606 1409 θεράποντος
623 1312 817 1402 μεμνῆσθαί
829 1329 889 1391 μιν
904 1307 975 1370 τόν
992 1296 1208 1386 Ἀθηναίων

171 1435 228 1502 καὶ
242 1422 544 1511 Πεισιστρατιδέων
559 1407 843 1501 προσκατημένων
859 1403 916 1468 καὶ
930 1398 1209 1486 διαβαλλόντων

169 1529 380 1613 Ἀθηναίους,
397 1517 467 1604 άμα
477 1513 515 1582 δέ
524 1509 730 1601 βουλόμενος
745 1501 762 1571 6
776 1512 921 1584 Δαρεῖυς
933 1496 1062 1583 ταύτης
1074 1499 1208 1584 ἐχόμε-

173 1653 232 1705 νος
242 1632 300 1710 τής
310 1619 501 1707 προφάσιος
511 1604 800 1691 καταστρέφεσθαι
810 1605 868 1684 τῆς
876 1593 1039 1674 Ἑλλάδος
1053 1592 1148 1676 τοὺς
1159 1596 1207 1684 μή

175 1725 296 1800 δόντας
309 1717 401 1806 αὐτῷ
411 1720 478 1800 γῆν
492 1735 527 1777 τε
541 1707 596 1773 καὶ
607 1701 710 1783 ὕδωρ.
733 1693 934 1780 Μαρδόνιον
946 1691 1009 1778 μέν
1022 1689 1067 1778 δή
1080 1695 1209 1779 φλαύ.

176 1847 243 1911 ρως
257 1816 429 1904 πρήξαντα
447 1814 495 1900 τῷ
510 1804 617 1893 στόλῳ
638 1792 802 1885 παραλύει
819 1796 876 1876 τῆς
892 1797 1118 1879 στρατηγίης,
1142 1792 1210 1862 ἅχ.

175 1931 257 1999 λονς
272 1916 308 1985 δέ
322 1903 529 2002 στρατηγοὺς
539 1899 703 1979 ἀποδέξας
718 1892 895 1962 ἀπέστελλε
907 1891 964 1957 ἐπί
972 1915 1008 1956 τε
1021 1887 1210 1979 Ἐρέτριαν

176 2022 233 2089 καὶ
244 2014 405 2101 Ἀθήνας,
417 2009 526 2077 Δᾶτίν
537 2027 572 2069 τε
583 1997 682 2067 ἐόντα
694 1995 817 2078 Μῆδον
827 1991 925 2076 γένος
941 1986 1211 2079 καίἈρταφέρ.

176 2142 238 2187 νεα
252 2111 312 2182 τόν
322 2108 564 2197 Ἀρταφέρνευς
577 2100 690 2179 παῖδα,
705 2090 906 2177 ἀδελφιδέον
918 2091 1065 2157 έωντυῦ·
1090 2094 1209 2162 ἐντει-

178 2214 321 2299 λάμενος
343 2208 380 2275 δέ
401 2203 573 2286 ἀπέπεμπε
594 2194 939 2276 ἐξανδραποδίσαντας
963 2186 1117 2277 Ἀθήνας
1150 2200 1214 2264 καὶ

130 2332 165 2387 95
177 2312 345 2399 Ἐρέτριαν
360 2303 500 2390 ἀγαγεῖν
517 2300 630 2385 ἑωυτῷ
646 2295 679 2370 ἐς
695 2288 775 2371 ὄψιν
791 2284 832 2355 τά
847 2283 1055 2374 ἀνδράποδα.
1087 2288 1157 2373 Ὡς
1173 2296 1214 2362 δὲ

179 2415 215 2481 οί
234 2406 411 2496 στρατηγοί
430 2391 525 2468 οὗτοι
543 2399 579 2465 οί
597 2390 841 2477 ἀποδεχθέντες
856 2387 1085 2476 πορευόμενοι
1096 2394 1215 2481 παρὰ

179 2508 331 2599 βασιλέος
342 2501 501 2571 ἀπίκοντο
512 2502 571 2583 τῆς
577 2494 730 2576 Κιλικίης
743 2489 776 2565 ἐς
789 2483 825 2553 τό
838 2484 972 2573 Ἀλήιον
983 2490 1118 2578 πεδίον,
1133 2490 1216 2580 ἅμα

181 2608 341 2695 ἀγόμενοι
351 2598 452 2684 πεζόν
463 2591 607 2684 στρατόν
622 2586 750 2658 πολλόν
764 2611 799 2654 τε
814 2587 870 2653 καί
882 2576 922 2651 εὖ
934 2586 1216 2680 ἐσκευασμένον,

183 2710 332 2776 ἐνθαῦτα
341 2694 717 2789 στρατοπεδευομένοισι
726 2688 852 2771 ἐπῆλθε
861 2680 950 2769 μένὸ
959 2684 1126 2767 ναυτικὰς
1140 2698 1216 2769 πᾶς

183 2802 322 2891 στρατός
340 2801 358 2871 ὁ
375 2796 562 2884 ἐπιταχθεὶς
582 2790 767 2872 ἑκάστοισι,
786 2786 1013 2869 παρεγένοντο
1035 2786 1073 2853 δὲ
1095 2770 1218 2859 καλαί

182 2903 373 2991 ἱππαγωγοὶ
382 2901 472 2982 νέες,
488 2890 547 2971 τάς
558 2898 604 2984 τῷ
615 2891 766 2978 προτέρῳ
781 2890 848 2953 ἐτελ
857 2898 997 2972 προεῖπε
1007 2898 1098 2954 τοῖσι
1114 2891 1215 2959 ἑωυ-

183 3015 244 3080 τοῦ
265 2999 508 3090 δασμοφόροισι
528 3005 675 3080 Λαρεϊυς
695 2986 887 3075 ἑτοιμάζειν.
918 2983 1151 3074 ἐσβαλόμενοι
1177 2991 1214 3059 δὲ

183 3103 263 3185 νοός
272 3110 397 3177 ἵππους
412 3100 446 3176 ἐς
456 3093 578 3171 ταύτας
588 3094 644 3160 καλ
655 3086 716 3158 τόν
727 3084 827 3167 πεζόν
838 3080 983 3170 στρατόν
995 3084 1214 3172 ἐσβιβάσαν-

184 3236 237 3286 τες
245 3208 278 3285 ἐς
287 3200 347 3279 τάς
357 3200 572 3275 νέαςέπλωυν
583 3195 770 3280 ἑξακοσίησι
781 3186 932 3277 τριήρεσι
942 3186 976 3263 ἐς
986 3182 1051 3271 τήν
1060 3194 1213 3279 Ιωνίην,

186 3307 349 3377 ἐνθεῦτεν
362 3298 398 3362 δὲ
413 3292 455 3361 οὐ
469 3291 559 3380 παρά
573 3291 636 3379 τήν
650 3290 790 3377 ἤπειρον
806 3284 895 3373 εἶχον
905 3282 965 3363 τάς
976 3286 1055 3365 νέας
1065 3284 1134 3356 ίθύ
1147 3297 1215 3359 τοῦ

186 3427 222 3469 τε
230 3393 478 3482 Ἑλλησπόντου
492 3394 615 3479 καὶτῆς
628 3394 783 3477 Θρηίκης,
799 3380 874 3453 ἀλλ’
893 3385 930 3451 ἐκ
942 3382 1067 3469 Σάμον
1079 3382 1215 3474 ὁρμεό.

188 3519 284 3581 μενοι
293 3487 385 3576 παρά
396 3513 431 3555 τε
445 3484 581 3577 Ἴκαρον
595 3491 651 3557 καί
663 3483 717 3555 διά
729 3484 845 3571 νήσων
854 3478 914 3548 τόν
925 3478 1034 3548 πλόον
1045 3484 1216 3555 ἐποιεῦν-
