2500 3925
315 248 400 304 ΗΒ.
428 247 503 303 vul.
536 245 634 304 cn.
662 250 823 303 109—113.
1014 239 1074 305 2⁷1

24 449 32 486 ··.
69 411 190 486 Πενδό
200 441 236 484 τε
247 418 303 485 καλ
314 411 523 503 Ἀναγκαίην,
537 410 624 483 οὕτω
637 416 674 484 τέ
685 434 745 503 σφι
762 411 865 503 κάρτα
879 416 974 483 δοτέα
993 412 1078 485 ελναι

19 548 37 585 ’;
69 513 236 637 χρήματα,
259 512 482 606 ὑπεκρίναντο
506 510 588 604 πρός
609 518 714 584 ταυτα
736 516 904 603 λέγοντες,
930 544 974 596 ως
996 512 1077 585 κατὰ

17 650 35 685 τ’
68 614 170 705 λόγον
186 607 272 702 ἦσαν
289 614 354 707 ἄρα
371 622 417 687 αλ
426 612 565 704 Ἀθῆναι
581 612 721 704 μεγιῖλαι
746 643 782 686 τε
799 617 854 685 καλ
878 610 1074 704 εὐδαίμονες

16 737 31 789 ,ς
67 719 126 783 καλ
132 720 226 782 θεων
235 719 387 837 χρηστῶν
396 710 514 799 ἥκοιεν
525 738 576 799 εν,
552 706 655 779 ἐπεὶ
664 710 837 796 Ἀνδρίους
847 736 886 832 γε
897 710 982 779 εἶναι
994 740 1078 799 γεω-

16 852 36 891 ‚³2
66 822 186 894 πείνας
206 817 240 893 ἐς
258 811 300 882 τὰ
316 814 455 901 μέγιστα
475 810 678 900 ἀνήκοντας,
705 814 760 879 καλ
773 808 878 890 θεοὺς
898 810 994 878 δόο’
976 812 1079 900 αχρή-

16 952 35 990 τ
66 934 171 991 στους
184 909 248 980 οὐκ
269 914 434 981 ἐκλείπειν
449 911 566 997 σφέων
580 908 643 997 τήν
664 916 786 997 νήσου,
809 906 884 979 ἀλλ’
900 915 936 977 αλ
923 912 963 977 λεδ
980 919 1079 997 φιλο-

16 1051 36 1089 ρ·
65 1010 226 1099 χωρέειν,
251 1015 380 1095 Πενίην
402 1034 438 1077 τε
457 1012 514 1077 καλ
533 1006 751 1096 Ἀμηχανίην,
783 1012 839 1077 καλ
860 1010 990 1077 τούτων
1010 1015 1078 1076 τῶν

16 1116 162 1187 θεῶν
178 1107 363 1196 ἐπηβόλους
384 1108 500 1186 ἐόντας
521 1104 695 1196 Ἀνδρίους
716 1134 758 1175 ου
746 1105 897 1176 ’διόσειυ
909 1110 1075 1196 χρήματα·

16 1235 110 1300 ,ου
98 1206 226 1274 ἰδέκονε
239 1203 305 1293 γὰρ
318 1213 377 1325 τής
388 1209 525 1274 ἑωυτῶν
539 1204 775 1294 ἀδυναμίης
739 1234 802 1295 την
813 1205 1002 1295 Ἀθηναίων
1014 1206 1077 1275 δό-

16 1332 175 1426 ,χναμιν
187 1303 272 1375 εἶναι
287 1305 427 1391 κρέσσω.
451 1297 545 1373 οὗτοι
561 1308 623 1392 μὲν
639 1303 679 1392 δή
692 1311 796 1373 ταῦτα
810 1303 1076 1392 ὑποκρινόμενοι

15 1374 123 1525 §noel
136 1430 179 1472 ου
167 1401 310 1482 ’δόντες
322 1428 473 1491 χρηματα
484 1404 751 1489 ἐπολιορκέοντο
775 1404 1017 1491 Θεμιστοκλέης
1030 1405 1075 1489 δὲ,
1097 1421 1144 1475 111

16 1494 109 1571 οὐ
129 1499 195 1588 γὰρ
216 1502 358 1569 ἐπαόετο
378 1501 623 1590 πλεονεκτέων,
645 1502 824 1589 ἐσπέμπων
843 1505 876 1583 ἐς
896 1501 956 1583 τὰς
975 1504 1077 1581 όλλας

15 1603 193 1727 νήσους
201 1598 458 1688 ἀπειλητηρίους
468 1600 591 1687 λόγους
604 1610 693 1669 αίτεε
705 1601 856 1690 χρήματα
869 1600 924 1671 διδ
934 1628 1003 1669 των
1012 1598 1076 1668 αὐ-

24 1731 135 1792 των
145 1700 308 1790 ἀγγέλων,
319 1703 499 1790 χρεόμενος
509 1703 640 1790 λόγοισι
649 1717 736 1772 τοῖσι
747 1706 802 1773 καὶ
809 1703 893 1794 πρὸς
902 1702 1076 1793 Ἀνδρίους

16 1774 236 1924 ῖχέχρήσατο,
252 1802 361 1890 λέγων
372 1798 417 1881 ὡς
433 1808 463 1870 εί
471 1828 516 1888 μη
505 1798 725 1870 Ηδιέσουσι
690 1829 728 1871 το
744 1830 765 1869 α
767 1803 950 1891 ίτεόμενον,
964 1803 1075 1883 ἐπέξει

15 1891 127 2024 τήν
149 1898 308 1989 στρατιήν
328 1908 397 1969 τῶν
411 1898 582 1989 Ἑλλήνων
601 1904 658 1970 καλ
674 1902 883 1991 πολιορκέων
898 1901 1071 1989 ἐξαιρήσει.

15 1980 174 2087 λέγων
189 1994 239 2067 νόν
253 2008 357 2068 ταῦτα
372 2001 532 2088 συνέλεγε
547 2003 699 2090 χρήματα
712 2003 841 2089 μεγιλλα
854 1998 945 2089 παρολ
958 2009 1076 2085 Ῑιαρυ-

21 2105 168 2177 στίων
184 2123 220 2166 τε
234 2099 290 2165 καλ
302 2105 458 2186 Παρίων,
483 2106 519 2169 οἳ
531 2099 789 2186 πυνθανόμενοι
803 2099 866 2187 τήν
879 2125 915 2164 τε
927 2095 1074 2183 Ἀνδρον

18 2224 30 2243 ¹*
59 2195 109 2276 ὡς
124 2194 353 2282 πολιορκέοιτο
369 2197 455 2267 διότι
472 2199 624 2285 ἐμήδισε,
647 2201 701 2268 καὶ
717 2195 983 2286 Θεμιστοκλὲα“
961 2225 1005 2277 ως
1021 2207 1072 2284 είη

15 2270 30 2333 δ’
57 2306 99 2365 ἐν
116 2303 194 2382 αίνη
210 2301 346 2384 μεγίστη
359 2321 428 2364 των
442 2304 653 2384 στρατηγων,
670 2303 838 2376 δείσαντες
852 2304 955 2365 ταῦτα
971 2303 1072 2382 ἐπεμ-

15 2385 128 2524 ἕπον
139 2391 297 2479 χρήματα
315 2401 346 2462 ελ
331 2397 447 2483 λδέδή
457 2423 546 2477 τινες
558 2400 614 2465 καλ
625 2396 721 2466 ἄλλοι
735 2402 857 2466 ἔδοσαν
869 2398 1070 2484 νησιωτέων,

15 2482 127 2560 5ουκ
142 2495 205 2577 ἐχω
223 2489 328 2558 εἶπαι
355 2494 462 2560 δοκέω
479 2494 517 2561 δέ
526 2520 620 2573 τινας
634 2496 689 2563 καὶ
701 2494 823 2573 ἄλλους
834 2499 953 2562 δοῦναι
964 2490 1069 2560 καλ’
1029 2517 1071 2560 ου

20 2589 205 2716 τούτους
218 2590 377 2676 μούνους.
407 2599 516 2660 καίτοι
530 2600 752 2684 Καρυστίοισί
770 2620 808 2680 γε
830 2591 931 2662 οὐδέν
948 2595 1072 2662 τούτου

15 2685 194 2758 εἵνεκεν
210 2713 271 2755 τον
286 2715 394 2757 κακον
378 2688 579 2780 ὑπερβολή
593 2693 741 2780 ἐγένετο·
775 2693 899 2781 Πάριοι
917 2693 954 2761 δέ
969 2701 1072 2779 Θεμι-

17 2789 24 2831 ²
57 2787 203 2858 στοκλέα
212 2790 355 2878 χρήμασι
366 2794 561 2878 ίλασοέμενοι
573 2796 739 2882 διέφυγον
748 2793 786 2864 πό
795 2795 992 2883 στράτευμα
1006 2803 1071 2864 Θε-

15 2885 258 2976 μιστοκλέης
269 2891 332 2976 μέν
343 2907 408 2959 νυν
420 2894 453 2972 ἐξ
463 2892 641 2979 Ἀνδρου’
626 2894 829 2982 ορμεόμενος
845 2893 994 2980 χρήματα
1005 2916 1071 2959 πα-

16 2984 104 3073 ρολ
121 2987 315 3071 νησιωτέων
330 2990 445 3058 ἐκτᾶτο
460 2992 574 3082 λάθρη
590 3000 659 3061 τῶν
672 2991 783 3063 αλλων
801 2997 1005 3115 στρατηγῶν.

16 3086 22 3134 ⁸
147 3084 238 3153 οίδ’
262 3084 348 3176 ἆμφλ
361 3092 492 3181 Ξέρξην
506 3095 695 3182 ἐπισχόντες
714 3089 864 3181 όλίγας’
847 3092 973 3180 ημέρας
989 3091 1070 3178 μετα
1089 3111 1138 3164 113

17 3182 123 3271 ·τήν
138 3193 326 3274 ναυμαχίην
346 3191 532 3276 ἐξήλαυνον
546 3195 580 3272 ἐς
592 3189 762 3272 Βοιωτοὺς
774 3189 836 3278 τήν
854 3187 960 3276 αὐτήν
976 3187 1067 3260 ὁδόν.

16 3282 20 3337 λ
54 3287 152 3363 ἔδοξε
166 3280 232 3369 γιλρ
250 3287 475 3380 Μαρδονίῳ“
452 3316 521 3376 αμα
536 3291 575 3376 μ
578 3317 597 3357 ν
618 3289 813 3377 προπέμψαι
826 3287 1024 3376 βασιλέα,”
1001 3316 1069 3376 αμα

16 3386 18 3420 ¹
51 3389 91 3455 δέ
104 3383 258 3474 ἆνωρίην
269 3385 353 3457 εἶναι
364 3398 426 3458 τοῦ
438 3398 527 3471 ἔτεος
539 3392 725 3479 πολεμέειν,
737 3397 919 3479 χειμερίσαι
930 3389 967 3459 δέ
977 3389 1067 3477 ἄμει-

46 3509 119 3559 νον
138 3484 223 3556 ελναι
240 3489 278 3557 ἐν
292 3496 475 3580 Θεσσαλίη,
497 3495 552 3562 καλ
569 3495 700 3562 ἐπειτεν
714 3489 782 3576 ἅμα
798 3499 842 3582 τῷ
859 3497 931 3578 ἔαρι
951 3496 1068 3574 πειρᾶ-
1131 3559 1137 3575 ,

15 1554 33 1611 λδ

15 2073 32 2123 11

15 2569 27 2641 ί
