2500 3925
331 294 418 349 ΗΒ.
452 296 473 349 l.
506 293 606 351 cAP.
639 295 783 352 ⁶1-65.
1019 290 1061 355 ³1

69 449 137 538 δάν
153 448 190 519 τό
205 450 406 539 χρηστήριον
420 453 475 517 καὶ
489 448 556 536 φάς
570 452 730 521 δέκεσθαι
749 450 786 520 τό
801 454 948 539 χρησθὲν
962 454 1064 541 ἐπῆγε

69 548 127 635 τήν
141 549 308 638 στρατιήν.
337 546 512 634 Ἀθηναῖοι
528 549 565 617 δέ
580 553 615 618 ολ
627 551 665 618 ἐκ
682 556 744 617 τοῦ
754 547 870 630 άστεος
889 547 973 637 πρὸς
987 548 1064 638 300-

68 669 146 715 στου
160 651 376 734 τετραμμένοι
390 638 478 732 ήσαν
493 644 534 733 δή
548 655 751 733 τηνικαῦτα,
772 650 827 715 καὶ
840 645 921 734 μετὰ
935 646 972 715 τό
987 644 1061 735 άρι-

69 764 147 813 στου
162 748 362 829 μετεξέτεροι
377 740 489 810 αὐτῶν
503 748 538 811 οἱ
550 744 612 830 μὲν
628 740 712 828 πρὸς
728 744 865 832 κύβους,
882 750 917 813 ολ
931 747 968 814 δέ
980 746 1064 831 πρός

68 842 186 911 ὕπνον.
221 846 255 909 αι’
266 844 302 909 δὲ
318 839 403 928 άμφλ
413 847 654 928 Πεισίστρατον
669 843 866 923 ἐσπεσόντες
879 840 1064 929 τούςἎθη-

70 948 182 1021 ναίους
194 939 368 1026 τράπουσι.
402 940 601 1026 φευγόντων
624 942 661 1008 δέ
680 940 811 1010 τούτων
851 938 981 1030 βουλήν
1008 955 1065 1009 εν·

68 1046 177 1107 θαύτα
191 1037 390 1125 σοφωτάτην
398 1043 636 1125 Πεισίστρατος
650 1039 866 1127 ἐπιτεχνᾶται,
884 1038 972 1118 ὅπως
982 1037 1064 1126 μήτε

68 1136 239 1205 ἁλισθεῖεν
253 1142 300 1205 ἐτι
318 1142 352 1204 οἱ
364 1135 536 1223 Ἀθηναῖοι
550 1138 821 1223 διεσκεδασμένοι
835 1164 871 1205 τε
886 1136 962 1206 εἶεν.
979 1135 1063 1205 άνα-

66 1234 207 1321 βιβάσας
223 1231 302 1313 τούς
322 1238 441 1313 παῖδας
455 1237 507 1303 ἐπὶ
530 1236 654 1314 ἵππους
669 1236 869 1322 προέπεμπε.
900 1239 935 1303 ol
949 1237 986 1304 δέ
1002 1261 1063 1303 κα·

69 1332 334 1419 ταλαμβάνοντες
353 1330 432 1412 τούς
448 1334 636 1419 φεύγοντας
660 1338 775 1418 ἔλεγον
788 1329 829 1400 τά
846 1334 1063 1419 ἐντεταλμένα

69 1428 132 1499 ὑπὸ
147 1432 409 1519 Πεισιστράτου,
429 1433 589 1517 θαρσέειν
604 1456 641 1499 τε
656 1431 849 1511 κελεύοντες
863 1436 918 1501 καὶ
930 1430 1064 1503 ἀπιέναι

69 1530 208 1597 ἕκαστον
222 1532 274 1597 ἐπὶ
288 1527 328 1597 τά
343 1531 480 1598 ἑωυτοῦ.
497 1537 632 1615 Πευθομ
639 1529 722 1600 ένων
736 1531 773 1598 δὲ
786 1529 1062 1618 τῶνἈθηναίων,
1072 1546 1110 1605 σε

69 1626 155 1695 οὕτω
172 1623 461 1714 δήΠεισίστρατος
476 1624 514 1696 τό
525 1634 638 1717 τρίτον
653 1625 743 1715 σχών
752 1626 897 1717 Ἀθήνας
910 1634 1063 1720 ἐρρίζωσε

68 1724 127 1813 τήν
149 1730 336 1810 τυραννίδα
357 1726 567 1809 ἐπικούροισί
586 1750 621 1793 τε
640 1734 792 1795 πολλοῖσι
812 1731 867 1796 καὶ
886 1730 1063 1817 χρημάτων

69 1826 259 1910 συνόδοισι,
284 1831 353 1892 τῶν
370 1828 432 1912 μὲν
445 1823 610 1912 αύτόδεν,
639 1833 708 1894 τάν
729 1827 765 1895 δέ
785 1824 851 1895 άπό
866 1828 1064 1913 Στρυμόνος

69 1932 220 2013 ποταμοῦ
234 1924 441 2015 συνιόντων,
464 1924 612 2015 ὁμήρους
633 1952 669 1995 τε
695 1935 764 1996 τῶν
785 1927 1064 2016 παραμεινάντων

73 2031 255 2114 Αθηναίων
270 2029 324 2094 καὶ
338 2024 384 2114 μή
400 2025 518 2095 αὐτίκα
533 2029 716 2113 φυγόντων
735 2031 854 2106 παῖδας
874 2025 988 2117 λαβύν
1009 2031 1064 2096 καὶ

68 2123 274 2212 καταστήσας
295 2127 328 2202 ές
344 2125 462 2207 Νάξον
477 2127 545 2192 καὶ
565 2122 630 2210 γάρ
651 2125 777 2211 ταύτην
796 2122 1065 2214 ὁΠεισίστρατος

69 2227 311 2310 κατεστρέψατο
327 2227 459 2315 πολέμῳ
474 2227 529 2293 καὶ
550 2227 709 2312 ἐπέτρεψε
723 2226 890 2314 Λυγδάμι·
930 2227 1015 2315 πρός
1028 2253 1063 2296 τε

70 2331 114 2393 ἐτι
128 2322 278 2392 τούτοισι
298 2321 360 2409 τήν
374 2329 479 2410 νήσου
492 2329 608 2409 Δῆλον
629 2323 781 2411 καθήρας
795 2326 831 2392 έκ
847 2331 915 2392 τῶν
928 2330 1063 2411 λογίων,

71 2421 220 2512 καθήρας
235 2423 271 2490 δέ
287 2413 368 2490 ὦδε·
393 2418 440 2489 ἐπ’
452 2419 534 2490 ὄσού
544 2426 663 2506 ἔποψις
676 2428 737 2490 τοῦ
753 2426 830 2506 ἐροῦ
844 2421 918 2510 εἶχε,
934 2425 971 2491 ἐκ
983 2422 1062 2490 τού-

71 2549 128 2590 του
142 2529 203 2589 τοῦ
217 2517 330 2610 γάρου
341 2516 465 2599 παντὸς
474 2518 630 2606 ἐξορύξας
644 2516 724 2597 τούς
734 2515 875 2606 νεκρούς
885 2521 1064 2608 μετεφόρεε

73 2623 104 2700 ἐς
120 2618 223 2689 άλλον
237 2625 348 2706 γάρον
362 2624 420 2704 τῆς
429 2617 557 2704 Δήλου.
580 2617 632 2682 καὶ
651 2621 887 2702 Πεισίστρατος
906 2617 968 2702 μὲν
988 2620 1064 2685 έτυ-

75 2718 212 2802 ράννευε
222 2714 423 2803 Ἀθηναίων,
435 2712 624 2800 Ἀθηναίων
634 2712 778 2799 δδοέμὲν
788 2715 825 2780 έν
841 2721 882 2803 τῇ
886 2715 973 2804 μάχη
987 2717 1064 2782 ἐπε·

76 2819 259 2904 ττάκεσαυ,
282 2820 317 2884 ολ
336 2817 372 2885 δέ
389 2813 502 2883 αὐτῶν
517 2811 599 2900 μετά
612 2811 899 2895 Ἀλκμαιωυιδέων
918 2820 1064 2902 ἐφευγον

77 2921 108 2986 έκ
122 2927 177 3007 τής
193 2921 329 3003 οἰκηίης.

149 3013 233 3095 Τοὺς
248 3017 311 3101 μέν
323 3039 390 3081 νυν
403 3009 601 3098 Ἀθηναίους
620 3016 757 3078 τοιαῦτα
773 3007 833 3077 τόν
847 3011 970 3098 χρόνον
983 3013 1064 3075 τοῦ·
1073 3031 1107 3086 ςς

81 3141 132 3181 τον
145 3114 351 3183 ἐπυνθάνετο
369 3109 388 3180 ὁ
399 3117 543 3198 Κροῖσος
556 3112 747 3195 κατέχοντα,
762 3105 842 3187 τούς
855 3109 1064 3176 δέΛιικεδαι-

81 3219 207 3294 μονλους
230 3215 266 3281 έκ
288 3216 402 3280 κακῶν
422 3235 459 3278 τε
472 3207 629 3295 μεγάλων
650 3205 860 3293 πεφευγότας
880 3208 934 3272 καὶ
949 3203 1065 3280 ἐόντας
1188 3223 1192 3226 ’

14 3369 15 3390 2
83 3305 139 3394 ήδη
164 3316 208 3402 τῷ
236 3310 368 3400 πολέμφ
392 3306 657 3393 κατυπερτέρους
682 3305 879 3390 Τεγεητέων.
919 3304 970 3371 ἐπὶ
998 3296 1064 3388 γάρ

14 3413 16 3480 ἓ
86 3408 212 3487 Λέοντος
226 3407 463 3495 βασιλεύοντος
476 3407 531 3471 καὶ
542 3400 756 3489 Ἡγησικλέος
777 3404 814 3468 ἐν
827 3400 971 3487 Σπάρτη
985 3393 1065 3474 τούς

14 3481 16 3576 ό
86 3499 194 3584 ἄλλους
219 3507 384 3598 πολέμους
411 3503 620 3590 εὐτυχέοντες
651 3506 685 3569 ολ
702 3498 959 3592 Λακεδαιμόνιοι
981 3490 1065 3581 πρός
