2500 3925
328 226 414 281 LlB.
447 225 508 282 Vll.
541 223 642 281 cAP.
675 228 852 285 170-173.
1031 221 1092 289 197

86 386 253 471 διέδεξαν,
267 383 320 454 ὅτι
334 384 376 452 ού
387 403 451 470 σφι
464 382 590 470 ἥνδανε
603 378 645 447 τά
660 384 694 449 οί
702 377 877 453 Ἀλευάδαι
891 388 1092 473 έμηγανεον-

85 508 131 552 το.
172 487 279 554 έπείτε
293 480 359 569 γάρ
381 482 551 551 ἐπύθοντο
566 479 702 564 τάχιστα
722 482 886 565 μέλλοντα
906 487 1092 572 διαβαίνειν

85 579 146 649 τὸν
157 584 295 668 Πέρσην
309 584 343 659 ές
356 578 420 667 τὴν
433 578 621 667 Εὐρώπην,
644 581 812 664 πέμπουσι
832 583 866 661 ές
879 580 940 651 τὸν
957 581 1093 672 Ἰσδμάν

84 678 255 766 ἀγγέλους.
287 681 325 747 έν
346 680 383 749 δὲ
405 685 452 770 τῷ
471 677 592 768 Ἰσθμῷ
608 668 697 761 ἦσαν
719 672 894 764 ἡλισμένοι
908 683 1094 771 πρόβουλοι

83 783 142 863 τῆς
148 774 306 856 Ἑλλάδος
315 776 537 865 ἀραιρημένοι
546 772 611 843 ἀπὸ
621 781 690 841 τῶν
700 781 829 843 πολίων
838 786 907 847 τῶν
917 778 957 849 κά
968 779 1094 868 ἀμείνω

84 880 323 963 φρονεουσέων
336 878 414 961 περὶ
425 871 648 962 τὴνἙλλάδα.
679 870 877 960 ἀπικόμενοι
891 876 929 947 δὲ
944 881 997 947 ἐπὶ
1013 880 1095 948 τού-

87 1000 165 1053 τους
175 981 244 1043 τῶν
250 981 433 1047 Θεσσαλῶν
443 978 477 1041 οί
484 971 621 1059 ἀγγελοι
633 977 767 1059 ἔλεγον·
783 971 920 1063 Ἄνδρες
926 974 1094 1065 Ἕλληνες,

84 1076 140 1141 δεῖ
176 1074 412 1159 φυλάσσεσθαι
431 1071 494 1158 τὴν
516 1068 662 1158 έσβολήν
684 1067 747 1157 τὴν
770 1069 1010 1161 Οὐλυμπικην,
1037 1079 1095 1143 ἵνα

83 1178 250 1258 Θεσσαλίη
272 1198 307 1240 τε
323 1175 380 1241 καὶ
394 1168 416 1259 ἡ
432 1171 592 1258 σύμπασα
611 1163 635 1259 ᾖ
650 1166 767 1249 Ἑλλὰς
782 1172 819 1238 έν
834 1172 939 1261 σκέπη
952 1180 1015 1241 τού
1029 1198 1094 1243 πο-

81 1272 196 1357 λέμου.
218 1268 312 1358 ἡμεῖς
322 1274 385 1356 μέν
396 1298 463 1340 νυν
477 1272 604 1356 έποῖμοί
615 1275 708 1353 εἰμεν
721 1269 990 1358 συμφυλάσσειν,
1008 1274 1093 1361 πέμ-

83 1395 161 1438 πειν
177 1374 214 1437 δὲ
230 1367 294 1456 χρὴ
312 1374 368 1437 καί
382 1368 486 1456 ὑμέας
502 1364 663 1455 στρατιὴν
679 1372 825 1453 πολλήν,
844 1365 889 1447 ὡς
905 1374 935 1436 εί
947 1366 992 1456 μὴ
1008 1374 1094 1457 πέμ-

82 1483 178 1554 ψετε,
195 1471 376 1537 ἀπίστασθε
391 1466 495 1555 ἡμέας
509 1465 733 1555 ὁμολογήσειν
748 1472 795 1558 τῷ
808 1470 939 1557 Πέρση·
969 1468 1012 1537 οὐ
1026 1470 1092 1559 γάρ

83 1592 135 1635 τοι
146 1570 420 1654 προκατημένους
430 1572 571 1635 τοσοῦτο
582 1563 649 1652 πρὸ
660 1571 718 1653 τῆς
728 1563 831 1651 άλλης
836 1563 993 1648 Ἑλλάδος
1005 1568 1093 1656 μού-

83 1691 167 1744 νους
181 1661 247 1752 πρδ
259 1662 372 1751 ὑμέων
394 1671 450 1735 δεῖ
470 1664 664 1736 ἀπολέσθαι.
698 1664 841 1752 βωθέειν
862 1668 899 1735 δλ
910 1663 953 1735 οὐ
967 1667 1092 1755 βουλό-

83 1793 180 1854 μενοι
195 1764 383 1855 ἀναγκαίην
392 1764 475 1855 ἡμῖν
489 1768 651 1854 οὐδεμίαν
662 1764 729 1835 οἱοί
736 1768 775 1834 τέ
783 1769 856 1837 έστε
866 1772 1090 1858 προσφέρειν·

84 1861 216 1953 οὐδαμά
235 1863 302 1952 γάρ
316 1863 500 1953 ἀδυνασίης
519 1863 652 1952 ἀνάγκη
668 1866 821 1951 κρέσσων
838 1872 913 1954 έφυ.
946 1868 1041 1958 ἡμεῖς
1055 1873 1092 1939 δὲ

84 1965 315 2052 πειρησόμεθα
326 1964 425 2036 αὐτοί
430 1992 506 2045 τινα
515 1972 684 2053 σωτηρίην
702 1967 954 2053 μηχανεύμενοι.
980 1977 1092 2040 Ταῦτα

85 2071 202 2150 ἔλεγον
212 2071 246 2134 οί
256 2073 428 2136 Θεσσαλοί.
452 2070 498 2135 Ol
508 2062 712 2152 δέἝλληνες
722 2062 807 2151 πρὸς
816 2073 921 2135 ταῦτα
932 2069 1094 2156 έβουλεύ-
1104 2078 1155 2135 17³

85 2185 187 2232 σαντο
199 2164 232 2242 ές
242 2171 431 2253 Θεσσαλίην
440 2169 584 2253 πέμπειν
594 2161 679 2233 κατά
689 2164 869 2235 θάλασσαν
878 2166 980 2248 πεζὸν
991 2190 1095 2258 στρα-

83 2261 145 2332 τὸν
155 2261 348 2349 φυλάξοντα
358 2261 421 2352 τὴν
432 2263 584 2353 ἐσβολήν.
610 2262 700 2343 ὡςδὲ
714 2266 901 2352 συνελέχθη
913 2264 930 2334 ὁ
943 2264 1094 2355 στρατὸς,

84 2367 191 2430 ἔκλαιε
207 2360 254 2429 δι’
268 2360 432 2450 Εὐρίπου.
455 2362 659 2450 ἀπικόμενος
670 2364 706 2430 δὲ
717 2369 775 2449 τῆς
786 2360 928 2452 Ἀχαιίης
939 2362 1091 2451 έςἎλον,

85 2456 214 2547 ἀποβάς
229 2461 407 2548 ἐπορεύετο
422 2464 457 2540 ές
469 2467 676 2547 Θεσσαλίην,
699 2456 758 2540 τὰς
774 2464 852 2538 νέας
867 2457 973 2528 αὐτοῦ
989 2488 1091 2527 κατα-

85 2557 212 2641 λιπὼν,
227 2562 283 2626 καλ
296 2556 432 2627 ἀπίκετο
447 2563 481 2639 ές
496 2556 537 2628 τὰ
554 2561 686 2645 Τέμπεα
701 2561 734 2636 ές
748 2555 810 2644 τὴν
824 2555 978 2646 ἐσβολὴν,
1004 2553 1092 2642 ἥπερ

85 2654 152 2727 ἀπδ
166 2662 381 2744 Μακεδονίης
393 2665 452 2745 τῆς
465 2656 556 2726 κάτω
567 2658 601 2736 ές
611 2663 800 2742 Θεσσαλίην
811 2658 907 2745 φέρει
915 2653 1007 2743 παρά
1018 2663 1093 2743 Πη-
1225 2681 1227 2686 ·

85 2754 180 2826 νειὸν
201 2755 368 2846 ποταμὸν,
389 2753 513 2845 μεταξύ
533 2757 570 2826 δέ
592 2754 782 2844 Οὐλύμπου
798 2782 834 2824 τε
855 2755 974 2844 οὐρεος
995 2756 1093 2824 ἐόντα

85 2858 141 2926 καὶ
161 2862 219 2944 τῆς
232 2855 364 2946 Ὄσσης.
393 2862 542 2929 ἐνθαῦτα
557 2857 879 2945 ἐστρατοπεδεύοντο
895 2864 964 2926 τῶν
975 2855 1093 2945 Ἐλλή-

85 2981 158 3023 νων
171 2954 255 3024 κατά
270 2963 412 3044 μυρίους
425 2954 556 3028 ὁπλῖται
572 2963 803 3046 συλλεγέντες,
819 2964 877 3026 καί
889 2979 950 3045 σφι
962 2963 1093 3044 προσῆν

86 3052 106 3143 η
126 3063 195 3124 τῶν
210 3065 391 3128 Θεσσαλῶν
409 3063 520 3138 ἵππος.
550 3059 746 3148 έοτρατήγεε
766 3061 802 3126 δὲ
817 3061 1093 3143 Λακεδαιμονίων

86 3155 150 3243 μὲν
162 3153 345 3237 Εὐαίνετος
360 3156 379 3228 δ
395 3159 560 3245 Καρήνου
575 3163 612 3228 έκ
625 3166 695 3226 τῶν
714 3156 934 3244 πολεμάρχων
950 3153 1094 3245 ἀραιρη-

85 3254 202 3340 μένος,
217 3255 332 3339 γένεος
346 3260 460 3343 μέντοι
476 3256 543 3325 &nav
558 3256 601 3326 οὐ
614 3263 676 3325 τοῦ
690 3263 883 3345 βασιληίου,
902 3251 1093 3343 Ἀθηναίων

86 3351 123 3420 δὲ
134 3357 376 3441 Θεμιστοκλέης
393 3352 598 3433 ὁΝεοκλέος.
611 3353 772 3442 Ἔμειναν
790 3355 826 3422 δὲ
844 3350 956 3440 ὀλίγας
969 3349 1093 3440 ἡμέρας

84 3452 251 3519 ἐνθαῦτα·
267 3446 465 3540 ἀπικόμενοι
475 3451 541 3541 γάρ
552 3453 688 3541 ἄγγελοι
698 3453 777 3538 παρ’
800 3447 1093 3537 Ἀλεξάνδρουτού
