2500 3925
153 206 214 272 106
528 204 780 263 HERODOTI

149 373 218 438 τόν
238 364 389 436 ὀδόντων
404 369 438 434 οί
457 370 598 442 πλεῦνες
613 366 769 432 ἐσείοντο.
799 363 929 432 τούτων
945 357 994 433 άν
1015 365 1076 434 ἕνα
1090 372 1163 432 τῶν

150 463 301 536 ὀδόντων
315 464 469 553 ἐκβάλλει
483 460 550 533 ὑπὸ
565 469 640 552 βίης
651 463 768 552 βήξας·
793 464 992 545 ἐκπεσόντος
1002 463 1039 533 δὲ
1052 467 1084 544 ές
1095 463 1164 552 τὴν

150 563 288 653 ψάμμον
302 562 408 633 αὐτοῦ
422 565 568 633 ἐποιέετο
578 559 708 648 πολλὴν
721 559 875 649 σπουδὴν
886 565 1042 652 ἐξευρεῖν.
1066 559 1164 642 ὡςδὲ

150 661 214 734 οὐκ
234 663 389 750 ἐφαίνετό
410 667 444 732 οί
463 658 482 730 ὁ
504 657 610 747 ὀδόν,
639 656 864 740 ἀναστενάξας
881 659 952 730 εἷπε
971 657 1056 749 πρός
1078 655 1164 738 τούς

149 761 376 851 παραστάτας·
405 759 450 830 Ἡ
464 767 506 847 μῆ
523 757 584 847 ἥδε
598 755 662 827 οὐκ
681 757 823 848 ἡμετέρη
840 763 907 830 ἐστὶ
928 757 1010 829 οὐδέ
1021 786 1080 848 μιν
1097 761 1163 825 δυ-

150 862 324 950 νησόμεθα
341 858 536 949 ὑποχειρίην
549 859 771 948 ποιήσασθαι·
793 857 918 929 ὁκόσον
935 864 974 928 δέ
985 864 1020 928 τί
1030 883 1087 946 μοι
1100 859 1163 944 μέ-

83 970 134 1031 108
150 983 211 1046 ρος
224 965 343 1047 μετῆν,
367 955 493 1026 ὁόδάν
512 961 647 1044 μετέχει.
688 954 815 1043 Ἱππίης
832 957 898 1043 μὲν·
914 955 955 1043 δη
976 957 1080 1045 ταύτη
1096 952 1163 1042 τὴν

150 1061 231 1142 όηιν
246 1058 448 1147 συνεβάλετο
465 1060 720 1146 ἐξεληλυθέναι,
733 1056 941 1146 Ἀθηναίοισι
952 1057 1163 1144 δὲτεταγμέ-

149 1179 239 1228 νοισι
246 1161 283 1226 έν
292 1153 606 1244 ιεμένετἨριικλέος
612 1159 763 1245 ἐπῆλθον
777 1155 964 1242 βωθέοντες
977 1148 1163 1236 Πλαταιέες

149 1261 331 1343 πανδημεί·
359 1258 414 1323 καί
433 1252 498 1341 γάρ
518 1255 574 1322 καί
588 1253 795 1323 ἐδεδοόκεσαν
808 1257 914 1341 σφέας
928 1251 1052 1334 αὐτοὺς
1072 1268 1164 1323 τοῖσι.

146 1353 353 1442 Ἀθηναίοισι
362 1359 396 1423 οί
399 1355 590 1441 Πλαταιέες,
598 1359 652 1422 καί
661 1352 788 1432 πόνους
797 1350 880 1438 ὑπὲρ
893 1350 1005 1420 αὐτόν
1016 1349 1162 1439 οίἈθη-

149 1467 238 1521 ναῖοι
250 1450 397 1539 συχνοὺς
404 1450 469 1540 ἤδη
480 1449 719 1540 άναραιρέατο·
733 1457 855 1521 ἔδοσαν
866 1453 903 1521 δὲ
915 1445 988 1521 άδε.
1005 1451 1162 1538 πιεζόμε-

149 1577 202 1619 νοι
216 1546 283 1618 ὑπό
299 1556 458 1639 Θηβαίων
471 1555 506 1620 οί
513 1556 694 1631 Πλαταιέες
708 1554 864 1620 ἐδίδοσαν
876 1559 991 1641 πρῶτα
1006 1577 1162 1640 παρατυ-

147 1657 244 1738 χοῦσι
252 1646 437 1736 Κλεομένεΐ
444 1676 479 1718 τε
489 1657 536 1741 τῷ
546 1647 808 1738 Ἀναξανδρίδεω
818 1654 1160 1738 καδΛακεδαιμονίοι-

149 1771 183 1820 σι
198 1751 302 1835 σφέας
322 1747 463 1838 αὐτοὺς,
484 1755 519 1820 οί
538 1753 575 1820 δέ
594 1750 636 1820 οὐ
652 1752 827 1839 δεκόμενοι
847 1753 964 1841 ἐλεμόν
979 1772 1040 1840 σφι
1060 1752 1158 1820 τάδε·

143 1845 255 1936 Ἦμείς
268 1849 331 1935 μὲν
345 1853 510 1935 ἑκαστέρω
523 1876 560 1918 τε
574 1853 743 1938 οίκέομεν,
760 1853 815 1920 καί
825 1849 907 1939 ὑμῖν
917 1851 1030 1939 τοιήδε
1043 1877 1093 1931 τις
1104 1854 1160 1938 μί-

148 1944 234 2017 νοιτ’
250 1943 294 2016 άν
309 1951 482 2035 ἐπικουρίη
494 1948 606 2037 ψυχρή
614 1976 622 1989 ·
643 1954 788 2037 φθαίητε
797 1947 863 2039 γάρ
875 1945 920 2019 δν
930 1949 1091 2031 πολλάκις
1105 1952 1160 2031 §e-

149 2051 473 2135 ανδραποδισθέντες
482 2047 505 2136 ἤ
515 2075 591 2117 τινα
602 2052 776 2119 πυθέσθαι
787 2048 908 2138 ἡμέων.
924 2050 1159 2140 συμβουλεύο-

148 2173 211 2234 μεν
226 2146 262 2213 δὲ
277 2143 359 2231 ὑμῖν
374 2149 494 2214 δοῦναι
512 2143 617 2233 ὑμέας
631 2145 755 2228 αὐτοὺς
771 2146 995 2236 Ἀθηναίοισι,
1017 2158 1153 2235 πλησιο-

146 2243 287 2331 χάροισί
296 2270 332 2312 τε
343 2242 488 2330 άνδράσι
499 2248 554 2313 καλ
565 2248 740 2335 τιμωρέειν
751 2250 843 2316 έοῦσι
856 2245 897 2315 οὐ
908 2260 1048 2315 κακοῖσι.
1066 2252 1157 2315 Tafi-

70 2408 73 2413 .
147 2371 188 2412 τα
198 2343 449 2431 συνεβούλευον
460 2346 769 2435 οίΛακεδοιιμόνιοι,
778 2344 819 2415 οά
832 2341 1056 2415 κατέόνοιαν
1067 2344 1156 2414 οὕτω

147 2449 215 2511 τῶν
233 2443 445 2528 Πλαταιέων,
470 2439 515 2521 ὡς
534 2444 736 2531 βουλόμενοι
753 2442 832 2524 τούς
848 2442 1048 2532 Ἀθηναίους
1068 2450 1155 2531 ἐχειν

147 2541 275 2619 πόνους
288 2547 514 2619 συνεστεῶτας
525 2549 711 2611 Βοιωτοῖσι.
735 2542 995 2629 Λακεδαιμόνιοι
1009 2544 1071 2629 μέν
1087 2568 1154 2609 νυν

146 2644 350 2708 Πλαταιεῦσι
369 2665 481 2707 ταυτα
489 2639 756 2728 συνεβούλευον,
778 2646 813 2709 οί
828 2639 918 2710 δὲ’
878 2666 941 2710 ουκ
956 2638 1152 2730 ἠπίστησαν,

139 2732 221 2805 ἀλλ’
233 2724 447 2822 Ἀθηναίωνί
446 2734 488 2824 ρά
499 2738 784 2809 ποιεόντωντοῑσι
796 2738 949 2807 δυόδεκα
960 2748 1071 2859 βεολσι
1082 2739 1151 2805 ίκέ-

145 2861 200 2903 ται
214 2833 359 2921 ἱζόμενοι
373 2833 472 2904 ἐπὶ
437 2862 498 2903 τον
512 2834 662 2923 βωμδυέ
645 2839 798 2913 έδίδοσαν
811 2838 915 2923 σφεας
926 2862 1058 2915 αυτους
1082 2844 1151 2921 Θη-

145 2940 236 3021 βαῖοι
250 2935 287 3002 δ
307 2934 498 3022 πυθόμενοι
519 2942 623 3004 ταῦτα
640 2936 876 3023 ἐστρατεύοντο
898 2936 951 3003 ἐπὶ
964 2959 1044 3013 τους
1057 2940 1152 3001 Πλα-

145 3034 270 3111 ταιέας·
289 3028 461 3119 Ἀθηναῖοι
478 3036 519 3100 δέ
529 3052 590 3118 σφι
611 3029 770 3155 ἐβάδεον.
807 3032 998 3119 μελλόντων
1012 3032 1050 3098 δὲ
1066 3048 1151 3097 συν-

145 3129 264 3197 άπτειν
278 3129 388 3217 μάχην
401 3137 581 3216 Κορίνθιοι
596 3158 639 3199 ου
628 3130 837 3219 ’περιεῖδον,
852 3128 1100 3217 παρατυχόντες
1115 3128 1149 3194 δὲ

144 3255 199 3295 και
189 3230 477 3309 καταλλάξαντες
498 3230 748 3317 ἐπιτρεψάντων
768 3227 985 3317 άμφοτέρων,
1006 3224 1148 3347 οὔρισαν

143 3351 205 3410 την
218 3324 331 3413 χάρην
345 3328 399 3395 ἐπὶ
412 3332 553 3414 τοιοίδε,
575 3332 636 3396 ἐᾶν
650 3337 818 3416 Θηβαίους
834 3334 994 3397 Βοιωτων
1009 3351 1089 3404 τους
1103 3352 1145 3412 μη

143 3426 370 3513 βουλομένους
380 3423 587 3505 ἐςΒοιωτοδς
596 3429 730 3495 τελέειν.
748 3432 927 3514 Κορίνθιοι
938 3423 1000 3510 μὲν
1011 3420 1052 3508 δη
1065 3431 1146 3490 ταῦ-
