2500 3925
305 212 812 276 Llss.1x.cAP.100-m4
994 217 1060 282 337

28 393 142 455 μενοι
158 373 260 456 ἔργον
281 365 407 456 εἴχοντο
425 370 702 461 προθυμότερον,
726 379 889 446 ἐνθεῦτεν
908 379 1003 466 ἤδη
986 406 1058 448 ετε·

29 473 184 552 ροιοῦτο
199 464 236 535 τὸ
251 474 397 555 πρῆγμα.
421 469 678 557 διωσάμενοι
638 498 703 558 γαρ
715 501 755 541 τα
745 471 927 562 Ηγέρρα
884 503 978 547 ουτοι
993 504 1058 565 φε-

29 567 186 650 ρόμενοι
200 566 359 635 ἐσέπεσον
374 563 468 646 ἁλέες
484 570 518 648 ές
531 565 611 646 τούς
624 574 773 658 Πέρσας,
789 599 819 642 οι
812 576 868 642 δ
880 576 1055 663 δεξάμενοι

30 668 98 732 καὶ
112 664 241 750 χρόνον
256 663 383 751 συχνόν
397 665 606 754 άμυνόμενοι
618 671 712 747 τέλος
726 675 905 758 έφενγον’
887 699 921 752 ες
934 672 972 744 τό
988 689 1056 743 τεί-

28 793 106 851 χος
127 763 304 851 Ἀθηναῖοι
316 767 352 836 δὲ
363 772 419 836 καὶ
429 775 610 854 Κορίνθιοι
620 772 677 836 καὶ
686 770 872 840 Σικυώνιοι
883 776 939 841 καλ
954 781 1055 859 Τροι-

32 866 182 950 ζήνιοι
188 857 283 932 οὗτοι
299 861 364 953 γάρ
380 858 468 952 ἦσαν
488 867 603 953 ἐπεξῆς
621 871 826 953 τεταγμένοι
845 872 1054 940 συνεπισπό-

30 989 140 1050 μενοι
153 965 424 1034 συνεσέπιπτον’
408 993 440 1045 ες
451 965 487 1034 τό
499 979 612 1051 τεῖχος.
628 963 673 1044 ὥς
683 967 718 1035 δὲ
726 966 826 1036 καὶ
792 995 829 1037 το
841 984 945 1056 τεῖχος
954 969 1053 1059 άραί-

30 1160 160 1246 φυγήν
175 1185 209 1228 τε
221 1158 370 1248 ὦρμεάτο
382 1167 417 1230 οί
426 1161 520 1232 ἄλλοι
530 1161 619 1250 πλὴν
629 1167 798 1247 Περσέων.
822 1158 916 1234 οὗτοι
927 1169 964 1234 δὲ
974 1166 1050 1234 κατ’

30 1258 178 1346 ὀλίγους
193 1260 365 1347 γινόμενοι
380 1261 539 1348 ἐμάχοντο
554 1277 639 1330 τοῖσι
654 1266 717 1330 αίεὶ
737 1264 771 1340 ἐς
784 1259 822 1330 τό
836 1277 942 1350 τεῖχος
956 1267 1053 1334 ἐσπί-

32 1356 351 1444 πτουσιἙλληνων.
369 1364 425 1429 καὶ
435 1367 503 1429 τῶν
513 1366 787 1447 στρατηγῶντῶν
797 1367 975 1444 Περσικῶν
986 1363 1050 1430 δύο

26 1453 1055 1545 μὲνάποφεάγουσι,δυόδέτελευτέουσι·Ἀρταόντηςμὲνκαὶ

26 1557 225 1646 Ἰθαμίτρης
247 1561 309 1625 τοῦ
334 1557 497 1625 ναυτικου
528 1555 784 1645 στρατηγέοντες
809 1554 1056 1647 άποφεόγουσι,

31 1657 244 1748 Μαρδόντης
255 1657 358 1727 δὲκαὶ
367 1655 385 1726 6
394 1661 456 1726 τοῦ
466 1661 567 1739 πεζοῦ
576 1655 760 1747 στρατηγός
774 1656 940 1747 Τιγράνης
950 1659 1057 1747 μαχό-

30 1785 132 1848 μενοι
144 1760 363 1829 τελευτέουσι.
384 1757 453 1828 ”En
467 1757 504 1825 δὲ
517 1761 717 1845 μαχομένων
725 1762 793 1827 τῶν
803 1760 964 1844 Περσέων
973 1759 1118 1828 dac-10³

35 1885 140 1926 κοντο
148 1859 408 1945 Λακεδαιμόνιοι
419 1863 472 1927 καὶ
486 1863 519 1928 oc
528 1857 599 1945 μετ’
609 1855 723 1925 αὐτῶν
733 1855 838 1925 καὶτὰ
849 1855 949 1940 λοιπά
963 1872 1048 1923 συν-

36 1961 242 2043 διεχείριζον.
264 1962 393 2027 ’ἔπεσον
413 1957 449 2026 δὲ
464 1959 519 2026 καὶ
535 1953 729 2025 αὐτῶντῶν
745 1952 915 2041 Ἑλλήνων
929 1959 1047 2041 συχνοὶ

37 2057 206 2140 ἐνθαῦτα,
228 2054 322 2124 ἄλλοι
339 2083 374 2124 τε
395 2060 450 2125 καὶ
464 2054 652 2125 Σικνάνιοι
671 2057 726 2123 καὶ
747 2052 930 2141 στρατηγός
942 2061 1047 2140 Περί-

40 2165 132 2231 λεως.
161 2161 228 2221 τῶν
245 2156 280 2223 δὲ
297 2162 437 2242 Σαμίων
451 2159 485 2224 οί
503 2154 761 2242 στρατευόμενοι
775 2152 887 2231 ἐόντες
901 2179 936 2221 τε
950 2155 987 2221 ἐν
1000 2160 1046 2243 τῷ

39 2256 251 2345 στρατοπέδῳ
266 2262 311 2344 τῷ
326 2260 470 2345 Μηδικῷ
490 2257 545 2323 κοιλ
559 2251 825 2341 ἀπαραιρημένοι
844 2249 885 2319 τὰ
900 2249 988 2319 ὅπλα
1003 2247 1048 2330 ὦς

39 2350 132 2420 εἶδον
143 2348 260 2419 αὐτίκα
272 2351 345 2420 κατ’
359 2350 461 2441 άρχάς
471 2356 656 2439 γινομένην
666 2354 841 2436 ἑτεραλκέα
852 2347 914 2437 τὴν
925 2351 1046 2437 μάχην,

40 2453 141 2535 ἕρδον
155 2445 237 2515 ὅσον
249 2451 416 2537 ἐδυνέατο,
433 2451 683 2539 προσωφελέειν
694 2451 867 2527 ἐθέλοντες
877 2462 962 2517 τοῖσι
968 2446 1047 2516 Ἕλ-

40 2556 127 2632 λησι.
138 2635 139 2638 ,
150 2552 300 2632 Σαμίους
311 2547 347 2616 δὲ
357 2549 485 2629 ἰδόντες
496 2553 531 2618 oc
539 2546 754 2625 άλλοιἼωνες
767 2546 942 2634 ἄρξαντας,
956 2543 1046 2613 οὕτω

41 2645 82 2733 δὴ
107 2648 159 2712 καὶ
180 2642 274 2713 αὐτοὶ
298 2644 502 2727 ἀποστάντες
522 2644 588 2716 άπὸ
602 2649 763 2734 Περσέων
783 2649 943 2717 ἐπέθεντο
962 2661 1047 2715 τοῖσι

41 2744 249 2831 βαρβάροισι.
280 2752 476 2833 Μιλησίοισι
494 2748 530 2815 δὲ
544 2749 782 2834 προσετέτακτο
797 2748 860 2832 μὲν
873 2752 942 2813 τῶν
955 2753 1046 2831 Περ·
1064 2749 1116 2807 104

44 2849 128 2914 σέων
144 2842 201 2922 τάς
220 2843 355 2924 διόδους
367 2844 510 2934 τηρέειν,
519 2852 683 2934 σωτηριης
700 2847 828 2913 εἵνεκέν
842 2865 920 2931 σφι,
943 2844 986 2921 ὡς
1002 2841 1045 2930 ἦν

43 2941 108 3028 άρα
123 2946 224 3027 σφέας
238 2938 524 3032 καταλαμβάνηῖ
490 2970 508 3012 ο
523 2943 609 3063 άπερ
637 2947 807 3029 κατέλαβε,
821 2939 981 3028 έχοντες“
964 2967 1046 3027 ηγε-

47 3041 147 3126 μόνας
161 3038 357 3120 σοι”ζωνται’
341 3068 373 3120 ες
388 3039 446 3121 τάς
461 3038 615 3160 κορυφάς
632 3049 690 3127 τῆς
700 3040 883 3126 Μυκάλης·
901 3039 1046 3125 έτάχδη-

47 3159 109 3205 σαν
123 3138 181 3223 μέν
195 3164 260 3205 νυν
274 3141 438 3209 ἐπὶτοῦτο
454 3137 491 3209 τό
504 3146 640 3267 πρῆγμα
654 3145 687 3209 οἱ
698 3138 862 3226 Μιλήσιοι
875 3137 999 3205 τούτου
1009 3162 1045 3203 τε

50 3240 171 3306 εἵνεκεν
184 3239 239 3307 καὶ
253 3242 309 3308 ἵνα
327 3241 371 3329 μή
388 3244 569 3330 παρεόντες
584 3245 621 3311 έν
637 3269 682 3333 τφ
668 3244 909 3331 στρατοπέδφ
923 3268 955 3308 τι
968 3265 1045 3308 veo-

49 3332 129 3421 χμδν
143 3338 302 3421 ποιέοιεν,
318 3344 351 3407 oc
364 3340 399 3408 δὲ
414 3349 483 3409 πᾶν
499 3367 536 3410 το
525 3338 706 3409 ἐναντίον
722 3345 783 3407 τοῦ
798 3339 1045 3426 προστεταγμέ-

51 3460 110 3502 νου
122 3434 373 3585 6uolevvh66663
384 3465 419 3507 τε
430 3440 672 3527 κατηγεόμενοί
681 3457 742 3524 σφι
753 3433 855 3514 ὁδοὺς
866 3434 1047 3524 φεύγουσι,

130 3546 224 3585 μενον.
274 3570 281 3583 .
875 3536 910 3587 22
