2500 3925
914 7 952 9 .—

355 210 441 267 LIB.
468 210 513 265 111.
546 209 647 267 cAP.
678 215 819 273 61-64.
1027 207 1090 275 m

109 368 169 447 λέος
179 364 320 439 ἀκούειν.
368 374 481 437 Ταῦτα
495 377 649 449 είπαντος
660 371 880 458 Πρηξάσπεος
894 369 1009 463 (ἤρεσε
1022 368 1089 459 γάρ
1108 390 1144 449 σε

109 467 264 558 Καμβύση)
280 466 400 539 αύτίκα
420 472 641 556 μεταδίωκτος
656 468 837 558 γενόμενος
857 466 876 539 6
892 474 997 559 κῆρυξ
1009 460 1089 557 ἧκε·

109 560 270 651 ἀπιγμένον
284 569 325 635 δέ
335 593 395 653 μιν
410 574 516 653 ελρετο
529 564 548 635 6
560 566 764 655 Πρηξάσπης
774 567 870 637 τάδε·
893 566 1088 657 Ὦνθρωπε,

107 659 159 749 φῂς
168 660 229 750 γάρ
243 658 341 752 ἥκειν
353 662 445 749 παρά
459 666 624 752 Σμέρδιος
639 671 701 733 τοῦ
715 666 836 754 Κύρου
851 662 999 753 ἀγγελος.
1023 672 1089 735 νῦν

105 754 144 829 ἀν
162 772 249 843 είπας
272 761 339 861 τὴν
357 759 521 850 ἀλήθειαν
545 761 645 833 ἄπιθι
669 772 812 853 χαίρων,
840 764 961 852 κότερα
986 762 1089 845 αύτύς

103 885 144 927 τοι
151 862 291 949 Σμέρδις
305 860 510 949 φαινόμενος
523 864 558 943 ές
568 860 650 942 ὄψιν
665 864 850 933 ἐνετέλλετο
863 870 967 933 ταῦτα
982 858 1004 951 ἦ
1018 868 1088 933 τῶν

101 986 140 1038 τις
153 962 280 1031 ἐκείνου
295 959 498 1051 ὑπηρετέων.
537 960 575 1031 ‘0
589 960 627 1031 δέ
641 958 727 1031 εἷπε·
762 958 844 1049 Ἐγοδ
858 964 1009 1051 Σμέρδιν
1024 962 1088 1050 μέν

100 1056 149 1126 τάν
164 1062 299 1148 Κύρου,
320 1064 354 1143 ἐξ
372 1060 452 1131 ὅτευ
472 1057 630 1149 βασιλεύς
645 1060 830 1149 Καμβύσης
852 1056 955 1148 ἤλασε
975 1062 1008 1142 ές
1021 1068 1087 1129 Αί-

98 1181 223 1247 γνπτον,
246 1158 340 1229 ούκω
360 1158 496 1230 ὄπωπα·
518 1156 593 1229 ὁδί
604 1183 663 1246 μοι
683 1158 805 1246 μα’γος,
827 1157 889 1229 τὸν
903 1158 1087 1248 Καμβύσης

98 1259 262 1344 ἐπίτροπον
274 1266 343 1327 τῶν
358 1265 474 1328 οίκίων
489 1256 642 1345 ἀπέδεξε,
658 1248 755 1339 οὗτος
770 1263 873 1326 ταῦτα
889 1259 1085 1345 ἐνετείλατο,

97 1353 151 1440 φάς
169 1362 320 1446 Σμέρδιν
337 1354 400 1426 τδν
419 1358 540 1441 Κύρου
560 1352 646 1424 εἶναι
670 1352 731 1423 τδν
754 1361 858 1424 ταῦτα
884 1356 1086 1443 ἐπιθέμενον

96 1452 171 1524 εἶπαι
187 1456 274 1543 πρὸς
293 1455 405 1543 ὑμέας.
444 1453 484 1525 ‘O
496 1455 559 1542 μὲν
573 1454 615 1542 δή
630 1473 691 1540 σφι
708 1460 800 1541 ἔλεγε
817 1451 918 1523 οὐδὲν
933 1456 1086 1523 ἐπικατε-

95 1557 285 1642 ψευσμένος,
315 1554 500 1643 Καμβύσης
519 1553 557 1621 δέ
577 1551 664 1623 εἶπε·
699 1551 914 1642 Πρήξασπες,
942 1548 987 1620 σύ
1010 1554 1085 1641 μὲν,

95 1646 138 1717 οἷα
150 1648 232 1742 ἀνὴρ
251 1649 399 1741 ἀγαθὰς,
416 1651 557 1741 ποιήσας
570 1654 608 1719 τὸ
622 1650 847 1740 κελευόμενον
860 1656 970 1739 αἰτίην
987 1652 1086 1720 ἐκπέ-

94 1776 222 1838 φευγας·
247 1756 321 1841 ἐμοὶ
337 1754 373 1822 δὲ
386 1759 435 1833 τίς
448 1748 493 1820 ἀν
506 1762 557 1840 είη
570 1756 731 1840 Περσέων
752 1749 770 1821 ὁ
791 1748 997 1831 έπανεστεύς
1011 1753 1084 1820 έπι-

93 1850 231 1934 βαιεύων
252 1858 316 1920 τού
334 1856 500 1939 Σμέρδιος
519 1848 723 1937 ούνύματοςς
752 1848 788 1920 ‘0
816 1849 853 1919 δὲ
874 1846 960 1917 εἶπε·
1000 1844 1084 1933 'Hom‘

91 1971 138 2031 μοι
156 1952 265 2019 δοκέω
280 1953 433 2020 συνιέναι
455 1946 494 2018 τδ
518 1946 658 2037 γεγονὸς
673 1955 788 2036 τοῦτο,
817 1939 1019 2036 ύβασιλεῦ·
1051 1950 1085 2016 ot

90 2047 178 2135 μάγοι
193 2056 263 2120 είσί
272 2077 323 2120 τοι
333 2054 369 2120 oc
376 2055 632 2137 ἐπανεστεῶτες,
646 2051 708 2120 τόν
719 2076 755 2118 τε
770 2057 879 2132 έλιπες
892 2045 1084 2138 μελεδωνὸν

91 2153 149 2214 τῶν
158 2153 294 2235 οίιιίων,
307 2155 507 2236 Πατιζείθης
520 2150 576 2217 καλ
586 2145 605 2217 6
615 2147 739 2216 τούτου
752 2145 915 2235 ἀδελφεὸς
924 2151 1081 2236 Σμέρδις.

89 2241 243 2314 Ἐνθαῦτα
269 2242 462 2316 ἀκούσαντα
487 2247 671 2336 Καμβύσεα
698 2244 734 2314 τδ
762 2249 929 2334 Σμέρδιος
953 2245 1082 2333 οὕνομα
1104 2261 1138 2316 64

91 2340 217 2432 ἔτυιίιεὴ
239 2343 382 2432 ἀλήθεια
402 2353 472 2415 τῶν
491 2372 527 2414 τε
549 2344 662 2432 λύγων
681 2348 736 2415 καὶ
756 2353 817 2413 τοῦ
838 2348 1017 2435 ἐνυπνίου,
1045 2344 1081 2427 ὃς

91 2445 191 2514 ἐδόκεε
206 2447 245 2514 έν
259 2451 305 2537 τῷ
319 2445 416 2538 ὕπνφ
431 2445 631 2533 ἀπαγγεῖλαί
641 2445 717 2515 τινά
732 2451 779 2531 οί,
797 2443 842 2525 ὡς
855 2451 1001 2533 Σμέρδις
1014 2447 1083 2530 ίξύ-

89 2568 178 2622 αενος
192 2545 227 2622 ές
241 2542 303 2612 τὸν
316 2546 493 2632 βασιλήων
508 2543 640 2631 θρόνον
661 2544 802 2624 ψαύσειε
815 2551 855 2634 τῇ
875 2553 1004 2635 κεφαλῇ
1020 2553 1082 2614 τοῦ

89 2637 239 2724 ούρανοῦ.
271 2641 395 2728 μαθων
418 2642 472 2730 δὲ,
505 2641 549 2722 ὡς
574 2641 684 2730 μάτην
703 2639 922 2722 ἀπολωλεκάς
947 2653 997 2730 είη
1022 2640 1081 2711 τόν

88 2734 256 2825 ἀδελφεὸν,
268 2737 426 2810 ἀπέκλαιε
439 2745 606 2828 Σμέρδιν,
621 2737 836 2819 ἀποκλαύσας
850 2743 886 2809 δὲ
900 2743 955 2810 καὶ
965 2765 1084 2828 περιη-

88 2836 242 2922 μεκτήσας
260 2844 301 2925 τῇ
320 2835 435 2929 ἀπάση
459 2845 616 2928 συμφορῇ
637 2835 853 2922 ἀναθρώσκει
878 2839 930 2907 έπλ
950 2836 1011 2907 τὸν
1025 2841 1083 2906 ἴπ-

87 2955 161 3019 πον,
182 2937 221 3003 έν
235 2935 303 3027 νύφ
319 2942 404 3024 ἔχων
416 2936 480 3024 τὴν
492 2944 649 3024 ταχίστην
664 2939 698 3017 ές
707 2944 825 3004 Σοῦσα
840 2935 1083 3020 στρατεύεσθαι

88 3032 133 3098 ἐπὶ
145 3031 207 3100 τὸν
222 3035 342 3122 μύγον.
364 3043 424 3105 καί
441 3041 475 3104 οί
488 3031 746 3121 ἀναθρώσκοντι
760 3036 813 3104 έπλ
827 3030 887 3103 τόν
902 3036 1007 3102 ἵππον
1021 3038 1084 3101 τοῦ

87 3138 222 3199 κουλεοῦ
242 3138 304 3200 τοῦ
325 3136 437 3218 ξίφεος
460 3130 479 3202 6
500 3135 609 3222 μύκης
629 3130 823 3220 ἀποπίπτει,
844 3130 1028 3217 γυμνωθὲν
1045 3133 1082 3199 δέ

86 3226 118 3294 τά
132 3234 226 3315 ξίφος
238 3237 329 3299 παίει
343 3228 404 3298 τὸν
417 3232 543 3320 μηρόν·
564 3232 806 3321 τρωματισθεὶς
823 3231 859 3297 δὲ
873 3227 957 3298 κατὰ
971 3235 1082 3318 τοῦτο,

83 3335 113 3418 τῇ
148 3325 248 3408 αιἰτδς
272 3329 440 3416 πρότερον
469 3334 531 3400 τὸν
560 3339 629 3400 τῶν
654 3334 849 3416 Αἰγυπτίων
878 3326 964 3398 θεὸν
985 3321 1084 3402 Ἀπιν

82 3431 211 3514 ἔπληξε,
237 3426 282 3507 ὥς
296 3433 331 3496 oc
344 3435 457 3520 καιρίη
471 3433 564 3510 ἔδοξε
578 3428 745 3512 τετύφθαι
752 3474 766 3521 ,ρ
785 3434 890 3513 εἴρετο
906 3425 923 3496 ὁ
939 3429 1084 3514 Καμβύ-
