2500 3925
151 192 213 258 136
526 199 778 258 ΗΕΗΟΒΟΤι

152 356 321 444 ἐνέμοντο,
333 362 402 424 τῶν
413 357 543 427 εἵνεκεν
554 354 847 445 ῦστερονΔαρελος
858 360 1066 446 ἐτιμωρέετο,
1083 359 1173 448 μήτε

151 450 235 523 κατά
248 452 289 522 τά
303 453 467 542 λεγόμενα
477 451 539 522 τόν
549 451 743 542 Ἀτρειδέων
753 458 786 535 ές
791 453 897 526 Ἴλιον
910 455 992 545 μήτε
1005 454 1069 526 τόν
1081 465 1174 528 Μυ-

152 562 223 624 σῦν
237 580 273 622 τε
286 557 342 622 καλ
360 560 520 642 Τευκριῦν
538 551 599 623 τόν
615 552 682 642 πρό
697 563 766 624 νῦν
785 564 945 644 Τρωικῦν
958 559 1170 646 γενόμενον,

152 659 188 722 οἳ
202 651 377 740 διαβάντες
398 653 432 731 ές
451 650 515 740 τὴν
534 648 707 741 Εῦριόπην
727 651 810 722 κατά
825 654 1004 743 Βόσπορον
1024 654 1114 733 τοῦς
1136 679 1173 722 τε

153 749 300 837 Θρήικας
313 752 577 837 κατεστρέψαντο
589 750 720 840 Ιπάντας
733 753 789 820 καλ
802 755 855 820 έπλ
869 748 929 822 τόν
938 750 1060 823 Ἰόνιον
1074 749 1172 820 πόν-

152 876 212 920 τον
228 853 415 940 ιιατέβησαν
430 852 526 938 μέχρι
546 876 583 918 τε
597 858 750 938 Πηνειοῦ
770 858 922 939 ποταμοῦ
937 878 974 920 το
993 848 1082 940 πρός
1106 877 1172 938 με·

107 961 139 1015 11
153 952 317 1036 σαμβρίης
329 945 467 1035 ἤλασαν.
490 941 599 1020 Αῦται
609 953 647 1019 αί
658 957 762 1021 πῦσαι
772 947 848 1020 οὐδ’
861 954 970 1039 ἕτεραι
980 948 1066 1040 πρὸς
1078 949 1173 1020 ταό·

152 1067 227 1136 τησι
237 1045 417 1136 γενόμεναι
428 1053 664 1134 στρατηλασίαι
674 1056 751 1138 μιῆς
760 1053 860 1136 τῆσδε
866 1045 932 1142 οῦκ
940 1047 1039 1132 άξιοι.
1052 1053 1092 1116 τί
1098 1044 1172 1133 γάρ

152 1142 217 1212 οῦκ
229 1144 334 1232 ἤγαγε
348 1149 386 1214 έκ
404 1153 462 1235 τῆς
475 1144 585 1235 Ἀσίης
601 1154 703 1231 ἔθνος
720 1152 773 1220 έπλ
788 1148 851 1239 την
862 1148 1004 1218 Ἐλλάδα
1018 1149 1172 1234 Ξέρξηςς

152 1256 248 1311 κοῖον
260 1241 296 1311 δέ
304 1243 489 1332 πινόμενόν
508 1275 568 1335 μιν
587 1242 905 1333 ῦδοιροόκέπέλιπε,
920 1240 1009 1331 πλὴν
1019 1252 1091 1314 τῶν
1104 1272 1171 1332 με,

156 1339 272 1427 χόλων
284 1351 461 1431 ποτομῦνς
482 1349 517 1416 οί
527 1347 590 1432 μέν
605 1343 670 1433 γάρ
690 1348 777 1434 νέας1
789 1350 1002 1433 παρείχοντο,
1025 1349 1061 1413 ολ
1075 1346 1118 1414 δὲ
1136 1347 1171 1424 ἐς

155 1438 256 1523 πεζὸν
270 1442 459 1532 ἐτετάχατο,
480 1459 566 1514 τοῖσι
581 1444 618 1513 δὲ
633 1447 734 1523 ἵππος
746 1447 1002 1532 προσετέτακτο,
1023 1459 1117 1512 τοῖσι
1131 1445 1171 1512 δὲ

155 1543 333 1634 λππαμιιγά
350 1554 467 1632 πλολα,
485 1544 555 1633 ἅμα
569 1548 877 1634 στρατευομένοισι,
897 1558 982 1614 τοῖσι
999 1543 1036 1616 δὲ
1055 1547 1091 1624 ές
1105 1543 1171 1624 τὰς

153 1647 305 1737 χεφῦρας
314 1645 445 1735 μακράς
458 1649 537 1729 νέας
546 1649 714 1737 παρέχειν,
726 1661 810 1717 τοῖσι
822 1650 859 1715 δὲ
870 1645 945 1726 σῖτά
955 1671 991 1714 τε
1001 1649 1057 1714 καλ
1070 1647 1166 1726 νέας.

105 1753 140 1808 ²²
158 1749 221 1818 Kal
240 1751 417 1834 τοῦτομὲν
437 1746 481 1830 ὡς
494 1748 794 1837 προσπταισάντων
813 1754 881 1816 τῶν
902 1748 1045 1836 πράτων
1065 1771 1169 1835 περι-

154 1847 340 1918 πλωόντων
351 1852 428 1934 περὶ
438 1846 622 1918 τόνἈδων
632 1847 886 1937 προετοιμάζετο
898 1849 935 1916 έκ
945 1853 1049 1934 τριῦν
1059 1847 1169 1916 ἐτέων

152 1973 216 2016 κου
228 1945 373 2032 μάλιστα
387 1949 421 2026 ές
433 1944 494 2017 τόν
507 1945 639 2018 Ἀδων·
668 1950 705 2017 έν
718 1945 784 2036 γάρ
800 1944 986 2019 Ἐλαιοῦντι
998 1953 1057 2035 τῆς
1071 1954 1168 2033 Χερ-

152 2044 302 2131 σονήσου
310 2044 442 2133 ὥρμεον
452 2048 612 2135 τριήρεες,
620 2050 782 2118 ένδεῦτεν
793 2044 1037 2135 δδὸρμεόμενοι
1049 2045 1167 2132 εῦρυσ-

152 2163 215 2213 σον
228 2141 297 2212 ῦπδ
308 2151 478 2231 μαστίγων
492 2149 699 2216 παντοδαποὶ
710 2153 768 2236 τῆς
781 2152 945 2233 στρατιῆς,
961 2144 1114 2231 διάδοχοι
1130 2140 1164 2209 δ’

156 2247 320 2330 ἐφοίτεον,
332 2240 489 2330 άρυσσον
506 2247 612 2314 δὲκαὶ
626 2250 661 2315 οί
672 2247 748 2331 περὶ
763 2240 947 2314 τδνἈδωο
963 2244 1166 2327 κατοικημέ-

155 2367 220 2410 νοι.
235 2340 413 2431 Βουβάρης
424 2342 461 2411 δὲ
471 2339 489 2411 ὁ
498 2344 703 2431 Μεγαβάζου
713 2345 769 2413 καλ
777 2341 967 2430 Ἀρταχαίης
978 2340 996 2411 ὁ
1008 2341 1166 2431 Ἀρταίου

157 2439 278 2529 ἄνδρες
287 2442 416 2529 Πέρσαι
429 2441 628 2513 έπεστάτεον
640 2449 702 2511 τοῦ
716 2448 828 2531 έρμου.
844 2438 881 2509 ‘0
894 2436 1079 2527 μάρἈθως
1093 2440 1166 2509 ἐστὶ

157 2536 259 2631 οῦρος
267 2543 351 2629 μέγα
361 2568 397 2610 τε
410 2545 466 2612 καλ
476 2540 698 2631 οῦνομαστόν,
712 2546 746 2623 ές
756 2540 935 2612 θάλασσαν
945 2545 1103 2629 κατῆκον,
1112 2545 1166 2608 ολ-

156 2647 303 2726 κημένον
316 2637 382 2709 ὑπ’
401 2638 606 2728 άνδριόπων.
629 2648 669 2730 τῇ
687 2645 724 2709 δὲ
740 2646 877 2729 τελευτᾷ
898 2640 931 2717 ές
945 2635 1007 2724 τὴν
1019 2633 1165 2724 ἤπειρον

152 2739 190 2809 τὸ
206 2732 319 2827 οῦρος,
334 2745 606 2828 χερσονησοειδές
615 2744 655 2811 τέ
662 2745 731 2813 έστι
745 2744 800 2811 καλ
811 2739 933 2827 ίσθμδς
948 2738 993 2819 ῦς
1008 2739 1164 2811 δυόδεκα

153 2843 309 2924 σταδίων,
324 2843 442 2907 πεδίον
454 2842 491 2908 δέ
501 2846 601 2907 τοῦτο
614 2842 671 2909 καλ
682 2842 826 2909 κολωνοὶ
837 2835 879 2907 οῦ
889 2837 1028 2925 μεγάλοι
1042 2840 1079 2907 ἐκ
1093 2847 1163 2905 θα-

153 2938 279 3025 λάσσης
292 2943 351 3023 τῆς
368 2934 557 3007 Ἀκανθίων
571 2940 626 3007 έπλ
639 2939 819 3008 θάλασσαν
831 2935 894 3023 τὴν
909 2934 1025 3006 άυτέον
1043 2934 1163 3019 Τυρά-

153 3061 222 3122 νης.
253 3037 290 3102 έν
310 3035 346 3102 δὲ
365 3041 412 3124 τῷ
432 3040 544 3125 ἰσθμῷ
560 3038 685 3128 τούτῳ,
707 3040 741 3117 ές
760 3035 822 3106 τόν
840 3041 978 3125 τελευτᾷ
998 3032 1017 3104 ὁ
1035 3030 1163 3117 Ἀδως,

152 3132 250 3219 Σάνη
264 3131 361 3210 πόλις
377 3130 493 3211 Ἑλλάς
508 3142 648 3220 οἴκηται.
677 3137 761 3205 αἰδὲ
777 3128 870 3212 έντός
886 3131 1019 3217 Σάνης,
1043 3136 1108 3201 έσω
1125 3131 1162 3225 δὲ

152 3228 315 3299 τοῦἈδω
332 3233 521 3318 οἰκημέναι,
535 3229 594 3311 τάς
609 3232 685 3301 τότε
696 3230 713 3301 ὁ
725 3234 858 3321 Πέρσης
870 3230 1071 3319 νησιάτιδας
1085 3228 1162 3299 άντί

152 3323 381 3411 ἠπειρωτίδων
393 3323 526 3415 ῦρμητο
536 3330 675 3416 ποιέειν,
686 3332 748 3399 είσλ
759 3334 842 3417 αἵδε,
856 3338 954 3416 Δίον,
965 3326 1159 3419 Ὀλόφυξος,

150 3418 355 3506 Ἀκρόδωον,
372 3423 515 3511 Θύσσος,
530 3433 693 3505 Κλεωναί.
715 3426 906 3514 πόλιεςμὲν
921 3419 1037 3515 αῦται,
1053 3425 1160 3495 αἳτδν
