2500 3925
158 241 219 308 11⁶
530 245 779 306 ντοοοοτι
848 219 863 230 “

155 407 192 477 δὲ
209 407 315 496 ἐρήμη
330 402 384 474 ἐπ’
400 409 535 474 ἑωυτῶν
548 407 686 474 κέεσθαι
704 399 806 491 αὐτὰ,
829 404 884 472 καλ
898 399 960 492 τήν
975 402 1067 493 ώρην
1081 406 1150 474 έιια-

137 507 280 594 ,γινέειυ
291 525 352 592 σφι
363 503 475 591 αἶγας,
491 504 664 592 πλήσαντα
675 503 712 572 δέ
722 508 784 570 τοῦ
794 501 958 588 γάλακτος
971 496 1076 574 τᾶλλα
1087 509 1153 572 θια-

154 606 375 696 πρήσσεσθαι.
398 612 503 673 ταῦτα
518 602 551 673 δ’
567 607 679 674 έποίεέ
695 604 802 672 τεκαὶ
823 605 1008 672 ἐνετέλλετο
1025 600 1043 672 ὁ
1065 612 1155 690 Ψαμ-

152 706 283 795 μήτιχος
295 701 421 772 ἐθέλων
438 701 581 794 ἀκοῦσαι
598 710 667 772 τών
690 705 851 788 παιδίων,
879 697 1155 788 ἀπαλλαχθέντων

154 811 222 872 τῶν
236 801 376 890 ἀσήμων
392 802 631 890 κνυζημάτων,
647 799 768 888 ήντινα
783 796 903 890 φωνήν
916 798 1054 887 ῥήξουσι
1068 799 1156 888 πρώ·

152 930 224 991 την.
265 901 370 991 τάπερ
386 895 435 971 ών
448 904 504 972 καλ
518 903 658 987 ἐγένετο.
694 897 737 978 ὡς
750 895 815 986 γὰρ
831 899 939 984 διέτης
952 897 1072 985 χρόνος
1088 899 1156 984 ἐγε-

153 1002 252 1088 γόνεε
265 1007 370 1070 ταῦτα
383 1007 429 1092 τῷ
440 1003 574 1088 ποιμώιι
584 999 779 1087 πρήσσοντι,
795 993 965 1084 άνοίγοντι
976 993 1038 1084 τήν
1048 993 1157 1083 θύρην

153 1102 210 1170 καὶ
234 1098 359 1169 έσιόντι
385 1096 425 1166 τά
451 1103 567 1167 παιδία
592 1095 766 1185 ιἰμφότερα
790 1100 1040 1184 προσπίπτοντα
1064 1090 1157 1181 βεκός

154 1198 324 1286 έφώνεον,
343 1196 505 1287 όρέγοντα
519 1195 579 1278 τὰς
592 1211 713 1285 χεῖρας.
734 1192 775 1263 τά
791 1191 908 1283 μὲνδὴ
925 1201 1040 1283 πρώτα
1055 1191 1157 1262 άκοό-

154 1315 215 1376 σας
228 1295 353 1384 ήσυχος
369 1288 414 1384 ήν
429 1294 447 1366 ὁ
464 1293 607 1384 ποιμήν,
630 1293 674 1375 ὡς
690 1296 726 1364 δὲ
741 1293 901 1373 πολλάκις
923 1298 1089 1380 φοιτέοντι
1105 1296 1158 1362 καλ

154 1396 382 1487 ἐπιμελομένῳ
396 1392 524 1465 πολλὸν
543 1389 588 1483 ήν
604 1401 704 1463 τοῦτο
719 1391 756 1462 τό
773 1399 868 1482 ἔπος,
891 1391 981 1462 οὕτω
997 1391 1037 1481 δή
1053 1391 1159 1480 σημή-

153 1520 214 1573 νας
236 1501 283 1584 τηλ
305 1494 450 1583 δεσπότῃ
470 1493 575 1583 ἤγαγε
597 1491 639 1562 τά
654 1498 770 1564 παιδία
788 1494 1009 1574 κελεύσαντος
1033 1495 1066 1573 ές
1081 1491 1159 1575 ὅφιν

153 1588 216 1678 τήν
232 1595 373 1662 ἐκείνου.
397 1590 545 1674 ἀκούσας
561 1592 598 1662 δέ
613 1595 670 1662 καὶ
686 1590 787 1674 αὐτός
803 1590 1045 1681 όΨαμμήτιχος
1056 1594 1161 1661 ἐπυν-

153 1691 298 1778 θάνετο,
321 1695 442 1772 οἵτινες
458 1690 656 1780 ἀνθρώπων
672 1692 771 1780 βεκός
785 1717 817 1760 τι
833 1694 1007 1778 καλέουσι,
1023 1700 1161 1760 πυνθα·

153 1792 297 1878 νόμενος
312 1791 349 1861 δὲ
366 1785 651 1880 εόρισκεῢρόγας
665 1793 845 1872 καλέοντας
858 1789 919 1861 τόν
934 1789 1046 1880 ἄρτον.
1070 1791 1160 1861 οὕτω

153 1890 393 1979 συνεχώρησαν
412 1892 611 1981 Αἰγύπτιοι,
640 1894 695 1962 καὶ
720 1892 861 1986 τοιοότφ
885 1891 1160 1981 σταθμησάμενοι

27 2065 34 2074 ‚
152 1991 339 2080 πρήγματι,
367 1989 447 2071 τούς
468 1992 606 2081 Φρύγας
630 1994 878 2081 πρεσβυτέρους
902 1991 987 2061 εἶναι
1013 1994 1159 2061 ἑωυτῶν.

125 2082 226 2159 ame
245 2090 309 2177 μέν
323 2093 483 2177 γενέσθαι
499 2100 568 2162 τών
587 2094 689 2181 ἱρέων
706 2100 767 2161 τοῦ
778 2092 963 2181 Ἡφαίστου
985 2096 1022 2171 ἐν
1037 2097 1162 2183 Μέμφι

152 2186 289 2277 ήκουον.
326 2186 483 2277 Ἕλληνες
499 2190 535 2260 δὲ
549 2194 686 2278 λέγουσι
703 2190 787 2260 ἄλλα
800 2218 836 2261 τε
846 2193 971 2280 μάταια
981 2190 1088 2265 πολλὰ
1105 2192 1163 2259 καὶ

154 2286 199 2367 ώς
214 2294 388 2373 γυναικών
408 2287 468 2369 τάς
491 2291 644 2375 γλώσσας
664 2287 682 2359 ὁ
700 2294 912 2378 Ψαμμήτιχος
929 2289 1082 2380 ἐκταμών
1097 2287 1165 2378 τήν

153 2391 285 2456 δίαιταν
313 2386 402 2457 οὕτω
434 2390 611 2477 ἐποιήσατο
641 2396 710 2458 τών
734 2393 878 2457 παιδίων
904 2386 995 2479 παρὰ
1019 2390 1166 2479 ταότησι

152 2492 227 2575 τῇσι
251 2491 394 2571 γυναιξί.
418 2484 512 2556 Κατὰ
529 2489 592 2575 μέν
615 2485 656 2576 δή
682 2485 745 2577 τήν
768 2484 900 2575 τροφήν
923 2494 992 2556 τών
1014 2493 1168 2557 παιδίων

152 2592 298 2655 τοσαῦτα
312 2591 447 2674 ἔλεγον,
467 2584 597 2675 ήκουσα
614 2589 652 2657 δέ
668 2591 724 2656 καλ
737 2585 821 2656 άλλα
833 2588 871 2655 έν
885 2589 1024 2675 Μέμφι,
1045 2584 1169 2656 ἐλθών

153 2688 186 2766 ές
200 2686 323 2774 λόγους
335 2701 422 2757 τοῖσι
435 2692 545 2775 ἱρεῦσι
557 2695 620 2759 τοῦ
631 2686 833 2776 Ἡφαίστου·
854 2689 910 2761 καὶ
924 2684 965 2775 δή
976 2689 1032 2756 καὶ
1043 2689 1077 2766 ές
1089 2686 1171 2774 Θή·

151 2793 214 2874 βας
226 2810 263 2853 τε
279 2786 335 2853 καὶ
348 2788 382 2865 ές
397 2783 513 2855 Ἡλίου
526 2784 757 2859 πόλιναύτῶν
771 2786 901 2855 τούτων
919 2788 1048 2855 εἵνεκεν
1061 2787 1173 2871 ἐτρα-

151 2882 283 2971 πόμην,
303 2886 434 2954 ἐθέλων
453 2888 594 2972 εἰδέναι,
616 2892 647 2955 εἰ
667 2884 896 2974 συμβήσονται
916 2898 1002 2953 τοῖσι
1027 2882 1173 2969 λόγοισι
1245 2890 1246 2911 λ

151 2998 235 3052 τοῖσι
257 2986 295 3051 έν
309 2985 446 3070 Μέμφι·
469 2989 504 3054 ολ
517 2981 704 3075 γάρἩλίου
714 2991 863 3074 πολιῆται
878 2987 1032 3073 λέγονται
1048 2991 1176 3071 Αἰγυ-

149 3089 256 3152 πτίων
271 3079 355 3151 εἶναι
370 3082 575 3169 λογιώτατοι.
609 3081 650 3152 τά
674 3086 736 3172 μέν
757 3109 824 3152 νυν
843 3093 922 3179 θεῖα
942 3090 1011 3153 τῶν
1025 3079 1178 3171 ἇιτηγη-
1244 3084 1245 3108 ³

148 3184 265 3269 μα’των
279 3178 333 3253 οἷα
348 3180 494 3272 ήκουον,
515 3181 579 3253 οὐκ
594 3176 659 3273 εἰμὶ
672 3184 851 3273 πρόθυμος
864 3185 1076 3271 ἐξηγέεσθαι,
1100 3188 1177 3265 ἔξω

119 3287 126 3297 ’
148 3277 224 3368 ήτά
242 3277 413 3368 οὐνόματα
429 3278 542 3351 αὐτῶν
558 3289 706 3371 μοῦνον,
721 3288 865 3371 νομίζων
876 3283 1004 3362 πάντας
1015 3279 1178 3367 ἀνθρώ·
1243 3276 1244 3300 ’

148 3406 233 3461 πους
247 3390 322 3449 ἴσον
338 3384 414 3468 περὶ
427 3378 541 3451 αὐτῶν
556 3385 770 3453 ἐπίστασθαι·
791 3379 832 3453 τά
841 3380 874 3449 δ’
886 3380 929 3448 ἂν
941 3380 1179 3467 ἐπιμνησθέω

148 3476 277 3567 αὐτῶν,
298 3476 365 3550 ὑπὸ
380 3487 441 3550 τοῦ
458 3480 562 3569 λόγου
583 3481 885 3571 ἐξαναγκαζόμενος
903 3482 1178 3571 ἐπιμνησθήσο-
1242 3470 1243 3494 ’
