2500 3925
166 215 208 276 54
346 265 353 278 ,
544 215 798 273 HERODOTI

166 377 316 467 πονήσας.
355 375 467 455 Ἰωνες
481 372 548 462 γὰρ
565 383 676 442 οίκασι
692 379 771 460 έμεύ
788 375 822 454 ἐξ
837 370 1028 462 ὀφθαλμοῖν
1040 396 1104 463 σφι
1117 404 1178 464 γε-

166 479 314 566 νομένου
335 485 470 565 ποιῆσαι
489 482 558 543 τῶν
577 475 682 545 πύλαι
701 479 820 563 ίμερον
842 474 947 563 είχον·
975 481 1052 566 έμέο
1076 477 1109 547 δ’
1133 476 1180 547 ἂν

167 577 282 657 έόντος
302 579 339 646 έν
355 575 463 666 Ἰωνίη
482 573 622 662 ούδεμία
644 576 741 656 πόλις
759 577 949 665 ύπεκίιησε.
979 586 1046 647 νῦν
1065 573 1115 649 ύν
1132 579 1180 660 ὡς

167 679 265 765 τάχος
280 703 321 764 με
336 675 418 756 ἄπες
432 683 645 764 πορευθῆναι
659 679 692 755 ές
708 673 854 763 Ἰωνίην,
874 680 933 744 ίνα
946 704 999 747 τοι
1013 680 1125 748 ἐκεῖνό
1141 705 1180 748 τε

167 778 278 846 πάντα
291 784 478 865 καταρτίσω
493 779 526 854 ἐς
540 771 666 861 τιόυτό,
681 778 737 843 καί
749 773 811 843 τόν
820 775 979 864 Μιλήτου
993 779 1178 863 ἐπίτροπον

167 882 289 944 τοῦτον
303 875 365 943 τόν
377 882 482 943 ταῦτα
493 874 774 962 μηχανησάμενον
783 877 1009 961 ἐγχειρίθετον
1022 881 1175 964 παραδῶ.

165 979 270 1040 ταῦτα
287 971 325 1040 δέ
344 970 427 1040 κατὰ
445 972 530 1040 νόον
548 970 610 1041 τόν
629 969 693 1040 σόν
711 973 853 1059 ποιήσας
875 971 982 1053 θεούς
1004 973 1177 1061 ἐπόμνυμι

166 1067 247 1148 τούς
263 1077 458 1156 βασιληίους
474 1067 518 1156 μή
534 1070 597 1156 μέν
611 1069 779 1156 πρότερον
793 1069 1003 1139 ἐκδύσασθαι
1015 1070 1077 1139 τόν
1088 1078 1176 1158 ἔχων

165 1176 299 1236 κιδοίνα
313 1170 544 1258 καταβήσομαι
557 1171 591 1248 ἐς
600 1165 747 1257 Ἰωνίην,
762 1171 843 1258 πρὶν
853 1166 897 1237 ἅν
907 1194 960 1237 τοι
971 1168 1096 1258 Σαρδύ
1110 1177 1176 1257 νῆ-

97 1285 148 1337 107=
158 1286 219 1336 σον
231 1266 295 1355 τήν
307 1274 468 1356 μεγίστην
481 1262 700 1355 δασμοφόρον
717 1267 855 1353 ποιήσω.
869 1261 1023 1347 Ἱστιαίος
1035 1267 1098 1354 μέν
1115 1268 1177 1336 λέ-

161 1393 234 1454 γων
246 1373 352 1436 ταύτα
369 1370 532 1452 διέβαλλε,
551 1378 698 1452 Δαρείος
712 1367 750 1435 δέ
764 1371 917 1436 ἐπείθετο
929 1375 989 1435 καί
1001 1395 1059 1455 μιν
1071 1366 1176 1456 ἀπίει,

160 1465 400 1553 ἐντειλάμενος,
413 1463 516 1535 έπεδν
525 1463 566 1533 τό
577 1463 739 1552 ὑπέσχετό
749 1469 784 1532 οί
791 1465 941 1532 έπιτελέιι
953 1463 1088 1550 ποιήση,
1100 1486 1169 1529 πα-

155 1569 363 1652 ραγίνεσθαί
375 1571 409 1633 οἱ
421 1563 527 1635 ὀπίσω
544 1564 632 1646 έςτὰ
645 1572 772 1634 Σοῦσα,
1069 1645 1074 1654 .

95 1691 146 1744 108
240 1664 295 1735 Ἐν
312 1659 340 1758 ᾦ
350 1669 387 1736 δέ
400 1665 421 1756 ή
436 1666 573 1755 ἀγγελίη
583 1693 619 1736 τε
629 1671 784 1753 περὶτῶν
793 1672 953 1754 Σαρδίων
962 1663 1055 1752 παρὰ
1068 1673 1169 1753 βασι-

160 1767 218 1833 λέα
235 1762 331 1850 ἀνήιε
345 1769 400 1833 καί
410 1775 555 1852 Δαρείος
568 1763 609 1833 τὰ
620 1768 697 1849 περὶ
710 1762 748 1833 τό
761 1763 861 1845 τόξον
874 1765 1016 1852 ποιήσας
1025 1761 1166 1853 Ἱστιαίμ

160 1867 194 1943 ές
210 1863 333 1950 λόγους
352 1858 438 1951 ἦλθε
458 1871 513 1934 καί
526 1864 679 1945 Ἱστιαῖος
699 1868 914 1954 μεμετιμένος
930 1864 998 1934 ὑπό
1014 1872 1167 1951 Δαρείου

160 1968 325 2050 ἐκομίζετο
341 1968 395 2034 έπὶ
409 1966 605 2054 θάλασσαν,
621 1969 659 2035 έν
671 1965 781 2058 τούτῳ
794 1968 894 2033 παντί
907 1971 954 2056 τῷ
966 1965 1078 2056 χρόνῳ
1095 1967 1166 2049 έγί-

158 2088 235 2130 νετο
250 2062 346 2132 τάδε·
371 2067 603 2153 πολιορκέοντι
619 2073 666 2157 τῷ
680 2072 876 2157 Σαλαμινίῳ
888 2062 1049 2157 Ὀνησίλῳ
1063 2062 1166 2150 Ἀμα-

159 2168 323 2242 δουσίους
342 2167 569 2250 ἐξαγγέλλεται
589 2167 691 2251 νηυσὶ
710 2161 869 2251 στρατιήν
889 2160 1020 2250 πολλήν
1039 2160 1166 2248 ἄγοντα

157 2257 330 2347 Περσικήν
339 2258 516 2349 Ἀρτύβιον
532 2262 640 2351 ἄνδρα
654 2266 791 2349 Πέρσην
810 2261 1040 2348 προσδόκιμον
1055 2263 1088 2338 ές
1102 2257 1165 2345 τήν

158 2356 302 2445 Κύπρον
317 2357 411 2429 εἶναι.
433 2362 628 2449 πυθόμενος
640 2364 676 2429 δέ
686 2356 820 2428 ταῦταὸ
833 2357 1005 2445 Ὀνήσιλος
1014 2356 1165 2445 κήρυκας

158 2456 317 2542 διέπεμπε
328 2459 360 2535 ές
370 2455 433 2545 τήν
443 2456 582 2546 Ἰωνίην,
597 2456 857 2544 έπικσλεόμενός
868 2477 981 2543 σφεας.
1002 2455 1115 2536 Ἴωνες
1127 2460 1165 2526 δὲ

158 2550 221 2621 ούκ
233 2556 266 2632 ές
276 2555 408 2642 μακρήν
419 2559 686 2645 βουλευσόμενοι
695 2550 780 2642 ήκον
789 2564 903 2646 πολλῷ
913 2556 1030 2648 στόλῳ.
1053 2551 1165 2635 Ἰωνές
1246 2577 1247 2586 ’

157 2678 193 2721 τε
208 2652 249 2739 δή
264 2662 419 2742 παρῆσαν
433 2661 466 2736 ές
477 2656 540 2745 τήν
550 2657 711 2743 Κύπρον,
723 2660 779 2723 καί
789 2661 824 2724 οί
833 2659 960 2742 Πέρσαι
973 2659 1073 2743 νηυσί
1089 2660 1165 2723 δια·
1245 2705 1246 2744 ,

157 2755 277 2841 βτίντες
299 2757 336 2821 έκ
356 2764 413 2842 τῆς
427 2764 579 2843 Κιλικίης
599 2754 701 2843 ήισαν
721 2757 774 2823 έπί
793 2752 855 2840 τήν
868 2763 1046 2840 Σαλαμῖνα
1066 2761 1162 2844 πεζή·

155 2860 230 2941 τῇσι
242 2854 278 2920 δὲ
292 2859 392 2940 νηυσὶ
403 2861 438 2924 οί
451 2862 603 2935 Φοίνικες
617 2857 827 2942 περιέπλωον
841 2850 904 2940 τήν
919 2851 1037 2940 ἄκρην,
1053 2859 1091 2921 αἳ
1100 2878 1159 2920 κα-
1244 2873 1245 2904 ¹

91 2966 139 3020 109
155 2953 286 3019 λέονται
307 2956 450 3039 Κληῖδες
467 2963 525 3040 τῆς
538 2955 692 3041 Κύπρου.
732 2953 865 3021 Τούτου
879 2954 917 3020 δὲ
930 2954 1089 3021 τοιούτου
1108 2980 1160 3037 γι·
1243 2997 1244 3064 ρ

128 3080 130 3087 ·
155 3054 303 3137 νομένου
314 3058 429 3133 ἔλεξαν
445 3060 479 3122 oi
490 3055 652 3141 τύραννοι
662 3061 720 3140 τής
732 3053 887 3139 Κύπρου,
900 3055 1164 3137 συγκαλέσαντες
1242 3135 1243 3138 ¹

155 3159 224 3219 τῶν
241 3148 364 3219 Ἰοόνων
376 3158 456 3230 τούς
477 3152 699 3241 στρατηγούς
728 3147 1163 3236 ”Ανδρες”1ωνες,αίρεσιν
1242 3147 1243 3224 ό

153 3248 238 3335 ὑμίν
264 3252 401 3335 δίδομεν
425 3247 520 3337 ἡμεῖς
541 3258 575 3319 οί
595 3253 761 3339 Κύπριοι,
784 3247 970 3337 ὁκοτέροισι
994 3250 1163 3336 βούλεσθε

155 3350 424 3433 προσφέρεσθαι,
444 3345 466 3435 ἦ
487 3355 636 3440 Πέρσησι
655 3347 678 3437 ἢ
698 3356 838 3430 Φοίνιξι.
868 3356 900 3417 εί
917 3349 979 3436 μὲν
998 3347 1063 3436 γὰρ
1084 3355 1162 3438 πεζή

156 3442 322 3525 βούλεσθε
336 3450 514 3532 ταχθέντες
528 3455 688 3539 Περσέων
702 3455 952 3538 διαπειρᾶσθαι,
968 3449 1038 3537 ὤρη
1056 3446 1101 3518 ἂν
1111 3460 1162 3538 είη
