2500 3925
343 234 428 291 LIB.
459 234 519 289 Vll.
552 233 652 292 cAP.
686 238 861 296 136-139.
1045 230 1106 297 179

94 391 180 479 πρός
192 401 255 462 τοῦ
270 394 463 483 βαρβάρου,
484 398 519 462 οί
531 394 568 461 δέ
585 390 628 460 οῦ
644 391 759 471 δόντες
774 396 812 461 έν
828 399 956 482 δείματι
971 395 1104 485 μεγάλῳ

95 497 300 563 κατέστασαν
309 492 368 563 ἀτε
377 491 455 563 οῦτε
465 494 709 561 νεῦνέουσέων
720 492 758 558 ἐν
768 498 808 580 τή
817 490 947 561 Ἑλλάδι
956 489 1105 579 ἀριθμόν

2 593 4 600 ’
95 591 285 683 ἀξιομάχων
301 598 461 664 δέκεσθαι
480 591 541 662 τόν
556 592 693 661 ἐπιόντα
709 589 786 660 οὔτε
803 594 1022 679 βουλομένων
1037 598 1105 660 τῶν

93 699 230 761 πολλῶν
246 691 475 763 ἀντάπτεσθαι
489 699 552 760 τοῦ
566 693 732 777 πολέμου,
747 690 954 777 μηδιζόντων
970 697 1005 760 δὲ
1020 717 1106 779 προ-

2 816 13 855 ε
94 793 224 879 θόμως.
260 793 427 863 Ἐνθαῦτα
447 792 613 881 ἀναγκαίη
631 794 804 877 ἐξέργομαι
825 792 965 879 γυιόμην
982 790 1106 861 ἀποδέ·
1121 800 1172 855 1³⁹

3 901 15 923 ’·
96 897 220 969 ξασθαι
241 894 432 977 ἐπίφθονον
446 894 509 979 μὲν
528 889 614 978 πρὸς
633 896 702 957 νῦν
722 890 877 959 πλεόνων
897 889 1103 981 ἀνθρώπων,

95 987 186 1075 ὅμως
198 988 251 1076 δὲ,
261 996 302 1079 τή
311 988 346 1077 γ’
358 994 431 1078 ἐμοὶ
442 997 597 1077 φαίνεται
608 987 694 1057 εἶναι
704 986 840 1077 ἀληθές,
853 989 916 1059 οῦκ
927 991 1104 1079 ἐπισχήσω.

95 1092 127 1154 εί
135 1084 308 1173 Ἀθηναῖοι
319 1089 638 1178 καταρρωδήσαντες
648 1085 709 1157 τόν
716 1088 853 1157 ἐπιόντα
865 1094 1028 1159 κίνδυνον
1035 1090 1101 1169 έξέ

7 1244 11 1250 .
94 1194 195 1253 λιπον
208 1183 270 1272 τήν
283 1193 468 1276 σφετέρην,
482 1182 571 1275 ήκαὶ
580 1183 626 1274 μή
642 1187 833 1266 ἐκλιπόντες
865 1184 949 1255 ἀλλά
965 1194 1104 1274 μείναν-
1190 1258 1193 1269 ,

93 1314 148 1366 τες
161 1291 283 1355 ἐδοσαν
293 1288 398 1372 σφέας
410 1283 535 1365 αῦτοῦς
545 1289 662 1375 Ξέρξη,
677 1284 760 1353 κατά
774 1282 837 1372 τήν
850 1286 1028 1355 θάλασσαν
1043 1282 1104 1353 οῦ-

5 1404 15 1458 λ,
96 1387 194 1471 δαμολ
207 1378 252 1451 ἀν
262 1381 450 1470 έπειρέοντο
461 1382 675 1471 ἀντιεῦμενοι
690 1386 827 1472 βασιλέϊ.
852 1390 883 1452 εί
891 1390 1008 1453 τοίνυν
1018 1382 1103 1452 κατά

3 1497 15 1551 ³:
93 1480 157 1570 τήν
172 1481 351 1550 θάλασσαν
366 1484 482 1569 μηδείς
501 1479 660 1569 ἠντιοῦτο
674 1486 796 1571 Ξέρξη,
817 1480 902 1550 κατά
920 1508 958 1567 γε
978 1477 1022 1549 ἀν
1039 1478 1103 1567 τήν

5 1601 13 1610 ·’
93 1580 236 1669 ἤπειρον
250 1581 363 1649 τοιάδε
377 1585 522 1668 ἐγένετο·
550 1589 582 1651 εί
593 1586 650 1651 καὶ
670 1584 787 1651 πολλοὶ
803 1583 939 1668 τειχέων
958 1586 1103 1657 κιθῶνες

10 1707 13 1714 ’
93 1673 183 1764 ἦσαν
196 1681 393 1766 ἐληλαμένοι
407 1678 463 1747 διά
474 1686 536 1749 τοῦ
546 1677 684 1766 Ἰσθμοῦ
694 1685 1006 1765 Πελοποννησίοισι,
1017 1703 1103 1766 προ-

3 1797 5 1812 ·
94 1780 253 1855 δοθέντες
263 1774 574 1865 ἀνΛακεδαιμόυιοι
584 1775 651 1845 ῦπδ
659 1785 728 1847 τῶν
739 1778 923 1865 συμμάχων
931 1774 995 1845 οῦκ
1004 1776 1102 1845 ἐκόν-

93 1904 162 1945 των
195 1875 271 1947 ἀλλ’
287 1875 348 1946 ὑπ’
363 1877 564 1967 ἀναγκαίης,
581 1876 666 1948 κατὰ
683 1878 779 1958 πόλις
793 1877 1023 1966 ἁλισκομένων
1033 1872 1099 1945 ῦπό

4 2007 6 2020 ·
92 1984 155 2046 τοῦ
163 1985 326 2046 ναυτικοῦ
336 1975 1101 2066 στρατοῦτοῦβαρβάρου,ἐμοννάθησαυ,μου-

8 2121 14 2159 .=
92 2078 261 2153 νωθεντες
271 2073 344 2143 δε
322 2103 367 2143 αν
376 2080 432 2145 καὶ
442 2075 685 2164 ἀποδεξάμενοι
696 2083 778 2164 ἐργα
787 2078 916 2165 μεγαλα
926 2075 1101 2146 ἀπέθανον

2 2227 6 2273 3
91 2169 308 2260 γενναίως.
286 2203 307 2262 η
322 2182 426 2244 ταῦτα
436 2171 481 2245 ἀν
491 2170 666 2262 ἔπαθον,
647 2173 742 2263 ηπρό
753 2201 815 2244 του
800 2169 1012 2264 ὁρέοντες
990 2200 1035 2242 αν
1046 2177 1102 2241 καλ

7 2321 12 2370 3
90 2269 172 2352 τοῦς
184 2269 308 2352 αλλους
314 2271 476 2362 Ἕλληνας
488 2280 683 2362 μηδίζοντας
694 2271 909 2396 ὁμολογίηάν
919 2274 1100 2362 ἐχρήσαντο

6 2404 9 2409 ⁴
90 2367 177 2458 πρὸς
186 2373 324 2458 Ξέρξην,
339 2371 453 2442 καλ“
408 2399 499 2441 ουτω
510 2370 555 2441 ἀν
566 2371 651 2442 έπΗ
633 2368 837 2460 αμφότεραή
847 2370 963 2452 Ελλάς
973 2376 1100 2460 ἐγίνετο

84 2467 158 2536 ῦπό
169 2469 329 2557 Πέρσησι.
343 2468 482 2559 τήνγάρ
501 2465 651 2556 ἀφελίην
670 2468 731 2556 τήν
742 2477 810 2535 τῶν
821 2474 954 2554 τειχέων
964 2475 1032 2537 τῶν
1043 2467 1098 2536 διά

90 2572 152 2634 τοῦ
170 2563 308 2650 Ἰσθμοῦ
324 2569 536 2654 ἐληλαμένων
556 2565 598 2634 οῦ
618 2567 766 2652 δυ’ναμαι
781 2567 954 2636 πυθέσθαι
969 2565 1041 2652 ήτις
1055 2563 1099 2633 ἀν

90 2657 134 2751 ήν
148 2666 304 2750 βασιλέος
319 2665 572 2752 ἐπικρατέοντος
585 2671 643 2752 τής
657 2662 840 2750 θαλάσσης.
864 2669 930 2731 νῦν
947 2667 983 2732 δέ
997 2662 1099 2786 Ἀθη-

90 2758 243 2840 ναίονς”
221 2786 266 2829 αν
278 2787 328 2841 τις
342 2766 451 2848 λέγων
465 2771 616 2851 σωτῆρας
628 2762 839 2848 γενέσθαι
800 2788 857 2848 της
866 2759 1075 2842 Ἑλλάδος’
1036 2789 1099 2832 ουκ

91 2886 332 2949 αναμαρτανοι
341 2860 521 2951 ταληθεος
537 2890 631 2932 ουτοι
641 2889 706 2950 γαρ
718 2857 796 2932 ἐπι
782 2888 921 2949 οκοτερα
931 2888 1000 2930 των
1010 2887 1099 2949 αρη

90 2962 227 3049 γμάτων
237 2962 433 3052 ἐτράποντο,
446 2973 550 3034 ταῦτα
561 2957 677 3054 ῥέψειν
688 2957 812 3050 ἐμελλε.
826 2962 977 3049 ἑλόμενοι
989 2961 1071 3031 δέ
1036 2990 1098 3050 την

85 3058 227 3129 Ἐλλάδα
240 3077 407 3150 περιεῖναι
420 3065 621 3152 ἐλευθέρην,
644 3068 742 3131 τοῦτο
758 3058 795 3130 τό
814 3059 1010 3148 Ἑλληνικόν
1029 3068 1098 3130 τάν

91 3159 128 3229 τό
149 3159 331 3249 λοιπόν,”
310 3185 394 3232 οσον
407 3191 453 3252 μη
440 3165 624 3252 ἐμήδισε,
647 3153 800 3232 αὐτοὶ
757 3187 850 3230 ουτοι
868 3153 955 3247 ήσαν
974 3156 1042 3222 οῖ’
1025 3181 1101 3227 επε-

91 3264 260 3346 γείραντες
275 3262 331 3328 καὶ
348 3264 486 3348 βασιλέα
502 3262 585 3349 μετά
596 3289 636 3348 γε
651 3259 757 3340 θεοῦς
774 3258 996 3346 ἀνωσάμενοι.
1019 3253 1102 3330 οὐδέ

8 3427 10 3457 Ι
91 3378 195 3444 σφεας
207 3357 390 3446 χρηστήρια
405 3361 534 3449 φοβερά
551 3361 696 3430 ἐλθόντα
711 3358 1024 3445 έκΛελφωνκαὶές
1040 3357 1105 3422 δει-

8 3526 10 3553 ,
91 3483 136 3540 μα
156 3454 305 3543 βαλόντα
324 3461 434 3526 έπεισε
456 3456 659 3527 ἐκλιπεῖν
622 3486 685 3546 την
705 3455 862 3545 Ἐλλάδα,
891 3451 975 3609 oga?
994 3474 1099 3519 κατα-
