2500 3925
174 263 240 331 230
553 266 807 325 HERODOTI

174 425 412 494 καταπλώουσι
426 425 463 493 δέ
477 426 511 504 ές
529 422 593 513 τήν
605 426 729 513 Σάμον
742 428 964 515 Πολυκράτης
976 430 1078 515 υηυσλ
1091 424 1170 495 άνιι·

175 524 259 604 όσας
289 526 323 603 ές
347 522 458 610 μάχην
483 527 640 611 κατέστη·
672 527 871 613 νικήσαντες
895 527 933 595 δέ
958 532 994 597 ολ
1015 527 1173 606 κατιόντες

174 624 347 712 ἀπέβησαν
375 624 408 702 ές
430 620 496 711 τήν
522 630 646 711 νῆσον,
669 626 954 713 πεζομαχήσαντες
978 627 1017 694 δὲ
1039 627 1078 694 έν
1101 622 1174 713 αύτή

175 722 393 808 ἑσσώθησαν,
415 723 471 790 καὶ
488 720 579 790 οὕτω
594 720 635 810 δή
655 728 787 793 ἔπλωον
800 727 834 803 ές
847 728 1093 810 Λακεδαίμονα
1124 725 1173 791 ελσλ

175 822 212 891 δέ
227 828 261 891 ολ
273 824 412 908 λέγουσι
429 818 509 901 τούς
528 819 589 890 ἀπ’
604 822 782 909 Αἰγύπτου
802 828 938 910 νικήσαι
952 822 1173 907 Πολυκράτει,

174 923 328 1008 λέγοντες
345 921 418 1006 έμολ
429 923 561 990 δοκέειν
575 918 639 989 ούκ
653 918 775 1007 ὀρθῶς.
797 918 900 990 οὐδέν
914 918 979 1009 γάρ
995 922 1070 991 ἒόεέ
1081 939 1172 1006 σφεας

172 1027 460 1110 Λακεδαιμονίους
478 1021 726 1108 ἐπικαλέεσθαι,
739 1030 832 1107 ελπερ
851 1016 946 1089 αὐτοὶ
969 1020 1080 1089 ίκανολ
1096 1012 1173 1107 ἦσαν

29 1201 30 1216 ,
174 1122 688 1209 Πολυκράτεαπαραστήσασθαι.
709 1120 792 1210 πρὸς
806 1120 844 1189 δέ
853 1119 999 1189 τούτοισι
1010 1116 1173 1190 οόόέὸλό-

35 1284 42 1293 ,
173 1244 232 1305 γος
253 1222 374 1304 αἱρέει,
399 1224 446 1310 τῷ
467 1223 644 1307 ἐπίκουροί
659 1245 697 1288 τε
717 1223 881 1308 μισθωτοὶ
904 1222 960 1287 καὶ
981 1219 1114 1299 τοξόται
1134 1223 1172 1284 οἰ·

29 1313 30 1348 ³
173 1316 263 1404 κήιοι
283 1308 373 1402 ήσαν
388 1317 516 1405 πλήθει
529 1324 651 1387 πολλοί
654 1369 665 1405 ,
686 1325 809 1387 τοῦτον
825 1315 893 1387 ὑπό
916 1325 984 1385 τῶν
997 1318 1171 1387 κατιόντων

174 1419 316 1499 Σαμίων
331 1413 459 1482 ἐόντων
479 1412 605 1503 όλίγων
620 1419 828 1504 ἑσσωθῆναι·
850 1423 918 1485 τών
936 1413 969 1483 δ’
991 1413 1051 1485 ὑπ’
1072 1418 1175 1505 ἑωυτῷ

174 1512 301 1580 έόντων
313 1516 503 1601 πολιητέων
513 1512 555 1583 τά
577 1520 678 1583 τέκνα
696 1518 753 1584 καί
772 1513 833 1595 τάς
851 1529 1015 1602 γυναῖκας
1035 1510 1173 1583 ὀΠολυ-

173 1610 298 1697 κράτης
321 1614 354 1689 ἐς
374 1610 454 1691 τούς
479 1619 681 1693 νεωσοίκους
703 1613 904 1701 συνειλήσας
929 1611 994 1700 εἶχε
1020 1616 1174 1699 ἑτοίμους,
1221 1674 1222 1689 ,

172 1705 216 1798 ἦν
233 1709 299 1796 ἄρα
318 1716 502 1798 προδιδῶσι
518 1706 613 1783 οὗτοι
626 1712 712 1803 πρός
727 1714 807 1797 τούς
818 1714 1011 1801 κατιόντας,
1028 1713 1175 1801 ύποπρή-
1221 1696 1222 1761 ί

124 1825 158 1880 λθ
173 1830 230 1879 σαι
256 1808 387 1882 αύτολσι
411 1820 632 1883 νεωσοίκοισι.
686 1810 812 1883 Ἐπείτε
847 1814 885 1883 δέ
916 1819 951 1883 οἱ
972 1816 1176 1895 ἐξελαθέντες

172 1916 313 1997 Σαμίων
334 1908 401 1981 ὑπό
423 1912 663 1998 Πολυκράτεος
684 1912 845 1983 ἀπίκοντο
869 1916 902 1994 ές
922 1910 985 2003 τήν
1007 1914 1174 2000 Σπάρτην,

172 2013 394 2092 καταστάντες
409 2016 463 2082 ἐπὶ
476 2011 556 2092 τούς
571 2013 735 2101 ἄρχοντας
748 2020 865 2101 ἔλεγον
879 2011 987 2082 πολλά
1008 2009 1063 2082 οἷα
1077 2013 1177 2098 κάρτα

171 2111 335 2197 δεόμενοι.
365 2116 400 2180 ολ
418 2113 458 2180 δέ
476 2133 537 2198 σφι
559 2120 600 2201 τή
620 2115 737 2202 πρώτη
756 2113 937 2182 καταστάσι
957 2109 1176 2200 ὑπεκρίναντο

171 2208 212 2278 τά
229 2215 293 2296 μὲν
308 2217 424 2293 πρώτα
440 2214 602 2298 λεχθέντα
618 2214 870 2299 έπιλεληθέναι,
891 2207 932 2280 τὰ
949 2214 986 2279 δὲ
1001 2209 1126 2298 ὕστερα
1140 2205 1177 2278 ού

171 2310 333 2376 συνιέναι.
357 2305 440 2394 μετὰ
456 2310 612 2378 δὲταῦτα
628 2310 769 2398 δεύτερα
785 2308 1007 2389 καταστάντες
1021 2307 1105 2378 ἄλλο
1120 2308 1177 2396 μὲν

171 2403 266 2473 εέπον
280 2401 399 2492 οὐδὲν,
414 2406 572 2476 θύλακον
586 2408 623 2477 δέ
639 2413 799 2495 φέροντες
813 2415 944 2495 ἔφασαν
954 2406 1015 2477 τόν
1024 2409 1179 2478 θύλακον
1222 2429 1223 2462 ι

170 2501 321 2588 άλφίτων
341 2506 488 2574 δέεσθαι.
525 2510 561 2575 ολ
580 2511 620 2574 δέ
642 2527 703 2595 σφι
724 2505 949 2592 ύπεκρίναπο
970 2514 1016 2598 τῷ
1038 2504 1179 2596 θνλάκφ

121 2617 156 2673 47
171 2601 431 2687 περιεργάσθαι·
467 2607 614 2686 βωθέειν
624 2602 657 2672 θ’
672 2597 721 2672 τόν
735 2608 827 2686 ἔδοξε
842 2602 981 2674 αὐτοῖσι.
1008 2607 1077 2674 Καί
1092 2610 1181 2673 ἒπει-

169 2727 229 2770 τεν
244 2705 582 2792 παρασκευασάμενοι
597 2708 837 2790 έστρατεύοντο
852 2704 1114 2792 Λακεδαιμόνιοι
1127 2707 1179 2772 έπῖ

169 2800 307 2887 Σάμον,
324 2798 370 2881 ὡς
385 2801 448 2889 μέν
463 2803 590 2891 Σάμιοι
606 2806 760 2892 λέγουσι,
777 2802 968 2892 εὐεργεσίας
983 2807 1179 2886 ἐκτίνοντες,

170 2897 222 2968 ότι
243 2921 305 2987 σφι
324 2902 483 2989 πρότεροι
507 2900 603 2970 αὐτοὶ
628 2905 729 2990 νηυσὶ
759 2902 937 2989 έβώθησαν
966 2905 1019 2971 έπλ
1039 2911 1180 2986 Μεσση-

168 3005 282 3084 νίους,
305 2997 350 3078 ώς
370 3001 407 3068 δὲ
423 2999 684 3086 Λακεδαιμόνιοι
704 3003 859 3089 λέγουσι,
881 3000 944 3071 ούκ
965 3001 1057 3070 οὕτω
1077 3026 1182 3088 τιμω-

167 3106 267 3185 ρήσαι
289 3103 477 3186 δεομένοισι
491 3108 652 3186 Σαμίοισι
673 3101 913 3184 ἐστρατεύοντο
954 3099 998 3181 ὡς
1020 3110 1180 3171 τίσασθαι

167 3195 371 3283 βουλόμενοι
387 3205 449 3265 τοῦ
464 3205 629 3286 κρητῆρος
641 3207 699 3285 τῆς
714 3197 883 3287 ἁρπαγῆς,
898 3197 959 3270 τόν
973 3194 1060 3287 ἦγον
1075 3207 1184 3289 Κροί-

168 3311 234 3382 σφ,
256 3295 311 3360 καὶ
327 3302 389 3361 τοῦ
402 3295 576 3381 θώρηκος,
598 3295 660 3365 τόν
676 3295 951 3386 αύτοῑσιἍμασις
967 3297 986 3368 ὁ
1001 3301 1184 3388 Αἰγύπτου

168 3386 325 3475 βασιλεὺς
342 3395 468 3476 έπεμψε
485 3396 606 3476 δῶρον.
630 3395 767 3483 καὶγὰρ
784 3398 926 3485 θώρηκα
942 3401 1118 3484 ἐληίσαντο
1133 3400 1185 3488 τῷ

168 3487 319 3575 προτέρῳ
335 3491 402 3554 ἔτεϊ
419 3484 442 3574 ἦ
465 3487 525 3558 τόν
544 3501 694 3582 κρητῆρα
717 3499 752 3563 οἱ
764 3496 907 3584 Σάμιοι,
928 3496 1028 3566 έόντα
1046 3497 1110 3586 μέν
1129 3503 1185 3565 λί-
