2500 3925
158 200 199 264 84
296 184 301 192 '
544 203 780 261 ιιειιοοοτι

161 369 392 462 γάράποθάνη
401 372 558 460 βασιλεός
568 377 852 459 Λακεδαιμονίων,
868 376 904 441 ἐκ
913 371 1087 472 πάσηςοδεί
1096 382 1177 443 Λα-

162 479 370 562 κεδαίμονος,
383 474 484 561 χωρίς
495 475 744 561 Σπαρτιητέων,
757 467 890 565 ἆριθμῷ
908 477 978 542 τόν
991 479 1178 559 περιοίκων

162 568 393 661 άυαγκαστοός
402 575 436 653 ἐς
444 574 481 641 τό
494 578 595 662 κῆδος
606 576 706 643 ίέναι·
719 573 849 642 τοότων
858 567 908 642 όν
916 574 973 642 καί
985 581 1055 642 τοῖν
1069 577 1177 642 είλω-

160 670 1175 762 τέωνκαλαότῶνΣπαρτιητέωνἐπεάνσνλλεχθέωσιέςτοδυτδ

161 775 283 844 πολλαὶ
299 775 453 863 χιλιάδες,
472 774 621 861 σόμμιγα
637 780 712 864 τῇσι
727 774 860 861 γυναιξὶ
877 774 1061 844 κόπτονταί
1075 801 1112 843 τε
1129 773 1176 841 τοὶ

159 875 294 962 μέτωπα
303 876 686 964 προθόμωςκαὶοίμωγῇ
697 875 902 963 διαχρέονται
909 873 1051 966 άπλέτφ,
1061 874 1178 962 φάμε-

159 1002 214 1044 νοι
228 974 289 1042 τὸν
301 975 451 1042 ὕστατον
462 978 526 1042 αίεὶ
542 972 794 1059 ἀπογενόμενον
806 980 876 1041 τῶν
889 979 1071 1063 βασιλέων,
1086 984 1175 1044 τοῦ-

158 1101 219 1143 τον
232 1071 274 1159 δὴ
289 1075 447 1159 γενέσθαι
462 1072 608 1157 άριστον.
633 1069 670 1150 ὃς
684 1068 716 1138 δ’
733 1068 777 1138 ἂν
791 1074 828 1139 ἐν
843 1075 975 1165 πολέμῳ
986 1081 1055 1143 τῶν
1068 1082 1175 1162 βασι-

158 1179 246 1243 λέων
260 1172 434 1262 άποθάνη,
448 1175 556 1265 τοότφ
571 1176 608 1241 δέ
622 1178 764 1242 είδωλον
779 1172 1003 1254 σκευάσαντες
1017 1179 1055 1244 ἐν
1069 1184 1173 1264 κλίνῃ

159 1268 199 1343 εὖ
216 1277 405 1364 ἐστρωμένη
419 1275 608 1362 ἐκφέρουσι.
632 1272 735 1343 ἐπεὰν
751 1276 787 1342 δὲ
801 1274 951 1358 θάψωσι,
965 1273 1072 1361 άγορὴ
1087 1281 1172 1345 δέκα

157 1372 309 1461 ἡμερέων
321 1371 384 1443 οὐκ
397 1378 529 1444 ἵσταταί
536 1395 608 1462 σφι,
626 1371 702 1442 οὐδ’
720 1371 913 1459 ἀρχαιρεσίη
924 1379 1066 1455 συνίζει,
1082 1371 1171 1441 άλλά

110 1500 144 1554 59
159 1479 344 1544 πενθέουσι
353 1475 475 1555 ταότας
484 1473 544 1554 τάς
554 1473 687 1562 ἡμέρας.
701 1476 939 1559 Συμφέρονται
951 1470 987 1540 δέ
998 1471 1079 1540 ἄλλο
1090 1472 1172 1540 τόδε

102 1644 105 1649 ,
157 1590 243 1646 τοῖσι
256 1577 420 1664 Πέρσησι·
447 1572 551 1642 ἐπεάν
567 1572 803 1650 ἀποθανόντος
823 1577 884 1639 τοῦ
901 1573 1053 1658 βασιλέος
1068 1568 1171 1650 ἄλλος

158 1677 324 1759 ἐνίστηται
346 1677 520 1761 βασιλευς,
545 1666 682 1751 οὗτοςὸ
707 1668 808 1738 ἐσιών
828 1671 1008 1753 ἐλευθεροῖ
1023 1667 1115 1747 ὅστις
1135 1695 1172 1736 τι

157 1773 397 1856 Σπαρτιητέων
411 1777 456 1862 τῷ
471 1766 635 1858 βασιλέίῆ
649 1776 695 1860 τῷ
710 1773 857 1858 δημοσίῳ
873 1763 1004 1853 άφειλε.
1028 1769 1066 1834 ἐν
1076 1765 1108 1835 δ’
1122 1761 1170 1834 αὖ

156 1869 304 1959 Πέρσησι
323 1865 340 1937 ὁ
362 1869 599 1956 κατιστάμενος
616 1865 775 1956 βασιλεὺς
794 1863 856 1933 τὸν
876 1866 1169 1952 προοφειλόμενον

108 1997 143 2050 ρο
158 1970 269 2056 φόρον
284 1977 387 2056 μετίει
401 1978 475 2059 τῇσι
494 1972 608 2040 πόλισι
625 1970 761 2058 πάσχοι.
804 1971 1046 2053 Συμφέρονται
1062 1970 1098 2037 δέ
1112 1972 1169 2037 καὶ

157 2070 236 2138 τάδε
253 2075 464 2154 Αἰγυπτίοισι
477 2070 756 2156 Λακεδαιμόνιοι·
779 2071 813 2135 οί
825 2067 970 2153 κη’ρυκες
984 2066 1097 2136 αὐτῶν
1111 2070 1167 2136 καὶ

157 2167 296 2253 αὐληταὶ
315 2171 371 2237 καὶ
390 2170 544 2255 μάγειροι
559 2172 751 2238 ἐκδέκονται
770 2164 829 2246 τάς
850 2175 1019 2251 πατρωίας
1038 2173 1165 2256 τέχνας,

156 2270 211 2335 καὶ
226 2264 371 2353 αὐλητής
387 2293 423 2334 τε
443 2266 592 2354 αὐλητέω
611 2275 738 2355 γίνεται
755 2269 810 2335 καί
830 2265 988 2353 μάγειρος
1002 2275 1167 2355 μαγείρου

155 2366 211 2432 καὶ
220 2368 324 2450 κῆρυξ
334 2365 496 2451 κη’ρυκος·
512 2365 554 2435 οὐ
565 2365 648 2435 κατὰ
660 2373 927 2453 λαμπροφωνίην
938 2369 1165 2454 ἐπιτιθέμενοι
1247 2398 1248 2418 ¹

154 2462 250 2532 άλλοι
266 2466 371 2549 σφέας
384 2472 645 2553 παρακληίουσι,
665 2462 749 2533 άλλοὶ
764 2462 847 2531 κατά
861 2463 904 2531 τά
918 2466 1042 2548 πάτρια
1055 2470 1167 2535 ἐπιτε-

155 2563 278 2631 λέουσι.
301 2569 405 2630 ταῦτα
419 2563 482 2650 μέν
495 2563 537 2651 δὴ
552 2564 642 2633 οὕτω
659 2569 793 2649 γίνεται.
959 2628 969 2637 ,

105 2685 135 2739 (51
241 2669 363 2730 ΤΟΤΕ
382 2661 418 2730 δέ
438 2661 499 2731 τόν
519 2667 710 2750 Κλεομένεα
731 2662 829 2728 ἐόντα
851 2662 889 2727 ἐν
909 2670 949 2751 τῇ
968 2669 1163 2758 Αίγίνηακαὶ
1245 2642 1246 2730 λ

155 2759 252 2830 κοινά
268 2769 308 2851 τῇ
317 2759 450 2831 Ἑλλάδι
482 2758 596 2845 ἀγαθὰ
617 2760 906 2847 προεργαζόμενον
926 2760 944 2826 ὁ
961 2762 1163 2847 Δημάρητος

155 2862 296 2946 διέβαλε,
310 2856 374 2928 οὐκ
384 2861 593 2946 Αἰγινητέων
603 2858 694 2926 οὕτω
705 2860 900 2945 κηδόμενος,
916 2856 961 2937 ὥς
972 2861 1095 2953 φθόνῳ
1108 2866 1161 2929 καί
1243 2936 1244 2943 χ

55 2992 64 2997 ε
153 2956 219 3045 άγη
228 2956 415 3043 χρεόμενος.
429 2960 621 3044 Κλεομένης
632 2955 837 3042 δὲνοστήσας
846 2954 1051 3045 άπἈίγίνης
1061 2961 1161 3046 ἐβοό-

154 3066 232 3126 λευε
247 3056 307 3124 τόν
318 3056 524 3144 Δημάρητον
539 3063 665 3123 παῦσαι
679 3062 737 3139 τῆς
750 3060 938 3141 βασιληίης,
954 3055 1010 3123 διά
1025 3064 1160 3145 πρῆγμα
1242 3094 1243 3139 η

153 3156 286 3224 τοιόνδε
303 3159 456 3240 ἐπίβασιν
473 3158 506 3233 ές
522 3153 629 3223 αὐτόν
643 3151 858 3240 ποιεόμενος·
877 3153 1049 3239 Ἀρίστωνι
1063 3167 1159 3245 βασι-

153 3255 287 3322 λεύοντι
301 3258 339 3320 ἐν
349 3254 489 3342 Σπάρτη
503 3258 558 3323 καὶ
568 3255 713 3341 γήμαντι
724 3268 885 3340 γυναῖκας
896 3256 959 3323 δόο
970 3261 1086 3336 παῖδες
1097 3256 1158 3326 οὐκ
1240 3278 1242 3353 η

152 3354 314 3435 ἐγίνοντο.
339 3357 394 3421 καὶ
405 3351 447 3420 οὐ
463 3352 528 3439 γάρ
544 3354 809 3438 συνεγινώσκετο
821 3351 922 3434 αότός
932 3355 1062 3423 τούτων
1073 3355 1155 3425 εἶναι
1240 3414 1241 3419 ,

153 3456 272 3529 αἴτιος,
288 3453 401 3535 γαμέει
417 3459 531 3556 τρίτην
545 3468 698 3535 γυναῖκα.
722 3447 787 3521 ὦδε
801 3455 838 3522 δὲ
850 3456 971 3541 γαμέει.
993 3449 1039 3538 ἦν
1054 3459 1089 3522 οἱ
1100 3464 1155 3536 φί-
1240 3420 1241 3508 ἐ

1236 3856 1238 3900 λ
