<?xml version="1.0" encoding="UTF-8"?>
<!DOCTYPE html PUBLIC "-//W3C//DTD XHTML 1.0 Transitional//EN"
    "http://www.w3.org/TR/xhtml1/DTD/xhtml1-transitional.dtd">
<html xmlns="http://www.w3.org/1999/xhtml" xml:lang="en" lang="en">
 <head>
  <title>
</title>
<meta http-equiv="Content-Type" content="text/html;charset=utf-8" />
  <meta name='ocr-system' content='tesseract 3.04.00' />
  <meta name='ocr-capabilities' content='ocr_page ocr_carea ocr_par ocr_line ocrx_word'/>
</head>
<body>
  <div class='ocr_page' id='page_1' title='image "./herodotihistori00dietgoog_0149.png"; bbox 0 0 2500 3925; ppageno 0'>
   <div class='ocr_carea' id='block_1_1' title="bbox 368 262 1106 328">
    <p class='ocr_par' dir='ltr' id='par_1_1' title="bbox 368 262 1106 328">
     <span class='ocr_line' id='line_1_1' title="bbox 368 262 1106 328; baseline 0.014 -11"><span class='ocrx_word' id='word_1_1' title='bbox 368 262 456 319; x_wconf 83' lang='lat' dir='ltr'><strong>LIB.</strong></span> <span class='ocrx_word' id='word_1_2' title='bbox 488 263 521 318; x_wconf 83' lang='grc' dir='ltr'><strong><em>ΙΙ.</em></strong></span> <span class='ocrx_word' id='word_1_3' title='bbox 555 262 656 318; x_wconf 77' lang='grc' dir='ltr'><strong><em>ΟΑΡ.</em></strong></span> <span class='ocrx_word' id='word_1_4' title='bbox 687 269 831 327; x_wconf 75' lang='lat'><strong>53-59.</strong></span> <span class='ocrx_word' id='word_1_5' title='bbox 1046 263 1106 328; x_wconf 74' lang='lat'><strong><em>145</em></strong></span> 
     </span>
    </p>
   </div>
   <div class='ocr_carea' id='block_1_2' title="bbox 89 411 1228 3635">
    <p class='ocr_par' dir='ltr' id='par_1_2' title="bbox 89 411 1228 3635">
     <span class='ocr_line' id='line_1_2' title="bbox 103 411 1107 518; baseline 0.01 -31"><span class='ocrx_word' id='word_1_6' title='bbox 103 444 180 505; x_wconf 85' lang='grc' dir='ltr'><strong><em>νομα</em></strong></span> <span class='ocrx_word' id='word_1_7' title='bbox 197 411 245 505; x_wconf 84' lang='grc' dir='ltr'><strong><em>ήν</em></strong></span> <span class='ocrx_word' id='word_1_8' title='bbox 258 423 470 506; x_wconf 73' lang='grc' dir='ltr'><strong><em>Προμένεια,</em></strong></span> <span class='ocrx_word' id='word_1_9' title='bbox 491 426 532 508; x_wconf 80' lang='grc' dir='ltr'><strong><em>τῇ</em></strong></span> <span class='ocrx_word' id='word_1_10' title='bbox 553 422 591 489; x_wconf 71' lang='grc' dir='ltr'><strong><em>δὲ</em></strong></span> <span class='ocrx_word' id='word_1_11' title='bbox 611 417 694 506; x_wconf 84' lang='grc' dir='ltr'><strong><em>μετά</em></strong></span> <span class='ocrx_word' id='word_1_12' title='bbox 711 423 839 509; x_wconf 88' lang='grc' dir='ltr'><strong><em>ταύτην</em></strong></span> <span class='ocrx_word' id='word_1_13' title='bbox 864 429 1044 514; x_wconf 79' lang='grc' dir='ltr'><strong><em>Τιμαρέτη,</em></strong></span> <span class='ocrx_word' id='word_1_14' title='bbox 1067 433 1107 518; x_wconf 80' lang='grc' dir='ltr'><strong><em>τῇ</em></strong></span> 
     </span>
     <span class='ocr_line' id='line_1_3' title="bbox 102 518 1110 610; baseline 0.007 -23"><span class='ocrx_word' id='word_1_15' title='bbox 102 519 135 588; x_wconf 68' lang='grc' dir='ltr'><strong><em>δὲ</em></strong></span> <span class='ocrx_word' id='word_1_16' title='bbox 145 518 296 606; x_wconf 86' lang='grc' dir='ltr'><strong><em>νεωτάτη</em></strong></span> <span class='ocrx_word' id='word_1_17' title='bbox 311 518 503 604; x_wconf 76' lang='grc' dir='ltr'><em>Νικάνδρη,</em></span> <span class='ocrx_word' id='word_1_18' title='bbox 522 524 640 606; x_wconf 80' lang='grc' dir='ltr'><strong><em>ἔλεγον</em></strong></span> <span class='ocrx_word' id='word_1_19' title='bbox 653 527 774 588; x_wconf 80' lang='grc' dir='ltr'><strong><em>ταῦτα’</em></strong></span> <span class='ocrx_word' id='word_1_20' title='bbox 798 523 1056 610; x_wconf 76' lang='grc' dir='ltr'><strong><em>συνωμολόγεον</em></strong></span> <span class='ocrx_word' id='word_1_21' title='bbox 1070 525 1110 594; x_wconf 80' lang='grc' dir='ltr'><em>δέ</em></span> 
     </span>
     <span class='ocr_line' id='line_1_4' title="bbox 101 617 1151 709; baseline 0.001 -24"><span class='ocrx_word' id='word_1_22' title='bbox 101 641 154 703; x_wconf 84' lang='grc' dir='ltr'><strong><em>σφι</em></strong></span> <span class='ocrx_word' id='word_1_23' title='bbox 169 623 225 688; x_wconf 81' lang='grc' dir='ltr'><strong><em>καί</em></strong></span> <span class='ocrx_word' id='word_1_24' title='bbox 250 624 286 688; x_wconf 88' lang='grc' dir='ltr'><strong><em>οί</em></strong></span> <span class='ocrx_word' id='word_1_25' title='bbox 307 617 403 689; x_wconf 84' lang='grc' dir='ltr'><strong><em>ἀλλοι</em></strong></span> <span class='ocrx_word' id='word_1_26' title='bbox 420 622 620 688; x_wconf 71' lang='grc' dir='ltr'><strong><em>Δωδωναῖοι</em></strong></span> <span class='ocrx_word' id='word_1_27' title='bbox 642 622 677 687; x_wconf 85' lang='grc' dir='ltr'><strong><em>ολ</em></strong></span> <span class='ocrx_word' id='word_1_28' title='bbox 695 621 771 702; x_wconf 85' lang='grc' dir='ltr'><strong><em>περί</em></strong></span> <span class='ocrx_word' id='word_1_29' title='bbox 792 617 829 688; x_wconf 86' lang='grc' dir='ltr'><strong><em>τό</em></strong></span> <span class='ocrx_word' id='word_1_30' title='bbox 844 620 937 706; x_wconf 89' lang='grc' dir='ltr'><strong><em>ίρόν·</em></strong></span> <span class='ocrx_word' id='word_1_31' title='bbox 970 620 1051 709; x_wconf 81' lang='grc' dir='ltr'><strong><em>Ἐῃω</em></strong></span> <span class='ocrx_word' id='word_1_32' title='bbox 1071 619 1103 690; x_wconf 75' lang='grc' dir='ltr'><strong><em>δ’</em></strong></span> <span class='ocrx_word' id='word_1_33' title='bbox 1117 631 1151 688; x_wconf 78' lang='lat'><strong><em>56</em></strong></span> 
     </span>
     <span class='ocr_line' id='line_1_5' title="bbox 99 715 1104 806; baseline 0.005 -19"><span class='ocrx_word' id='word_1_34' title='bbox 99 726 155 805; x_wconf 77' lang='grc' dir='ltr'><strong><em>ἔχω</em></strong></span> <span class='ocrx_word' id='word_1_35' title='bbox 165 721 242 805; x_wconf 80' lang='grc' dir='ltr'><strong><em>περί</em></strong></span> <span class='ocrx_word' id='word_1_36' title='bbox 258 717 391 787; x_wconf 77' lang='grc' dir='ltr'><strong><em>αὐτέων</em></strong></span> <span class='ocrx_word' id='word_1_37' title='bbox 399 719 539 806; x_wconf 83' lang='grc' dir='ltr'><strong><em>γνάμην</em></strong></span> <span class='ocrx_word' id='word_1_38' title='bbox 553 719 664 806; x_wconf 88' lang='grc' dir='ltr'><strong><em>τήνδε.</em></strong></span> <span class='ocrx_word' id='word_1_39' title='bbox 689 724 719 788; x_wconf 89' lang='grc' dir='ltr'><strong><em>εί</em></strong></span> <span class='ocrx_word' id='word_1_40' title='bbox 732 715 884 804; x_wconf 81' lang='grc' dir='ltr'><strong><em>ἀληθέως</em></strong></span> <span class='ocrx_word' id='word_1_41' title='bbox 899 726 934 790; x_wconf 93' lang='grc' dir='ltr'><strong><em>οί</em></strong></span> <span class='ocrx_word' id='word_1_42' title='bbox 949 729 1104 802; x_wconf 85' lang='grc' dir='ltr'><strong><em>Φοίνικες</em></strong></span> 
     </span>
     <span class='ocr_line' id='line_1_6' title="bbox 98 817 1105 906; baseline 0.004 -20"><span class='ocrx_word' id='word_1_43' title='bbox 98 819 257 906; x_wconf 79' lang='grc' dir='ltr'><strong><em>ἔξήγαγον</em></strong></span> <span class='ocrx_word' id='word_1_44' title='bbox 272 817 332 898; x_wconf 86' lang='grc' dir='ltr'><strong><em>τάς</em></strong></span> <span class='ocrx_word' id='word_1_45' title='bbox 347 817 423 906; x_wconf 80' lang='grc' dir='ltr'><strong><em>ίράς</em></strong></span> <span class='ocrx_word' id='word_1_46' title='bbox 435 835 598 906; x_wconf 76' lang='grc' dir='ltr'><strong><em>γυναῖκας</em></strong></span> <span class='ocrx_word' id='word_1_47' title='bbox 617 823 673 887; x_wconf 80' lang='grc' dir='ltr'><strong><em>καί</em></strong></span> <span class='ocrx_word' id='word_1_48' title='bbox 689 817 752 906; x_wconf 81' lang='grc' dir='ltr'><strong><em>τὴν</em></strong></span> <span class='ocrx_word' id='word_1_49' title='bbox 768 821 831 906; x_wconf 77' lang='grc' dir='ltr'><strong><em>μὲν</em></strong></span> <span class='ocrx_word' id='word_1_50' title='bbox 848 818 977 890; x_wconf 77' lang='grc' dir='ltr'><strong><em>αὐτέων</em></strong></span> <span class='ocrx_word' id='word_1_51' title='bbox 994 825 1027 902; x_wconf 73' lang='grc' dir='ltr'><strong><em>ἐς</em></strong></span> <span class='ocrx_word' id='word_1_52' title='bbox 1042 832 1105 892; x_wconf 86' lang='grc' dir='ltr'><strong><em>Λι·</em></strong></span> 
     </span>
     <span class='ocr_line' id='line_1_7' title="bbox 97 913 1101 1008; baseline 0.006 -24"><span class='ocrx_word' id='word_1_53' title='bbox 97 919 197 1007; x_wconf 79' lang='grc' dir='ltr'><strong><em>βύην,</em></strong></span> <span class='ocrx_word' id='word_1_54' title='bbox 220 913 285 1004; x_wconf 82' lang='grc' dir='ltr'><strong><em>τήν</em></strong></span> <span class='ocrx_word' id='word_1_55' title='bbox 305 918 342 985; x_wconf 76' lang='grc' dir='ltr'><strong><em>δὲ</em></strong></span> <span class='ocrx_word' id='word_1_56' title='bbox 362 921 395 997; x_wconf 83' lang='grc' dir='ltr'><strong><em>ἐς</em></strong></span> <span class='ocrx_word' id='word_1_57' title='bbox 416 918 479 1005; x_wconf 80' lang='grc' dir='ltr'><strong><em>τήν</em></strong></span> <span class='ocrx_word' id='word_1_58' title='bbox 493 917 636 988; x_wconf 80' lang='grc' dir='ltr'><strong><em>Ἑλλάδα</em></strong></span> <span class='ocrx_word' id='word_1_59' title='bbox 655 915 836 1005; x_wconf 84' lang='grc' dir='ltr'><strong><em>ἀπέδοντο,</em></strong></span> <span class='ocrx_word' id='word_1_60' title='bbox 859 923 966 990; x_wconf 78' lang='grc' dir='ltr'><strong><em>δοκέει</em></strong></span> <span class='ocrx_word' id='word_1_61' title='bbox 984 922 1057 1008; x_wconf 79' lang='grc' dir='ltr'><strong><em>ἐμοὶ</em></strong></span> <span class='ocrx_word' id='word_1_62' title='bbox 1081 916 1101 1007; x_wconf 83' lang='grc' dir='ltr'><strong><em>ἡ</em></strong></span> 
     </span>
     <span class='ocr_line' id='line_1_8' title="bbox 96 1013 1103 1104; baseline 0.006 -22"><span class='ocrx_word' id='word_1_63' title='bbox 96 1013 178 1104; x_wconf 79' lang='grc' dir='ltr'><strong><em>γονή</em></strong></span> <span class='ocrx_word' id='word_1_64' title='bbox 195 1013 284 1102; x_wconf 80' lang='grc' dir='ltr'><strong><em>αὕτη</em></strong></span> <span class='ocrx_word' id='word_1_65' title='bbox 307 1023 365 1103; x_wconf 82' lang='grc' dir='ltr'><strong><em>τῆς</em></strong></span> <span class='ocrx_word' id='word_1_66' title='bbox 387 1025 455 1085; x_wconf 82' lang='grc' dir='ltr'><strong><em>νῦν</em></strong></span> <span class='ocrx_word' id='word_1_67' title='bbox 469 1017 645 1100; x_wconf 79' lang='grc' dir='ltr'><strong><em>Ἑλλάδος,</em></strong></span> <span class='ocrx_word' id='word_1_68' title='bbox 673 1015 838 1102; x_wconf 88' lang='grc' dir='ltr'><strong><em>πρότερον</em></strong></span> <span class='ocrx_word' id='word_1_69' title='bbox 862 1020 898 1086; x_wconf 79' lang='grc' dir='ltr'><strong><em>δὲ</em></strong></span> <span class='ocrx_word' id='word_1_70' title='bbox 915 1025 1103 1104; x_wconf 76' lang='grc' dir='ltr'><strong><em>Πελασγίης</em></strong></span> 
     </span>
     <span class='ocr_line' id='line_1_9' title="bbox 92 1108 1101 1207; baseline 0.003 -24"><span class='ocrx_word' id='word_1_71' title='bbox 92 1111 297 1202; x_wconf 76' lang='grc' dir='ltr'><strong><em>ιαλευμίνης</em></strong></span> <span class='ocrx_word' id='word_1_72' title='bbox 306 1115 364 1201; x_wconf 79' lang='grc' dir='ltr'><strong><em>τῆς</em></strong></span> <span class='ocrx_word' id='word_1_73' title='bbox 373 1108 478 1201; x_wconf 80' lang='grc' dir='ltr'><strong><em>αὐτῆς</em></strong></span> <span class='ocrx_word' id='word_1_74' title='bbox 484 1111 616 1202; x_wconf 87' lang='grc' dir='ltr'><strong><em>ταύτης,</em></strong></span> <span class='ocrx_word' id='word_1_75' title='bbox 631 1121 804 1204; x_wconf 81' lang='grc' dir='ltr'><strong><em>πρηθῆναι</em></strong></span> <span class='ocrx_word' id='word_1_76' title='bbox 817 1118 851 1197; x_wconf 76' lang='grc' dir='ltr'><strong><em>ἐς</em></strong></span> <span class='ocrx_word' id='word_1_77' title='bbox 861 1116 1101 1207; x_wconf 86' lang='grc' dir='ltr'><strong><em>Θεσπρωτούς·</em></strong></span> 
     </span>
     <span class='ocr_line' id='line_1_10' title="bbox 92 1212 1103 1310; baseline 0.001 -25"><span class='ocrx_word' id='word_1_78' title='bbox 92 1222 217 1285; x_wconf 82' lang='grc' dir='ltr'><strong><em>ἔπειτεν</em></strong></span> <span class='ocrx_word' id='word_1_79' title='bbox 236 1214 447 1284; x_wconf 80' lang='grc' dir='ltr'><strong><em>δουλεύουσα</em></strong></span> <span class='ocrx_word' id='word_1_80' title='bbox 464 1212 587 1284; x_wconf 87' lang='grc' dir='ltr'><strong><em>αὐτόθι</em></strong></span> <span class='ocrx_word' id='word_1_81' title='bbox 605 1215 811 1300; x_wconf 77' lang='grc' dir='ltr'><strong><em>ἱδρύσασθαι</em></strong></span> <span class='ocrx_word' id='word_1_82' title='bbox 827 1215 897 1287; x_wconf 87' lang='grc' dir='ltr'><strong><em>ύπό</em></strong></span> <span class='ocrx_word' id='word_1_83' title='bbox 916 1223 1014 1310; x_wconf 75' lang='grc' dir='ltr'><strong><em>φηγῷ</em></strong></span> <span class='ocrx_word' id='word_1_84' title='bbox 1034 1221 1103 1288; x_wconf 79' lang='grc' dir='ltr'><strong><em>ἐκεῖ</em></strong></span> 
     </span>
     <span class='ocr_line' id='line_1_11' title="bbox 93 1312 1101 1410; baseline -0.002 -22"><span class='ocrx_word' id='word_1_85' title='bbox 93 1326 265 1406; x_wconf 85' lang='grc' dir='ltr'><strong><em>πεφυκυίῃ</em></strong></span> <span class='ocrx_word' id='word_1_86' title='bbox 280 1316 366 1396; x_wconf 85' lang='grc' dir='ltr'><strong><em>Διὸς</em></strong></span> <span class='ocrx_word' id='word_1_87' title='bbox 380 1317 473 1405; x_wconf 80' lang='grc' dir='ltr'><strong><em>ἱρόν,</em></strong></span> <span class='ocrx_word' id='word_1_88' title='bbox 497 1317 608 1404; x_wconf 77' lang='grc' dir='ltr'><strong><em>ὥσπερ</em></strong></span> <span class='ocrx_word' id='word_1_89' title='bbox 628 1312 673 1403; x_wconf 86' lang='grc' dir='ltr'><strong><em>ήν</em></strong></span> <span class='ocrx_word' id='word_1_90' title='bbox 689 1317 787 1410; x_wconf 65' lang='grc' dir='ltr'><strong><em>ὀίνός</em></strong></span> <span class='ocrx_word' id='word_1_91' title='bbox 801 1315 1101 1404; x_wconf 79' lang='grc' dir='ltr'><strong><em>ἀμφιπολεύουσαν</em></strong></span> 
     </span>
     <span class='ocr_line' id='line_1_12' title="bbox 93 1412 1100 1504; baseline -0.004 -16"><span class='ocrx_word' id='word_1_92' title='bbox 93 1422 128 1488; x_wconf 79' lang='grc' dir='ltr'><strong><em>ἕν</em></strong></span> <span class='ocrx_word' id='word_1_93' title='bbox 142 1417 275 1504; x_wconf 81' lang='grc' dir='ltr'><strong><em>Θήβῃσι</em></strong></span> <span class='ocrx_word' id='word_1_94' title='bbox 296 1415 373 1501; x_wconf 88' lang='grc' dir='ltr'><strong><em>ίρόν</em></strong></span> <span class='ocrx_word' id='word_1_95' title='bbox 392 1414 495 1502; x_wconf 86' lang='grc' dir='ltr'><strong><em>Διός,</em></strong></span> <span class='ocrx_word' id='word_1_96' title='bbox 517 1423 603 1484; x_wconf 79' lang='grc' dir='ltr'><strong><em>ἔνθα</em></strong></span> <span class='ocrx_word' id='word_1_97' title='bbox 620 1412 774 1500; x_wconf 85' lang='grc' dir='ltr'><strong><em>ἀπίκετο,</em></strong></span> <span class='ocrx_word' id='word_1_98' title='bbox 796 1417 945 1484; x_wconf 82' lang='grc' dir='ltr'><strong><em>ἐνθαῦτα</em></strong></span> <span class='ocrx_word' id='word_1_99' title='bbox 965 1417 1100 1504; x_wconf 80' lang='grc' dir='ltr'><strong><em>μνήμην</em></strong></span> 
     </span>
     <span class='ocr_line' id='line_1_13' title="bbox 94 1513 1100 1604; baseline -0.005 -15"><span class='ocrx_word' id='word_1_100' title='bbox 94 1517 197 1589; x_wconf 81' lang='grc' dir='ltr'><strong><em>αὐτοῦ</em></strong></span> <span class='ocrx_word' id='word_1_101' title='bbox 213 1522 310 1601; x_wconf 80' lang='grc' dir='ltr'><strong><em>ἔχειν.</em></strong></span> <span class='ocrx_word' id='word_1_102' title='bbox 335 1519 372 1584; x_wconf 86' lang='grc' dir='ltr'><strong><em>εἰι</em></strong></span> <span class='ocrx_word' id='word_1_103' title='bbox 386 1517 423 1585; x_wconf 72' lang='grc' dir='ltr'><strong><em>δὲ</em></strong></span> <span class='ocrx_word' id='word_1_104' title='bbox 437 1516 560 1585; x_wconf 89' lang='grc' dir='ltr'><strong><em>τούτου</em></strong></span> <span class='ocrx_word' id='word_1_105' title='bbox 572 1514 775 1602; x_wconf 83' lang='grc' dir='ltr'><strong><em>χρηστήριον</em></strong></span> <span class='ocrx_word' id='word_1_106' title='bbox 789 1513 1100 1604; x_wconf 85' lang='grc' dir='ltr'><strong><em>ιιατηγήσατο,ε’πεί-</em></strong></span> 
     </span>
     <span class='ocr_line' id='line_1_14' title="bbox 94 1609 1100 1702; baseline -0.004 -18"><span class='ocrx_word' id='word_1_107' title='bbox 94 1643 126 1685; x_wconf 88' lang='grc' dir='ltr'><strong><em>τε</em></strong></span> <span class='ocrx_word' id='word_1_108' title='bbox 134 1618 301 1702; x_wconf 75' lang='grc' dir='ltr'><strong><em>συνέλαβε</em></strong></span> <span class='ocrx_word' id='word_1_109' title='bbox 311 1612 375 1700; x_wconf 83' lang='grc' dir='ltr'><strong><em>τήν</em></strong></span> <span class='ocrx_word' id='word_1_110' title='bbox 383 1612 525 1684; x_wconf 84' lang='grc' dir='ltr'><strong><em>Ἑλλάδα</em></strong></span> <span class='ocrx_word' id='word_1_111' title='bbox 535 1619 701 1700; x_wconf 78' lang='grc' dir='ltr'><strong><em>γλῶσσαν.</em></strong></span> <span class='ocrx_word' id='word_1_112' title='bbox 725 1614 832 1698; x_wconf 88' lang='grc' dir='ltr'><strong><em>φάναι</em></strong></span> <span class='ocrx_word' id='word_1_113' title='bbox 843 1616 882 1681; x_wconf 84' lang='grc' dir='ltr'><strong><em>δέ</em></strong></span> <span class='ocrx_word' id='word_1_114' title='bbox 891 1617 925 1681; x_wconf 90' lang='grc' dir='ltr'><strong><em>οί</em></strong></span> <span class='ocrx_word' id='word_1_115' title='bbox 932 1609 1100 1700; x_wconf 84' lang='grc' dir='ltr'><strong><em>ἀδελφεήν</em></strong></span> 
     </span>
     <span class='ocr_line' id='line_1_15' title="bbox 93 1705 1101 1800; baseline -0.003 -19"><span class='ocrx_word' id='word_1_116' title='bbox 93 1717 129 1782; x_wconf 77' lang='grc' dir='ltr'><strong><em>ἐν</em></strong></span> <span class='ocrx_word' id='word_1_117' title='bbox 139 1710 254 1800; x_wconf 79' lang='grc' dir='ltr'><strong><em>Λιβύῃ</em></strong></span> <span class='ocrx_word' id='word_1_118' title='bbox 269 1719 463 1798; x_wconf 73' lang='grc' dir='ltr'><strong><em>πεπρῆσθαι</em></strong></span> <span class='ocrx_word' id='word_1_119' title='bbox 476 1711 543 1780; x_wconf 86' lang='grc' dir='ltr'><strong><em>ὑπό</em></strong></span> <span class='ocrx_word' id='word_1_120' title='bbox 559 1719 628 1780; x_wconf 77' lang='grc' dir='ltr'><strong><em>τῶν</em></strong></span> <span class='ocrx_word' id='word_1_121' title='bbox 643 1708 755 1780; x_wconf 75' lang='grc' dir='ltr'><strong><em>αὐτῶν</em></strong></span> <span class='ocrx_word' id='word_1_122' title='bbox 772 1718 959 1796; x_wconf 82' lang='grc' dir='ltr'><strong><em>Φοινίκων,</em></strong></span> <span class='ocrx_word' id='word_1_123' title='bbox 974 1709 1034 1780; x_wconf 86' lang='grc' dir='ltr'><strong><em>ὐπ’</em></strong></span> <span class='ocrx_word' id='word_1_124' title='bbox 1053 1705 1101 1780; x_wconf 78' lang='grc' dir='ltr'><strong><em>όν</em></strong></span> 
     </span>
     <span class='ocr_line' id='line_1_16' title="bbox 94 1806 1147 1896; baseline 0.005 -18"><span class='ocrx_word' id='word_1_125' title='bbox 94 1814 146 1879; x_wconf 81' lang='grc' dir='ltr'><strong><em>καί</em></strong></span> <span class='ocrx_word' id='word_1_126' title='bbox 159 1806 247 1894; x_wconf 85' lang='grc' dir='ltr'><strong><em>αὐτή</em></strong></span> <span class='ocrx_word' id='word_1_127' title='bbox 262 1809 404 1896; x_wconf 76' lang='grc' dir='ltr'><strong><em>ἐπρήθη.</em></strong></span> <span class='ocrx_word' id='word_1_128' title='bbox 448 1810 629 1890; x_wconf 70' lang='grc' dir='ltr'><strong><em>Πελειάδες</em></strong></span> <span class='ocrx_word' id='word_1_129' title='bbox 644 1815 682 1879; x_wconf 85' lang='grc' dir='ltr'><strong><em>δέ</em></strong></span> <span class='ocrx_word' id='word_1_130' title='bbox 693 1836 750 1896; x_wconf 90' lang='grc' dir='ltr'><strong><em>μοι</em></strong></span> <span class='ocrx_word' id='word_1_131' title='bbox 762 1814 919 1878; x_wconf 82' lang='grc' dir='ltr'><strong><em>δοκέουσι</em></strong></span> <span class='ocrx_word' id='word_1_132' title='bbox 933 1815 1147 1895; x_wconf 69' lang='grc' dir='ltr'><strong><em>κληθῆναιτί</em></strong></span> 
     </span>
     <span class='ocr_line' id='line_1_17' title="bbox 94 1906 1101 1997; baseline -0.002 -20"><span class='ocrx_word' id='word_1_133' title='bbox 94 1906 175 1995; x_wconf 87' lang='grc' dir='ltr'><strong><em>πρός</em></strong></span> <span class='ocrx_word' id='word_1_134' title='bbox 184 1910 406 1978; x_wconf 85' lang='grc' dir='ltr'><strong><em>Δωδωναίων</em></strong></span> <span class='ocrx_word' id='word_1_135' title='bbox 419 1911 473 1979; x_wconf 81' lang='grc' dir='ltr'><strong><em>ίπλ</em></strong></span> <span class='ocrx_word' id='word_1_136' title='bbox 482 1913 583 1979; x_wconf 88' lang='grc' dir='ltr'><strong><em>τοῦδε</em></strong></span> <span class='ocrx_word' id='word_1_137' title='bbox 595 1915 632 1980; x_wconf 76' lang='lat' dir='ltr'><strong><em>ac</em></strong></span> <span class='ocrx_word' id='word_1_138' title='bbox 644 1924 817 1997; x_wconf 85' lang='grc' dir='ltr'><strong><em>γνναίιιες,</em></strong></span> <span class='ocrx_word' id='word_1_139' title='bbox 833 1909 919 1979; x_wconf 87' lang='grc' dir='ltr'><strong><em>διότι</em></strong></span> <span class='ocrx_word' id='word_1_140' title='bbox 935 1906 1101 1997; x_wconf 79' lang='grc' dir='ltr'><strong><em>βάρβαροι</em></strong></span> 
     </span>
     <span class='ocr_line' id='line_1_18' title="bbox 95 2002 1099 2098; baseline -0.004 -21"><span class='ocrx_word' id='word_1_141' title='bbox 95 2004 195 2096; x_wconf 78' lang='grc' dir='ltr'><strong><em>ἦσαν,</em></strong></span> <span class='ocrx_word' id='word_1_142' title='bbox 219 2007 359 2077; x_wconf 81' lang='grc' dir='ltr'><strong><em>ἐδόκεον</em></strong></span> <span class='ocrx_word' id='word_1_143' title='bbox 373 2013 412 2079; x_wconf 80' lang='grc' dir='ltr'><strong><em>δέ</em></strong></span> <span class='ocrx_word' id='word_1_144' title='bbox 424 2030 486 2097; x_wconf 89' lang='grc' dir='ltr'><strong><em>σφι</em></strong></span> <span class='ocrx_word' id='word_1_145' title='bbox 500 2008 623 2097; x_wconf 85' lang='grc' dir='ltr'><strong><em>ὁμοίως</em></strong></span> <span class='ocrx_word' id='word_1_146' title='bbox 638 2010 748 2095; x_wconf 83' lang='grc' dir='ltr'><strong><em>ὄρνισι</em></strong></span> <span class='ocrx_word' id='word_1_147' title='bbox 764 2012 986 2098; x_wconf 77' lang='grc' dir='ltr'><strong><em>φθέγγεσθαι.</em></strong></span> <span class='ocrx_word' id='word_1_148' title='bbox 1018 2002 1099 2094; x_wconf 89' lang='grc' dir='ltr'><strong><em>μετά</em></strong></span> 
     </span>
     <span class='ocr_line' id='line_1_19' title="bbox 94 2105 1101 2199; baseline -0.002 -24"><span class='ocrx_word' id='word_1_149' title='bbox 94 2112 128 2176; x_wconf 82' lang='grc' dir='ltr'><strong><em>δὲ</em></strong></span> <span class='ocrx_word' id='word_1_150' title='bbox 146 2105 275 2195; x_wconf 85' lang='grc' dir='ltr'><strong><em>χρόνον</em></strong></span> <span class='ocrx_word' id='word_1_151' title='bbox 295 2107 358 2197; x_wconf 86' lang='grc' dir='ltr'><strong><em>τήν</em></strong></span> <span class='ocrx_word' id='word_1_152' title='bbox 381 2109 540 2180; x_wconf 78' lang='grc' dir='ltr'><strong><em>πελειάδα</em></strong></span> <span class='ocrx_word' id='word_1_153' title='bbox 556 2107 757 2198; x_wconf 88' lang='grc' dir='ltr'><strong><em>ἀνθρωπηίῃ</em></strong></span> <span class='ocrx_word' id='word_1_154' title='bbox 777 2116 875 2199; x_wconf 76' lang='grc' dir='ltr'><strong><em>φωνῇ</em></strong></span> <span class='ocrx_word' id='word_1_155' title='bbox 890 2105 1101 2189; x_wconf 73' lang='grc' dir='ltr'><strong><em>αὐδάξασθαι</em></strong></span> 
     </span>
     <span class='ocr_line' id='line_1_20' title="bbox 93 2204 1100 2295; baseline -0.003 -21"><span class='ocrx_word' id='word_1_156' title='bbox 93 2208 245 2292; x_wconf 87' lang='grc' dir='ltr'><strong><em>λε’γουσι,</em></strong></span> <span class='ocrx_word' id='word_1_157' title='bbox 270 2208 344 2275; x_wconf 78' lang='grc' dir='ltr'><strong><em>ἐπεί</em></strong></span> <span class='ocrx_word' id='word_1_158' title='bbox 360 2232 396 2274; x_wconf 88' lang='grc' dir='ltr'><strong><em>τε</em></strong></span> <span class='ocrx_word' id='word_1_159' title='bbox 414 2205 455 2275; x_wconf 87' lang='grc' dir='ltr'><strong><em>τά</em></strong></span> <span class='ocrx_word' id='word_1_160' title='bbox 476 2207 601 2275; x_wconf 89' lang='grc' dir='ltr'><strong><em>συνετά</em></strong></span> <span class='ocrx_word' id='word_1_161' title='bbox 623 2226 685 2294; x_wconf 88' lang='grc' dir='ltr'><strong><em>σφι</em></strong></span> <span class='ocrx_word' id='word_1_162' title='bbox 701 2205 788 2293; x_wconf 87' lang='grc' dir='ltr'><strong><em>ηὐδα</em></strong></span> <span class='ocrx_word' id='word_1_163' title='bbox 807 2204 829 2295; x_wconf 82' lang='grc' dir='ltr'><em>ἡ</em></span> <span class='ocrx_word' id='word_1_164' title='bbox 849 2206 953 2294; x_wconf 86' lang='grc' dir='ltr'><strong><em>γυνή·</em></strong></span> <span class='ocrx_word' id='word_1_165' title='bbox 982 2208 1043 2284; x_wconf 78' lang='grc' dir='ltr'><strong><em>ἕως</em></strong></span> <span class='ocrx_word' id='word_1_166' title='bbox 1064 2208 1100 2271; x_wconf 76' lang='grc' dir='ltr'><strong><em>δὲ</em></strong></span> 
     </span>
     <span class='ocr_line' id='line_1_21' title="bbox 93 2301 1101 2393; baseline 0.001 -22"><span class='ocrx_word' id='word_1_167' title='bbox 93 2302 308 2392; x_wconf 76' lang='grc' dir='ltr'><strong><em>ἐβαρβάριζε,</em></strong></span> <span class='ocrx_word' id='word_1_168' title='bbox 336 2301 475 2390; x_wconf 87' lang='grc' dir='ltr'><strong><em>όρυίθος</em></strong></span> <span class='ocrx_word' id='word_1_169' title='bbox 497 2305 626 2393; x_wconf 84' lang='grc' dir='ltr'><strong><em>τρόπον</em></strong></span> <span class='ocrx_word' id='word_1_170' title='bbox 650 2307 767 2378; x_wconf 77' lang='grc' dir='ltr'><strong><em>ἐδόκεέ</em></strong></span> <span class='ocrx_word' id='word_1_171' title='bbox 790 2324 853 2393; x_wconf 89' lang='grc' dir='ltr'><strong><em>σφι</em></strong></span> <span class='ocrx_word' id='word_1_172' title='bbox 878 2308 1101 2393; x_wconf 78' lang='grc' dir='ltr'><strong><em>φθέγγεσθαι,</em></strong></span> 
     </span>
     <span class='ocr_line' id='line_1_22' title="bbox 90 2399 1102 2493; baseline 0.001 -24"><span class='ocrx_word' id='word_1_173' title='bbox 90 2404 160 2470; x_wconf 75' lang='grc' dir='ltr'><strong><em>ἐπεὶ</em></strong></span> <span class='ocrx_word' id='word_1_174' title='bbox 178 2403 245 2492; x_wconf 80' lang='grc' dir='ltr'><strong><em>τέφ</em></strong></span> <span class='ocrx_word' id='word_1_175' title='bbox 265 2400 378 2493; x_wconf 83' lang='grc' dir='ltr'><strong><em>τρόπφ</em></strong></span> <span class='ocrx_word' id='word_1_176' title='bbox 395 2399 439 2471; x_wconf 86' lang='grc' dir='ltr'><strong><em>ἀν</em></strong></span> <span class='ocrx_word' id='word_1_177' title='bbox 452 2403 587 2483; x_wconf 87' lang='grc' dir='ltr'><strong><em>πελειάς</em></strong></span> <span class='ocrx_word' id='word_1_178' title='bbox 603 2430 642 2489; x_wconf 90' lang='grc' dir='ltr'><strong><em>γε</em></strong></span> <span class='ocrx_word' id='word_1_179' title='bbox 656 2402 857 2493; x_wconf 86' lang='grc' dir='ltr'><strong><em>ἀνθρωπηίῃ</em></strong></span> <span class='ocrx_word' id='word_1_180' title='bbox 877 2410 975 2491; x_wconf 80' lang='grc' dir='ltr'><strong><em>φωνή</em></strong></span> <span class='ocrx_word' id='word_1_181' title='bbox 992 2405 1102 2490; x_wconf 80' lang='grc' dir='ltr'><strong><em>φθέγ-</em></strong></span> 
     </span>
     <span class='ocr_line' id='line_1_23' title="bbox 90 2499 1102 2588; baseline 0.003 -22"><span class='ocrx_word' id='word_1_182' title='bbox 90 2504 200 2580; x_wconf 64' lang='lat' dir='ltr'><strong><em>{acm</em></strong></span> <span class='ocrx_word' id='word_1_183' title='bbox 228 2500 391 2584; x_wconf 78' lang='grc' dir='ltr'><strong><em>μέλαιναν</em></strong></span> <span class='ocrx_word' id='word_1_184' title='bbox 421 2502 458 2569; x_wconf 69' lang='grc' dir='ltr'><strong><em>δὲ</em></strong></span> <span class='ocrx_word' id='word_1_185' title='bbox 483 2503 637 2588; x_wconf 80' lang='grc' dir='ltr'><strong><em>λέγοντες</em></strong></span> <span class='ocrx_word' id='word_1_186' title='bbox 662 2500 747 2569; x_wconf 82' lang='grc' dir='ltr'><strong><em>εἶναι</em></strong></span> <span class='ocrx_word' id='word_1_187' title='bbox 766 2499 829 2588; x_wconf 88' lang='grc' dir='ltr'><strong><em>τήν</em></strong></span> <span class='ocrx_word' id='word_1_188' title='bbox 856 2502 1014 2572; x_wconf 86' lang='grc' dir='ltr'><strong><em>πελειάδα</em></strong></span> <span class='ocrx_word' id='word_1_189' title='bbox 1041 2520 1102 2587; x_wconf 90' lang='grc' dir='ltr'><strong><em>ση-</em></strong></span> 
     </span>
     <span class='ocr_line' id='line_1_24' title="bbox 89 2594 1104 2690; baseline -0.001 -24"><span class='ocrx_word' id='word_1_190' title='bbox 89 2604 270 2683; x_wconf 83' lang='grc' dir='ltr'><strong><em>μαίνουσι,</em></strong></span> <span class='ocrx_word' id='word_1_191' title='bbox 293 2595 345 2666; x_wconf 83' lang='grc' dir='ltr'><strong><em>ὅτι</em></strong></span> <span class='ocrx_word' id='word_1_192' title='bbox 359 2599 561 2690; x_wconf 83' lang='grc' dir='ltr'><strong><em>Αίγυπτίηή</em></strong></span> <span class='ocrx_word' id='word_1_193' title='bbox 577 2600 665 2689; x_wconf 85' lang='grc' dir='ltr'><strong><em>γυνή</em></strong></span> <span class='ocrx_word' id='word_1_194' title='bbox 677 2594 731 2688; x_wconf 86' lang='grc' dir='ltr'><strong><em>ήν.</em></strong></span> <span class='ocrx_word' id='word_1_195' title='bbox 770 2599 815 2669; x_wconf 91' lang='grc' dir='ltr'><strong><em>Ἡ</em></strong></span> <span class='ocrx_word' id='word_1_196' title='bbox 827 2605 863 2669; x_wconf 76' lang='grc' dir='ltr'><strong><em>δὲ</em></strong></span> <span class='ocrx_word' id='word_1_197' title='bbox 877 2607 1018 2689; x_wconf 89' lang='grc' dir='ltr'><strong><em>μαντηίη</em></strong></span> <span class='ocrx_word' id='word_1_198' title='bbox 1032 2598 1055 2687; x_wconf 84' lang='grc' dir='ltr'><strong><em>ή</em></strong></span> <span class='ocrx_word' id='word_1_199' title='bbox 1068 2623 1104 2666; x_wconf 89' lang='grc' dir='ltr'><strong><em>τε</em></strong></span> 
     </span>
     <span class='ocr_line' id='line_1_25' title="bbox 89 2696 1105 2790; baseline 0 -26"><span class='ocrx_word' id='word_1_200' title='bbox 89 2701 126 2764; x_wconf 77' lang='grc' dir='ltr'><strong><em>ἐν</em></strong></span> <span class='ocrx_word' id='word_1_201' title='bbox 137 2696 273 2784; x_wconf 76' lang='grc' dir='ltr'><strong><em>Θήβῃσι</em></strong></span> <span class='ocrx_word' id='word_1_202' title='bbox 287 2704 362 2785; x_wconf 81' lang='grc' dir='ltr'><strong><em>τῃσι</em></strong></span> <span class='ocrx_word' id='word_1_203' title='bbox 373 2705 575 2789; x_wconf 78' lang='grc' dir='ltr'><strong><em>Αἰγυπτίῃσι</em></strong></span> <span class='ocrx_word' id='word_1_204' title='bbox 587 2704 644 2768; x_wconf 80' lang='grc' dir='ltr'><strong><em>καὶ</em></strong></span> <span class='ocrx_word' id='word_1_205' title='bbox 658 2702 696 2767; x_wconf 76' lang='grc' dir='ltr'><strong><em>ἐν</em></strong></span> <span class='ocrx_word' id='word_1_206' title='bbox 706 2698 862 2790; x_wconf 83' lang='grc' dir='ltr'><strong><em>Δωδιόνῃ</em></strong></span> <span class='ocrx_word' id='word_1_207' title='bbox 877 2697 1105 2785; x_wconf 89' lang='grc' dir='ltr'><strong><em>παραπλήσιαι</em></strong></span> 
     </span>
     <span class='ocr_line' id='line_1_26' title="bbox 90 2793 1103 2883; baseline 0.002 -21"><span class='ocrx_word' id='word_1_208' title='bbox 90 2794 257 2883; x_wconf 79' lang='grc' dir='ltr'><strong><em>ἀλλήλῃσι</em></strong></span> <span class='ocrx_word' id='word_1_209' title='bbox 277 2794 481 2881; x_wconf 75' lang='grc' dir='ltr'><strong><em>τυγχάνουσι</em></strong></span> <span class='ocrx_word' id='word_1_210' title='bbox 502 2800 628 2866; x_wconf 78' lang='grc' dir='ltr'><strong><em>ἐοῦσαι.</em></strong></span> <span class='ocrx_word' id='word_1_211' title='bbox 664 2803 733 2866; x_wconf 78' lang='grc' dir='ltr'><strong><em>ἔστι</em></strong></span> <span class='ocrx_word' id='word_1_212' title='bbox 758 2801 794 2866; x_wconf 76' lang='grc' dir='ltr'><strong><em>δὲ</em></strong></span> <span class='ocrx_word' id='word_1_213' title='bbox 815 2803 957 2867; x_wconf 77' lang='grc' dir='ltr'><strong><em>καὶτῶν</em></strong></span> <span class='ocrx_word' id='word_1_214' title='bbox 978 2802 1062 2883; x_wconf 80' lang='grc' dir='ltr'><strong><em>ίρύν</em></strong></span> <span class='ocrx_word' id='word_1_215' title='bbox 1083 2793 1103 2882; x_wconf 82' lang='grc' dir='ltr'><strong><em>ἡ</em></strong></span> 
     </span>
     <span class='ocr_line' id='line_1_27' title="bbox 89 2889 1151 2985; baseline 0 -23"><span class='ocrx_word' id='word_1_216' title='bbox 89 2892 233 2984; x_wconf 82' lang='grc' dir='ltr'><strong><em>μαντιιιή</em></strong></span> <span class='ocrx_word' id='word_1_217' title='bbox 247 2889 303 2961; x_wconf 87' lang='grc' dir='ltr'><strong><em>ἀπ’</em></strong></span> <span class='ocrx_word' id='word_1_218' title='bbox 317 2893 494 2981; x_wconf 76' lang='grc' dir='ltr'><strong><em>Αδμύπτου</em></strong></span> <span class='ocrx_word' id='word_1_219' title='bbox 510 2892 686 2982; x_wconf 81' lang='grc' dir='ltr'><strong><em>ἀπιγμένη.</em></strong></span> <span class='ocrx_word' id='word_1_220' title='bbox 715 2897 911 2985; x_wconf 86' lang='grc' dir='ltr'><strong><em>Πανηγύρις</em></strong></span> <span class='ocrx_word' id='word_1_221' title='bbox 923 2895 959 2964; x_wconf 72' lang='grc' dir='ltr'><strong><em>δὲ</em></strong></span> <span class='ocrx_word' id='word_1_222' title='bbox 971 2892 1036 2982; x_wconf 87' lang='grc' dir='ltr'><strong><em>άρα</em></strong></span> <span class='ocrx_word' id='word_1_223' title='bbox 1050 2898 1106 2963; x_wconf 78' lang='grc' dir='ltr'><strong><em>καὶ</em></strong></span> <span class='ocrx_word' id='word_1_224' title='bbox 1115 2912 1151 2969; x_wconf 70' lang='grc' dir='ltr'><strong><em>σε</em></strong></span> 
     </span>
     <span class='ocr_line' id='line_1_28' title="bbox 90 2990 1107 3081; baseline -0.004 -20"><span class='ocrx_word' id='word_1_225' title='bbox 90 2990 227 3081; x_wconf 86' lang='grc' dir='ltr'><strong><em>πομπάς</em></strong></span> <span class='ocrx_word' id='word_1_226' title='bbox 249 2996 306 3059; x_wconf 83' lang='grc' dir='ltr'><strong><em>καί</em></strong></span> <span class='ocrx_word' id='word_1_227' title='bbox 325 2990 547 3080; x_wconf 76' lang='grc' dir='ltr'><strong><em>προσαγωγὰς</em></strong></span> <span class='ocrx_word' id='word_1_228' title='bbox 567 3001 694 3080; x_wconf 76' lang='grc' dir='ltr'><strong><em>πρῶτοι</em></strong></span> <span class='ocrx_word' id='word_1_229' title='bbox 715 2992 910 3081; x_wconf 73' lang='grc' dir='ltr'><strong><em>ἀνθρώπων</em></strong></span> <span class='ocrx_word' id='word_1_230' title='bbox 927 2990 1107 3078; x_wconf 76' lang='grc' dir='ltr'><strong><em>Αἰγύπτιοί</em></strong></span> 
     </span>
     <span class='ocr_line' id='line_1_29' title="bbox 91 3089 1104 3187; baseline -0.001 -30"><span class='ocrx_word' id='word_1_231' title='bbox 91 3097 155 3158; x_wconf 84' lang='grc' dir='ltr'><strong><em>είσι</em></strong></span> <span class='ocrx_word' id='word_1_232' title='bbox 176 3094 212 3159; x_wconf 89' lang='grc' dir='ltr'><strong><em>οί</em></strong></span> <span class='ocrx_word' id='word_1_233' title='bbox 231 3089 473 3179; x_wconf 85' lang='grc' dir='ltr'><strong><em>ποιησάμενοι,</em></strong></span> <span class='ocrx_word' id='word_1_234' title='bbox 495 3089 655 3187; x_wconf 65' lang='grc' dir='ltr'><strong><em>καδμαρά</em></strong></span> <span class='ocrx_word' id='word_1_235' title='bbox 679 3092 809 3160; x_wconf 89' lang='grc' dir='ltr'><strong><em>τούτων</em></strong></span> <span class='ocrx_word' id='word_1_236' title='bbox 821 3089 978 3179; x_wconf 83' lang='grc' dir='ltr'><strong><em>Ἕλληνες</em></strong></span> <span class='ocrx_word' id='word_1_237' title='bbox 998 3116 1104 3176; x_wconf 90' lang='grc' dir='ltr'><strong><em>μεμα-</em></strong></span> 
     </span>
     <span class='ocr_line' id='line_1_30' title="bbox 92 3186 1104 3276; baseline 0 -22"><span class='ocrx_word' id='word_1_238' title='bbox 92 3186 229 3275; x_wconf 83' lang='grc' dir='ltr'><strong><em>θήκασι.</em></strong></span> <span class='ocrx_word' id='word_1_239' title='bbox 253 3187 434 3276; x_wconf 83' lang='grc' dir='ltr'><strong><em>τεκμήριον</em></strong></span> <span class='ocrx_word' id='word_1_240' title='bbox 446 3192 485 3257; x_wconf 80' lang='grc' dir='ltr'><strong><em>δέ</em></strong></span> <span class='ocrx_word' id='word_1_241' title='bbox 497 3215 554 3276; x_wconf 92' lang='grc' dir='ltr'><strong><em>μοι</em></strong></span> <span class='ocrx_word' id='word_1_242' title='bbox 567 3188 692 3257; x_wconf 88' lang='grc' dir='ltr'><strong><em>τούτου</em></strong></span> <span class='ocrx_word' id='word_1_243' title='bbox 706 3189 799 3257; x_wconf 89' lang='grc' dir='ltr'><strong><em>τόδε·</em></strong></span> <span class='ocrx_word' id='word_1_244' title='bbox 823 3193 859 3258; x_wconf 88' lang='grc' dir='ltr'><strong><em>αί</em></strong></span> <span class='ocrx_word' id='word_1_245' title='bbox 870 3190 933 3274; x_wconf 78' lang='grc' dir='ltr'><strong><em>μὲν</em></strong></span> <span class='ocrx_word' id='word_1_246' title='bbox 946 3186 1011 3275; x_wconf 90' lang='grc' dir='ltr'><strong><em>γάρ</em></strong></span> <span class='ocrx_word' id='word_1_247' title='bbox 1024 3198 1104 3269; x_wconf 88' lang='grc' dir='ltr'><strong><em>φαί-</em></strong></span> 
     </span>
     <span class='ocr_line' id='line_1_31' title="bbox 93 3285 1103 3376; baseline 0.002 -22"><span class='ocrx_word' id='word_1_248' title='bbox 93 3314 211 3357; x_wconf 87' lang='grc' dir='ltr'><strong><em>νονται</em></strong></span> <span class='ocrx_word' id='word_1_249' title='bbox 226 3290 264 3357; x_wconf 76' lang='grc' dir='ltr'><strong><em>ἐκ</em></strong></span> <span class='ocrx_word' id='word_1_250' title='bbox 278 3296 406 3357; x_wconf 87' lang='grc' dir='ltr'><strong><em>πολλοῦ</em></strong></span> <span class='ocrx_word' id='word_1_251' title='bbox 426 3315 486 3356; x_wconf 89' lang='grc' dir='ltr'><strong><em>τευ</em></strong></span> <span class='ocrx_word' id='word_1_252' title='bbox 506 3287 634 3375; x_wconf 78' lang='grc' dir='ltr'><strong><em>χρόνου</em></strong></span> <span class='ocrx_word' id='word_1_253' title='bbox 649 3287 863 3374; x_wconf 90' lang='grc' dir='ltr'><strong><em>ποιεύμεναι,</em></strong></span> <span class='ocrx_word' id='word_1_254' title='bbox 887 3293 923 3356; x_wconf 88' lang='grc' dir='ltr'><strong><em>αί</em></strong></span> <span class='ocrx_word' id='word_1_255' title='bbox 936 3288 972 3359; x_wconf 71' lang='grc' dir='ltr'><strong><em>δὲ</em></strong></span> <span class='ocrx_word' id='word_1_256' title='bbox 987 3285 1103 3376; x_wconf 78' lang='grc' dir='ltr'><strong><em>Ἑλλη-</em></strong></span> 
     </span>
     <span class='ocr_line' id='line_1_32' title="bbox 95 3384 1148 3475; baseline 0.007 -25"><span class='ocrx_word' id='word_1_257' title='bbox 95 3390 186 3455; x_wconf 81' lang='grc' dir='ltr'><strong><em>νιιιαί</em></strong></span> <span class='ocrx_word' id='word_1_258' title='bbox 201 3389 322 3453; x_wconf 79' lang='grc' dir='ltr'><strong><em>νεωστὶ</em></strong></span> <span class='ocrx_word' id='word_1_259' title='bbox 335 3384 554 3472; x_wconf 79' lang='grc' dir='ltr'><strong><em>ἐποιήθησαν.</em></strong></span> <span class='ocrx_word' id='word_1_260' title='bbox 583 3391 856 3472; x_wconf 79' lang='grc' dir='ltr'><strong><em>Πανηγυρίζουσι</em></strong></span> <span class='ocrx_word' id='word_1_261' title='bbox 874 3388 910 3453; x_wconf 76' lang='grc' dir='ltr'><strong><em>δὲ</em></strong></span> <span class='ocrx_word' id='word_1_262' title='bbox 924 3388 1105 3475; x_wconf 80' lang='grc' dir='ltr'><strong><em>Αίγύπτιον</em></strong></span> <span class='ocrx_word' id='word_1_263' title='bbox 1115 3402 1148 3457; x_wconf 80' lang='grc'><strong><em>59</em></strong></span> 
     </span>
     <span class='ocr_line' id='line_1_33' title="bbox 99 3473 1228 3579; baseline 0.011 -34"><span class='ocrx_word' id='word_1_264' title='bbox 99 3478 159 3549; x_wconf 86' lang='grc' dir='ltr'><strong><em>οὐκ</em></strong></span> <span class='ocrx_word' id='word_1_265' title='bbox 174 3473 263 3563; x_wconf 77' lang='grc' dir='ltr'><strong><em>ἅπαξ</em></strong></span> <span class='ocrx_word' id='word_1_266' title='bbox 271 3489 336 3551; x_wconf 85' lang='grc' dir='ltr'><strong><em>τοῦ</em></strong></span> <span class='ocrx_word' id='word_1_267' title='bbox 350 3485 526 3569; x_wconf 80' lang='grc' dir='ltr'><strong><em>ἐνιαυτοῦ,</em></strong></span> <span class='ocrx_word' id='word_1_268' title='bbox 541 3482 731 3569; x_wconf 85' lang='grc' dir='ltr'><strong><em>πανηγύρις</em></strong></span> <span class='ocrx_word' id='word_1_269' title='bbox 749 3485 785 3551; x_wconf 75' lang='grc' dir='ltr'><strong><em>δὲ</em></strong></span> <span class='ocrx_word' id='word_1_270' title='bbox 799 3488 940 3571; x_wconf 83' lang='grc' dir='ltr'><strong><em>συχνάς,</em></strong></span> <span class='ocrx_word' id='word_1_271' title='bbox 962 3487 1104 3573; x_wconf 86' lang='grc' dir='ltr'><strong><em>μάλιστα</em></strong></span> <span class='ocrx_word' id='word_1_272' title='bbox 1220 3504 1228 3579; x_wconf 58' lang='lat' dir='ltr'>J</span> 
     </span>
     <span class='ocr_line' id='line_1_34' title="bbox 178 3577 959 3635; baseline 0.004 -3"><span class='ocrx_word' id='word_1_273' title='bbox 178 3592 278 3633; x_wconf 80' lang='grc' dir='ltr'><strong><em>ιιιιοο.</em></strong></span> <span class='ocrx_word' id='word_1_274' title='bbox 301 3577 319 3630; x_wconf 87' lang='lat'><strong><em>1.</em></strong></span> <span class='ocrx_word' id='word_1_275' title='bbox 928 3588 959 3635; x_wconf 86' lang='lat'><strong><em>10</em></strong></span> 
     </span>
    </p>
   </div>
   <div class='ocr_carea' id='block_1_3' title="bbox 0 0 1258 3925">
    <p class='ocr_par' dir='ltr' id='par_1_3' title="bbox 0 0 1258 3925">
     <span class='ocr_line' id='line_1_35' title="bbox 0 0 1258 3925; baseline 0 0"><span class='ocrx_word' id='word_1_276' title='bbox 0 0 1258 3925; x_wconf 95' lang='lat' dir='ltr'><strong><em> </em></strong></span> 
     </span>
    </p>
   </div>
  </div>
 </body>
</html>
