2500 3925
175 247 236 313 176
548 251 800 313 HERODOTI

173 411 352 500 χρημάτων
373 417 514 481 ἐσουται.
548 412 603 478 καλ
623 407 685 480 τάν
705 407 767 496 μὲν
789 416 982 497 τελευτῆσαι
1009 407 1069 480 τὸν
1089 417 1177 498 βίον,

172 507 251 588 τούς
273 513 311 578 δὲ
334 512 454 587 παῖδας
478 503 583 576 αύτοῦ
608 504 671 574 οὐκ
695 509 728 585 ἐς
748 501 881 593 μακρήν
903 511 1005 592 ἔργου
1030 511 1179 594 έχεσθαι,

172 608 376 686 ἐπελθόντας
390 606 428 674 δὲ
441 608 495 674 ἐπί
508 601 548 673 τά
562 603 720 692 βασιλήια
733 599 855 681 υνκτδς
870 606 925 672 καλ
938 601 999 672 τδυ
1009 609 1111 673 λίθον
1126 604 1179 670 ἐπί

172 715 218 800 τῷ
240 705 478 794 οἰκοδομήματι
499 702 706 791 ἀνευρόντας
725 706 861 793 ρηιδίως
884 710 1179 790 μεταχειρίσασθαι

132 808 226 893 βκαλ
245 812 314 874 τάν
333 803 512 893 χρημάτων
530 799 639 870 πολλὰ
661 804 900 882 ἐξενείκασθαι.
938 799 998 882 Ὡς
1012 799 1049 868 δὲ
1065 813 1179 885 τυχεῖν
1228 775 1230 830 ⁴

171 901 232 972 τόν
255 905 394 991 βασιλέα
418 898 597 980 ἀνοίξαντα
620 897 659 968 τό
699 908 838 988 οίκημα,
863 896 1019 988 θωμάσαι
1062 899 1179 968 ίδόντα
1228 881 1230 992 Q

170 1011 239 1072 τῶν
254 1002 434 1090 χρημάτων
446 1003 591 1069 καταδέα
606 996 648 1067 τά
664 995 797 1086 ἀγγήια,
813 996 876 1067 οὐκ
891 1003 978 1084 ἐχειυ
994 999 1042 1085 δὲ,
1060 995 1181 1067 ὅντινα
1229 1001 1230 1012 ’

170 1105 371 1188 ἐπαιτιᾶται,
397 1106 466 1168 τοῖν
490 1125 526 1167 τε
553 1099 755 1186 σημάντρων
774 1099 900 1182 ἐόντων
923 1092 1015 1164 σόων
1041 1101 1097 1168 καὶ
1116 1107 1183 1167 τού

171 1201 351 1289 οἰκήματος
374 1199 605 1284 κεκληιμένου.
641 1195 686 1276 ἀς
707 1196 745 1266 δέ
765 1193 855 1288 αὐτῷ
876 1200 932 1265 καλ
955 1199 1006 1276 δίς
1028 1200 1085 1265 καὶ
1110 1199 1183 1282 τρὶς

170 1297 342 1378 ἀνοίξαντι
355 1299 420 1366 αίελ
435 1296 564 1366 ἐλάσσω
578 1303 763 1382 φαίνεσθαι
779 1293 819 1365 τά
836 1296 986 1383 χρήματα
1002 1292 1097 1386 (τούς
1113 1292 1182 1382 γάρ

170 1399 311 1476 κλέπτας
334 1393 398 1466 ούκ
422 1393 554 1465 ἀνιέναι
580 1400 824 1482 κεραΐζοντας),
854 1402 993 1484 ποιῆσαί
1006 1423 1064 1484 μιν
1081 1397 1181 1464 τάδε·

170 1493 279 1580 πάγας
289 1493 471 1580 προστάξαι
483 1493 702 1581 ἐργάσασθαι,
710 1494 766 1562 καὶ
775 1494 898 1572 ταύτας
908 1495 984 1581 περὶ
994 1491 1033 1562 τά
1045 1491 1183 1581 ἀγγήια,

170 1595 209 1662 ἐν
222 1606 309 1659 τοῖσι
323 1587 364 1659 τά
377 1590 527 1678 χρήματα
542 1594 635 1677 ἐνῆν,
650 1596 775 1677 στῆσαι.
797 1597 866 1660 τόν
877 1594 913 1660 δὲ
924 1598 1050 1679 φωρῶν
1065 1589 1182 1680 ὥσπερ
1229 1637 1230 1648 1

169 1692 208 1757 ἐν
221 1695 268 1779 τῷ
278 1684 345 1777 πρὸ
356 1694 418 1757 τοῦ
431 1687 543 1780 χρόνῳ
558 1689 732 1758 ἐλθόντων
747 1693 804 1759 κοιλ
816 1689 975 1768 ἐνδύντος
988 1696 1049 1759 τοῦ
1063 1691 1184 1776 ἑτέρου

170 1784 299 1873 αὐτῶν,
322 1788 393 1854 ἐπεὶ
412 1785 497 1874 πρὸς
516 1784 553 1854 τό
576 1786 679 1874 ἀγγος
698 1795 889 1875 προσῆλθε,
909 1789 1010 1865 ίθέως
1025 1795 1065 1876 τῇ
1088 1789 1183 1876 πάγη

170 1885 359 1972 ἐνέχεσθαι·
383 1880 427 1965 ὡς
441 1884 478 1952 δέ
491 1891 620 1972 γνῶναι
636 1882 741 1954 αὐτόν
760 1889 797 1954 ἐν
811 1889 871 1978 οἴω
887 1891 978 1977 κακῷ
993 1877 1055 1973 ήν,
1078 1887 1185 1962 ἰθέως

169 1989 301 2056 καλέειν
325 1984 385 2053 τόν
408 1982 576 2071 ἀδελφεόν
596 1989 652 2055 καὶ
667 1990 794 2072 δηλοῦν
820 1982 911 2076 αύτῷ
935 1982 975 2053 τά
997 1984 1173 2072 παρεόντα
1228 2044 1229 2047 ,

168 2088 224 2154 καλ
235 2086 386 2155 κελεύειν
399 2083 462 2172 τήν
472 2092 629 2171 ταχίστην
641 2086 784 2155 ἐσδύντα
796 2084 979 2170 ἀποταμεῖν
995 2082 1101 2153 αὐτοῦ
1118 2084 1185 2171 τήν

168 2181 337 2272 κεφαλήν,
359 2183 446 2264 ὅκως
460 2185 505 2272 μή
523 2182 625 2263 αύτδς
643 2182 764 2272 ὀφθεὶς
784 2187 840 2253 καὶ
856 2186 1057 2273 γνωρισθεὶς
1074 2181 1113 2263 δς
1132 2196 1185 2273 εἴη
1228 2182 1229 2221 ¹

168 2284 405 2368 προσαπολέσῃ
414 2284 469 2351 καὶ
496 2286 643 2351 ἐκείνου·
673 2291 719 2374 τῷ
745 2284 782 2351 δὲ
811 2284 905 2363 δόξαι
932 2276 971 2351 εύ
991 2286 1103 2370 λέγειν
1126 2288 1185 2352 καὶ

167 2383 307 2465 ποιῆσαί
327 2406 386 2465 μιν
410 2385 592 2452 πεισθέντα
611 2388 733 2467 ταῦτα,
762 2384 818 2449 καὶ
842 2382 1098 2470 καταρμόσαντα
1121 2381 1187 2451 τόν

166 2488 268 2551 λίθον
291 2479 425 2551 ἀπιέναι
451 2480 502 2551 ἐπ’
528 2492 643 2568 οίκου,
665 2482 822 2569 Ιφέροντα
853 2478 915 2569 τήν
940 2479 1092 2569 κεφαλήν
1120 2489 1187 2549 τοῦ

128 2603 149 2661 γ
167 2578 345 2664 ἀδελφεοῦ.
384 2578 443 2659 Ὡς
458 2582 494 2649 δὲ
507 2578 615 2668 ήμέρη
630 2582 779 2666 ἐγένετο,
802 2579 985 2657 ἐσελθόντα
1007 2577 1068 2651 τὸν
1080 2588 1187 2667 βασι-

167 2679 225 2745 λέα
239 2677 273 2755 ἐς
286 2674 325 2745 τό
341 2687 463 2766 οίκημα
474 2682 703 2764 ἐκπεπλῆχθαι
715 2674 855 2763 ὁρέοντα
870 2674 907 2745 τό
920 2684 1014 2764 σῶμα
1028 2685 1090 2747 τοῦ
1105 2706 1188 2771 φω-

166 2769 226 2856 ρδς
246 2775 284 2842 ἐν
304 2780 344 2863 τῇ
368 2776 459 2865 πάγη
480 2774 564 2845 ἀνευ
587 2782 645 2861 τῆς
666 2781 814 2862 κεφαλῆς
839 2776 913 2862 ἐόν,
935 2772 972 2843 τδ
994 2778 1031 2845 δδ
1055 2786 1188 2865 οἴκημα

166 2870 279 2951 ἀσιυδς
304 2875 360 2941 καλ
386 2871 464 2942 ούτε
489 2880 609 2943 ἔσοδον
634 2870 712 2941 οὔτε
738 2876 876 2941 έκδυσιν
901 2870 1064 2960 οὐδεμίαν
1089 2881 1186 2963 ἔχον.

166 2967 400 3056 ἀπορεύμενον
412 2974 451 3039 δέ
459 2999 518 3059 μιν
527 2973 607 3040 τάδε
619 2978 772 3057 ποιήσαι·
795 2978 856 3039 τού
871 2968 985 3059 φωρός
999 2968 1060 3041 τόν
1073 2976 1189 3042 νέκυν

166 3064 250 3136 κατά
274 3074 336 3135 τού
361 3074 485 3154 τείχεος
509 3069 773 3157 κατακρεμάσαι,
807 3069 983 3155 φυλάκους
1008 3072 1044 3137 δὲ
1070 3070 1188 3140 αὐτοῦ

165 3168 417 3252 καταστήσαντα
441 3169 657 3236 ἐντείλασθαί
677 3187 753 3254 σφι,
781 3165 843 3235 τόν
863 3163 907 3235 ἀν
929 3172 1067 3238 λ’δωυται
1090 3168 1190 3241 ἀπο-

164 3265 357 3334 κλαύσαντα
370 3262 390 3352 ή
406 3270 719 3357 κατοικτισάμενον,
736 3268 964 3355 συλλαβόντας
978 3268 1076 3355 ἀγειυ
1091 3272 1189 3361 πρὸς

165 3361 301 3431 ἑωυτόν.
325 3361 603 3453 ἀνακρεμαμένου
623 3366 660 3436 δὲ
674 3373 735 3435 τοῦ
752 3369 872 3445 νέκυος
888 3364 951 3454 τήν
964 3368 1090 3455 μητέρα
1107 3374 1188 3440 δει-

165 3466 231 3533 vde
241 3460 375 3543 ωέοειυ,
393 3462 515 3548 λόγους
531 3467 567 3534 δὲ
582 3464 666 3549 πρός
680 3462 740 3533 τόν
754 3464 931 3545 περιεόντα
943 3470 1046 3533 παῖδα
1056 3490 1184 3537 ποιευ-
