2500 3925
173 202 237 268 226
559 212 798 273 flssnonorl

176 376 333 466 τάιέες,”
311 404 439 470 απειροι
450 386 508 469 τῆς
525 388 684 472 ναυτικῆς
702 380 823 472 έόυτες,
842 384 1082 478 συνεπλήρουν
1097 403 1169 459 τολσι

173 476 379 567 Ἀθηναίοισι
395 508 456 563 τας
473 482 559 563 νέας·
594 490 774 574 Κορίνθιοι
793 484 830 554 δέ
847 485 1090 577 τεσσεράκοντα
1106 491 1170 570 νέας

176 587 385 669 παρείχοντο,
395 582 615 673 Μεγαρέεςδέ
624 595 737 655 είκοσι
757 585 813 653 καὶ
822 587 1001 669 Χαλκιδέες
1012 588 1169 680 επληρουν

177 690 281 750 είκοσι
299 678 489 770 Ἀθηναίων
505 707 566 772 σφι
582 684 797 776 παρεχόντων
814 686 872 767 τάς
889 689 984 775 νέας,
1004 696 1171 778 Αἰγινῆται

176 778 1171 913 δέόκτωκαίδεκα,Σικυύνιοιδὲδυοκαίδεκα,Λακεδμιμόυιοι

175 880 213 951 δέ
231 884 322 970 δέκα,
337 881 541 976 Ἐπιδαύριοι
558 883 632 955 δὲ’
614 886 714 973 οκτά,
729 885 902 979 Ἐρετριέες
916 888 981 959 δὲ
964 890 1059 979 επτά,
1086 901 1170 980 Τροι-

175 982 335 1071 ζῆνιοιδὲ
352 986 464 1071 πέντε,
483 987 631 1078 Στυρέες
649 986 687 1057 δέ
704 987 767 1058 δύο
785 990 841 1057 καὶ
858 998 952 1060 Κεῖοι
963 990 1034 1061 δύο
1051 1018 1088 1061 τε
1105 993 1171 1072 νέας
1204 1031 1208 1040 ·

176 1111 233 1151 και
222 1084 531 1175 πεντηκοντέρους
555 1086 629 1159 δύο.
664 1089 787 1179 Λοκροὶ
806 1090 848 1159 δέ
869 1112 943 1213 σφι
945 1097 981 1161 οί
992 1088 1171 1162 Ὀπούντιοι

141 1202 158 1251 2
177 1182 368 1271 έπεβάθεου
380 1190 660 1278 πεντηκοντέρους
679 1192 840 1275 ἔχοντες’
823 1190 912 1261 επτά.
931 1183 1037 1263 Ησαν
1052 1186 1155 1281 μέν
1133 1221 1171 1261 ων

177 1276 271 1352 ούτοι
288 1289 322 1352 ol
346 1286 599 1377 στρατευόμενοι
616 1286 669 1359 ἐπ’
682 1285 905 1410 Ἀρτεμίσιον,
930 1302 1057 1382 εἴρηται
1075 1295 1119 1361 δέ
1129 1321 1171 1415 μμ

170 1383 258 1451 nal*
237 1404 318 1453 οσον
330 1413 366 1454 το
356 1383 534 1473 πληθος
513 1410 644 1459 εκαστοι
650 1418 718 1459 των
724 1418 811 1459 νεων
819 1398 1023 1482 παρείχοντο.
1036 1392 1169 1482 ἀριθμός

170 1488 206 1558 δὲ
220 1494 289 1556 τῶν
303 1490 568 1575 συλλεχθεισέων
588 1492 676 1553 νεῶν
694 1484 746 1555 ἐπ’
765 1485 1011 1575 Ἀρτεμίσιον
988 1520 1051 1583 ην,
1073 1494 1167 1583 πάρεξ

169 1595 237 1658 τοῖν
247 1590 536 1675 πεντηκοντέρων,
551 1592 609 1672 μία
621 1588 676 1653 καὶ
692 1586 918 1673 ἑβδομήκοντα
929 1592 983 1659 καὶ
995 1592 1164 1679 διηκόσιαι.

169 1684 230 1755 τόν
245 1688 282 1755 δέ
296 1682 484 1773 στρατηγόν
497 1681 558 1753 τόν
569 1682 606 1752 τό
618 1686 776 1771 μέγιστον
790 1685 911 1771 κράτος
926 1692 1042 1775 ἔχοντα
1058 1698 1166 1779 παρεί·

168 1813 266 1876 χοντο
278 1791 484 1874 Σπαρτιῆται
495 1781 711 1871 Εὐρυβιάδεα
724 1780 785 1852 τόν
796 1781 1036 1872 Εὐρυκλείδεω.
1064 1796 1100 1859 ολ
1111 1788 1166 1877 γάρ

169 1888 335 1977 σύμμαχοι
346 1881 409 1954 οόκ
422 1890 562 1972 έφασαν,
579 1878 624 1971 ἢν
634 1878 680 1970 μή
692 1878 709 1950 ό
722 1882 845 1951 Λάκων
858 1878 1058 1978 ἡγεμονεύῃ,
1074 1886 1165 1976 Ἀθη-

169 1994 292 2057 ναίοισι
304 1987 445 2067 ἕψεσθαι
458 1980 680 2072 ἡγεομένοισι,
695 1978 779 2050 άλλά
791 1982 907 2051 λύσειν
918 1981 954 2052 τό
966 1989 1093 2071 μέλλον
1104 1994 1165 2058 έοε-

136 2108 153 2163 3
169 2099 250 2157 σθαι
265 2083 463 2173 στράτευμα.
483 2080 631 2169 Ἐγένετο
647 2078 712 2167 γάρ
728 2077 800 2149 κατ’
814 2077 917 2169 άρχάς
930 2082 1044 2172 λόγος,
1062 2080 1165 2174 πρὶυῆ

168 2188 224 2256 καὶ
237 2187 271 2264 ές
285 2188 445 2269 Σικελίην
459 2183 601 2269 πέμπειν
613 2181 665 2248 aaz
679 2187 885 2268 συμμαχίην,
903 2178 946 2260 ὡς
960 2181 996 2249 τό
1011 2180 1165 2251 ναυτικόν

168 2284 373 2371 Ἀθηναίοισι
388 2279 498 2369 χρεόν
519 2289 569 2368 ελη
587 2279 789 2366 έπιτράπειν.
820 2276 1031 2369 ἀντιβάντων
1052 2289 1091 2353 δέ
1108 2291 1166 2352 τῶν

168 2381 366 2472 συμμάχων
368 2378 458 2450 εἶκον
474 2378 525 2449 οί’
519 2389 706 2467 Αθηναῖοι,
720 2377 804 2467 μέγὀι
815 2383 1032 2468 πεποιημένοι
1047 2397 1166 2510 περιελ-

167 2511 224 2552 ναι
239 2508 302 2570 την
317 2477 475 2565 Ελλάδα,
497 2480 552 2546 καὶ
571 2475 727 2599 γνόγτες,
745 2482 776 2545 εί
789 2477 1005 2548 στασιάσουσι
1020 2483 1103 2577 περὶ
1116 2507 1166 2600 της

163 2577 401 2673 ἡγεμονίης,’
379 2605 423 2658 ως
438 2573 645 2665 άπολέεταιη
657 2572 783 2662 Ελλάς,
798 2573 887 2664 ὀρθά
905 2585 1078 2661 νοεῦντες·
1093 2580 1167 2649 στά-

167 2704 220 2759 τις
245 2677 310 2766 γάρ
328 2683 476 2800 ἔμφυλος
491 2680 640 2763 πολέμου
661 2671 929 2762 ὁμοφρονέοντος
943 2679 1092 2802 τοσούτφ
1112 2678 1166 2747 κά-

167 2782 244 2849 κιόν
262 2783 346 2862 έστι,
363 2777 431 2869 όσφ
447 2778 591 2862 πόλεμος
605 2774 747 2897 εἰρήνης.
778 2771 1052 2863 Ἐπιστάμενοι
1025 2803 1074 2846 ων
1092 2775 1164 2845 αύτὸ

165 2888 266 2949 τοῦτο
282 2875 345 2947 ούκ
358 2875 558 2962 άντέτεινον,
573 2871 648 2943 ἄλλ’
661 2872 763 2959 εἶκον,
779 2873 909 2962 μέχρι”
888 2893 973 2944 οσον
983 2876 1090 2961 κάρτα
1101 2875 1164 2945 έδέ-

168 3006 246 3047 ουτο
264 2972 394 3061 αὐτῶν,
410 2972 453 3054 ὡς
470 2975 628 3054 διέδεξαν.
651 2968 694 3048 ὦς
706 2971 769 3063 γάρ
780 2973 821 3063 δὴ
833 2973 997 3064 ὠσάμενοι
1010 2971 1070 3042 τόν
1083 2978 1163 3060 Πέρ·
1214 3003 1215 3008 ’

168 3103 233 3167 σην
249 3080 324 3165 περὶ
338 3082 396 3161 τῆς
411 3077 542 3144 ἐκείνου
555 3073 619 3162 ἤδη
633 3071 694 3142 τόν
707 3072 823 3160 άγιόνα
833 3075 1006 3142 ἐποιεῦντο
1014 3073 1160 3160 ,πρύφοι

169 3199 225 3246 σιν
246 3173 309 3262 την
322 3179 523 3242 Παυσανίεω
542 3171 644 3262 ὕβριν
659 3171 895 3259 προϊσχόμενοι
916 3169 1091 3242 άπείλυντο
1110 3195 1163 3258 την

167 3274 351 3363 ἡγεμονίην
364 3269 444 3351 τούς
458 3275 752 3358 Λακεδαιμονίους
777 3269 861 3340 άλλά
881 3277 985 3340 ταῦτα
999 3269 1099 3358 μέν’
1076 3291 1163 3340 υστε-

139 3398 232 3460 ςρου
244 3373 390 3456 ἐγένετο
417 3369 499 3438 Τότε
513 3370 548 3436 δέ
562 3361 655 3435 ουτοι
666 3372 700 3435 os
710 3369 764 3436 καὶ
778 3367 831 3436 ἐπ’
843 3366 1049 3457 Ἀρτεμίσιον
1056 3367 1162 3454 Ελλη

170 3497 242 3539 νων
256 3466 453 3555 ἀπικόμενοι
471 3464 515 3545 όις
531 3465 621 3534 εἶδον
636 3465 713 3542 νέας
726 3490 761 3532 τε
772 3465 896 3546 πολλάς
910 3469 1163 3553 καταχθείσαςές
