2500 3925
171 211 230 278 116
543 217 794 277 HERODOTI

166 381 271 465 λητέω
291 376 470 467 ὠρχήσατο.
496 384 555 446 καί
566 401 633 455 κως
647 377 760 468 ἑωυτῷ
780 379 843 464 μὲν
863 376 1009 465 ἀρεστῶς
1025 377 1177 467 όρχέετο,

166 473 184 543 6
202 477 238 546 δὲ
252 483 461 564 Κλεισθένης
472 474 581 564 ὁρέων
595 474 678 544 όλον
687 472 725 543 τό
736 484 874 564 πρῆγμα
886 475 1072 546 ὑπώπτευε.
1091 478 1176 564 μετά

165 575 202 642 δὲ
215 572 360 659 ἐπισχάν
375 571 629 660 ὁἹππυκλείδης
643 574 770 661 χρόνον
787 577 942 644 ἐκέλευσέ
954 578 989 646 οἵ
1000 603 1076 644 τινα
1089 578 1177 661 τρά-

163 681 266 757 πεζαν
279 679 460 763 ἐσενεῖκαι,
475 676 681 761 ἐσελθούσης
696 677 732 743 δὲ
745 682 804 762 τῆς
813 680 973 763 τραπέζης
982 683 1097 758 πρῶτα
1110 676 1176 760 μὲν

164 774 217 845 ἐπ’
234 773 337 861 αὐτῆς
354 774 524 864 ὠρχήσατο
538 774 720 845 Λακωνικὰ
737 779 916 864 σχημάτια,
938 775 1020 864 μετὰ
1035 780 1072 844 δὲ
1087 775 1176 844 ἀλλα

159 871 307 960 Ἀττικὰ,
328 873 367 943 τό
379 883 492 962 τρίτον
505 876 543 943 δὲ
558 871 620 960 τὴν
634 875 788 962 κεφαλὴν
801 878 930 962 ἐρείσας
947 877 999 943 ἐπὶ
1013 873 1075 961 τὴν
1088 875 1175 960 τρά-

162 979 265 1054 πεζαν
276 988 362 1044 τολσι
376 977 506 1043 σκέλεσι
520 973 762 1061 ἐχειρονόμησε.
785 977 994 1058 Κλεισθένης
1006 974 1042 1041 δὲ
1052 969 1093 1040 τά
1107 972 1175 1058 μὲν

162 1079 278 1156 πρῶτα
292 1075 348 1140 καλ
360 1070 400 1140 τά
416 1071 558 1157 δεότερα
571 1068 776 1158 ὀρχεομένου
786 1069 1005 1156 ἀποστυγέων
1013 1071 1173 1156 γαμβρόν

162 1175 196 1237 οί
207 1176 256 1238 ἐτι
270 1171 431 1257 γενέσθαι
440 1168 672 1254 Ἱπποκλείδην
689 1167 745 1237 διά
759 1169 824 1254 τήν
836 1193 872 1236 τε
885 1165 1025 1255 ὄρχησιν
1037 1170 1093 1234 καί
1107 1163 1174 1253 τὴν

161 1264 336 1336 ἀναίδειαν
350 1282 478 1354 κατεῖχε
491 1264 635 1353 ἑωυτόν,
658 1264 700 1335 οὐ
714 1267 921 1355 βουλόμενος
941 1269 1122 1352 ἐκραγῆναι
1136 1266 1175 1343 ἐς

161 1362 279 1433 αὐτόν·
299 1364 344 1445 ὥς
356 1365 393 1435 δὲ
407 1365 473 1435 εἶδε
486 1380 572 1435 τοῖσι
592 1369 723 1435 σκέλεσι
736 1366 1037 1453 χειρονομήσαντα,
1055 1361 1173 1432 οὐκέτι

161 1467 310 1551 κατέχειν
324 1465 514 1552 δυνάμενος
524 1465 611 1534 εἶπε·
629 1458 668 1533 Ὦ
682 1478 745 1532 παλ
752 1463 953 1550 Τισάνδρου,
966 1461 1171 1550 ἀπορχήσαό

160 1591 199 1651 γε
209 1563 278 1651 μὴν
287 1561 349 1633 τόν
357 1564 476 1653 γάμον.
496 1563 800 1651 όδέἹπποκλείδης
809 1562 993 1652 ἀπολαβόν
1004 1563 1090 1634 εἶπε·
1115 1560 1171 1631 Οά

161 1668 299 1751 φροντίς
307 1663 563 1787 Ιπποκλείδη.’
541 1664 607 1734 απὸ
618 1667 743 1734 τούτου
753 1666 816 1752 μὲν
826 1690 926 1732 τουτο
937 1662 1168 1751 οάνυμάξεται.

100 1779 148 1833 1³0
160 1766 366 1851 Κλεισθένης
379 1765 416 1832 δ
431 1762 532 1851 σιγὴν
546 1764 772 1860 ποιησόμενος
789 1765 878 1843 ἔλεξε
895 1764 929 1842 ἐς
947 1767 1050 1850 μέσον
1069 1763 1169 1832 τάδε·

158 1862 295 1945 ’Ἄνδρες
306 1858 474 1940 παιδος
434 1889 493 1950 της
499 1866 578 1950 ἐμης
589 1869 784 1950 μνηστῆρες,
792 1857 858 1946 έγω
864 1864 920 1928 καί
926 1860 1053 1940 παντας
1061 1858 1170 1947 νμέας

66 2036 72 2041 ,
157 1960 317 2045 ἐπαινέω,
332 1961 388 2028 καλ
401 1967 505 2029 πᾶσιν
518 1958 617 2048 ὑμῖν,
633 1968 664 2030 εί
679 1957 802 2029 οἷόντε
817 1969 884 2047 εἴη,
900 1957 1131 2047 χαριζοίμην”
1108 1987 1167 2047 αν,

156 2059 222 2145 μήτ
223 2056 309 2125 ’ἕνα
321 2056 437 2145 ὑμέων
453 2062 620 2145 ἐξαίρετον
631 2058 825 2145 ἀποκρίνων
839 2060 921 2145 μήτε
933 2058 1014 2140 τούς
1025 2057 1168 2138 λοιπούς

157 2156 427 2244 ἀποδοκιμάζων·
456 2156 529 2227 ἀλλ’
547 2157 590 2226 οὐ
608 2157 674 2245 γάρ
690 2154 744 2227 ολά
758 2160 796 2227 τέ
808 2159 876 2226 ἐστι
890 2165 966 2245 μιῆς
985 2159 1061 2243 πέρι
1075 2181 1168 2244 παρ-

156 2258 264 2326 θένου
283 2256 490 2342 βουλεύοντα
511 2263 593 2326 πᾶσι
613 2254 698 2326 κατά
721 2258 804 2327 νόον
827 2260 970 2342 ποιέειν,
993 2271 1078 2325 τοῖσι
1101 2258 1166 2341 μὲν

154 2353 269 2441 ὑμέων
283 2353 586 2443 ἀπελαυνομένοισι
599 2363 700 2427 τοῦδε
715 2364 782 2425 τοῦ
792 2359 904 2444 γόμου
919 2358 1084 2427 τάλαντον
1099 2355 1165 2444 ἀρ-

154 2459 276 2540 γυρίου
290 2452 417 2545 έκάστητ
431 2453 564 2542 δωρεὴν
578 2460 697 2542 δίδωμι
717 2462 774 2542 τῆς
787 2453 943 2536 ἀξιώσιος
957 2460 1086 2525 εἵνεκεν
1103 2464 1164 2540 τῆς
1247 2472 1248 2478 ’

153 2555 186 2631 ἐξ
208 2553 287 2636 ἐμεῦ
307 2557 411 2637 γῆμαι
428 2555 484 2619 καί
502 2559 561 2638 τῆς
581 2554 727 2633 ἐξολκου
744 2552 946 2641 ἀποδημίης,
967 2562 1013 2646 τῷ
1033 2556 1071 2623 δὲ
1086 2552 1162 2622 Ἀλ-
1246 2542 1247 2566 ’

152 2651 613 2736 κμαίωυοςΜεγακλέλέγγυῶ
621 2657 723 2719 παῖδα
732 2650 885 2739 τὴνέμήυ
895 2650 1091 2739 Ἀγαρίστην
1100 2652 1163 2720 νό-

153 2768 244 2835 μοισι
254 2746 546 2837 τολσιἍθηναίων.
561 2754 716 2837 φαμένου
725 2750 762 2820 δὲ
770 2754 957 2837 έγγυάσθαι
964 2758 1162 2837 Μεγακλέος

94 2864 141 2917 131
154 2844 340 2930 έκεκόρωτο
358 2845 376 2914 6
391 2848 499 2935 γάμος
515 2850 722 2917 Κλεισθένεϊ.
758 2846 857 2936 Ἀμφὶ
874 2849 936 2935 μὲν
969 2858 1059 2938 κρίσι
1090 2858 1161 2919 τῶν

153 2943 354 3030 μνηστήρων
380 2952 527 3014 τοσαῦτα
555 2950 686 3033 ἐγένετο
713 2949 768 3016 καὶ
795 2947 883 3015 οὕτω
905 2945 1161 3036 Ἀλκμαιωνίδαι

26 3087 30 3098 ·
153 3042 389 3130 ἐβόσθησαν’
368 3042 433 3111 ανά
447 3042 511 3131 τὴν
522 3041 679 3167 Ἑλλάδα,
691 3048 822 3115 τούτων
836 3048 872 3115 δέ
884 3048 1161 3134 συνοικησάντων

149 3149 279 3265 γίνεται
291 3146 499 3229 Κλεισθένης
511 3168 548 3211 τε
561 3141 580 3211 6
595 3140 655 3223 τάς
666 3144 776 3229 φυλάς
790 3142 894 3214 καί
857 3170 920 3230 την
933 3148 1160 3231 δημοκρατίην

149 3235 357 3328 Ἀθηναίοισι
370 3230 588 3329 καταστήσας,
600 3241 730 3329 ἐχειν
695 3270 733 3311 το
745 3240 876 3330 οὕνομα
886 3240 951 3310 ἀπὸ
962 3249 1024 3311 τοῦ
1033 3270 1159 3330 μητρυ-

153 3338 299 3424 πάτορος
312 3364 373 3407 του
358 3344 600 3409 ἫΣικνωνίου
621 3334 722 3420 οὗτός
735 3368 771 3410 τε
784 3339 826 3429 δη
842 3347 969 3427 γίνεται
987 3346 1161 3428 Μεγακλέϊ

153 3434 229 3503 καὶ
226 3435 448 3523 Ιπποκράτης,
460 3443 496 3507 ἐκ
508 3439 565 3507 δέ’
563 3442 791 3523 Ιπποκρότεος
802 3444 1001 3527 Μεγακλέης
1012 3468 1047 3511 τε
1059 3442 1160 3523 ἄλλος
