2500 3925
394 270 426 328 B.
458 272 478 329 I.
512 273 610 331 cAP.
643 277 785 335 m-va
1018 267 1062 337 35

77 435 180 551 αηλλςὸ
199 430 485 519 κατυπέρτεροι
454 434 500 495 τῶ
520 432 654 520 πολέμῳ
672 432 822 515 ἐγίνοντο
840 436 875 501 οί
897 436 1063 503 Λακεδαι-

75 526 193 613 μόνιοι·
228 524 292 614 ήδη
311 528 352 595 δέ
364 545 425 613 σφι
438 496 528 595 κάδ
512 553 532 612 η
554 524 659 661 πολλή
673 533 731 615 τῆς
743 529 1006 618 Πελοποννήσου
1017 522 1063 617 ήν

75 632 345 713 κατεστραμμένη.

151 726 266 791 Ταῦτα
293 714 393 809 δή
366 748 415 791 ων
442 721 551 791 πάντα
581 721 885 809 κυνδανάμενος’
870 752 889 793 ο
919 732 1107 808 Κροτσοςσν

76 830 192 911 ἔπεμπε
219 823 252 901 ές
272 821 435 909 Σπάρτην
459 818 621 908 ἀγγέλους
647 823 740 911 δῶρά
761 848 799 891 τε
822 825 986 911 φέροντας
1009 824 1065 891 καί

75 923 290 1009 δεησομένους
301 927 494 1009 συμμαχίης,
510 923 740 1009 ἐντειλάμενός
749 949 786 993 τε
796 921 838 993 τά
848 926 960 1011 λέγειν
969 931 1062 1013 χρήν.

73 1023 105 1087 οἱ
122 1018 156 1087 δέ
177 1017 334 1097 ἐλθόντες
354 1024 484 1105 ἔλεγον·
515 1018 663 1105 Ἐπεμγε
681 1018 784 1108 ἡμέας
798 1028 943 1107 Κροῖσος
959 1018 1066 1091 &Av-

73 1124 138 1187 δῶν
157 1144 192 1187 τε
214 1120 269 1186 καὶ
288 1114 400 1188 ἄλλων
415 1120 550 1187 ’ἐθνέων
569 1118 741 1206 βασιλεὺς,
768 1122 876 1205 λέγων
895 1121 990 1189 τάδε·
1024 1115 1064 1190 Ὦ

72 1216 344 1304 Λακεδαιμόνιοι,
357 1217 541 1304 χρήσαντος
554 1223 615 1285 τοῦ
629 1223 716 1285 θεοῦ
730 1212 791 1287 τδν
804 1215 949 1304 Ἕλληνα
963 1223 1066 1303 φίλον

71 1320 296 1403 προσθέσθαι,
322 1313 425 1403 ὑμέας
449 1313 515 1404 γάρ
539 1316 758 1403 πυνθάνομαι
779 1318 982 1405 προεστάναι
1007 1328 1066 1406 τῆς

67 1413 234 1501 Ἑλλάδος,
257 1412 360 1501 ὑμέας
382 1406 431 1483 οἷν
451 1412 534 1483 κατὰ
549 1412 586 1483 τὸ
603 1414 804 1503 χρηστήριον
818 1419 1065 1503 προσκαλέομαι

72 1519 167 1598 φίλος
182 1537 221 1580 τε
233 1514 362 1582 έδέλων
377 1515 535 1599 γενέσθαι
550 1514 605 1581 καὶ
626 1513 795 1599 σύμμαχος
810 1509 894 1581 ἄνευ
913 1537 948 1581 τε
963 1513 1067 1582 δόλου

70 1617 122 1683 καὶ
142 1610 279 1700 άπάτης.
321 1622 464 1702 Κροῖσος
483 1616 545 1702 μὲν
566 1613 606 1703 δή
629 1621 733 1683 ταῦτα
754 1612 795 1683 δι’
817 1612 969 1703 άγγέλων
990 1617 1067 1683 έκε-

69 1710 289 1799 κηρυκεύετο,
313 1712 571 1801 Λακεδαιμόνιοι
593 1712 629 1781 δὲ
643 1708 823 1799 άιιηκοότες
844 1716 900 1782 καλ
922 1710 1066 1782 αὖτολτδ

69 1809 278 1896 θεοπρόπιον
292 1805 330 1878 τό
346 1818 480 1901 Κροίσῳ
495 1810 682 1897 γενόμενον
697 1808 855 1898 ἥσθησάν
870 1836 906 1879 τε
921 1817 962 1900 τῇ
977 1806 1065 1889 ἀπίξι

68 1914 134 1974 τῶν
155 1910 272 1976 Δνδων
285 1910 341 1977 καλ
355 1910 552 1997 ἐποιήσαντο
570 1907 669 1997 ὅρκια
683 1912 805 1995 ξεινίης
817 1911 893 1998 πέρι
907 1910 964 1978 καί
979 1927 1069 1993 σνμ-

68 2003 199 2094 μαχίης·
228 2011 282 2077 καί
296 2008 360 2095 γάρ
376 2037 463 2089 τινες
480 2007 602 2090 αὐτοὺς
617 2005 802 2096 εὐεργεσίαι
817 2005 906 2096 εἶχον
917 2009 1069 2093 έκΚροί·

70 2129 131 2175 σου
152 2107 320 2193 πρότερον
341 2116 389 2182 έτι
409 2126 591 2200 γεγονυῖαι.
632 2112 818 2198 πέμψαντες
831 2105 897 2196 γάρ
913 2111 948 2178 οί
958 2116 1068 2178 Λακε-

71 2205 238 2291 δαιμόνιοι
260 2209 292 2286 ές
308 2207 435 2295 Σάρδις
454 2207 582 2297 χρνσδν
606 2205 767 2295 άνέοντο,
790 2209 823 2286 ές
836 2204 969 2294 ἄγαλμα
984 2212 1068 2293 βου-

70 2305 206 2392 λόμενοι
226 2305 414 2394 χρήσασθαι
434 2316 550 2396 τοῦτο,
574 2305 612 2377 τὸ
641 2315 707 2375 νῦν
729 2314 788 2394 τῆς
809 2310 1007 2391 Λακωνικῆς
1031 2307 1068 2372 έν

71 2403 219 2486 Θόρνακι
233 2407 364 2489 ἵδρυται
384 2403 607 2493 Ἀπόλλωνος,
637 2413 781 2490 Κροῖσος
796 2409 834 2471 δέ
847 2422 907 2489 σφι
923 2398 1070 2485 ὠνεομέ·

71 2523 157 2570 νοισι
170 2505 274 2570 ἔδωκε
290 2498 441 2592 δωτίνην.

155 2600 295 2670 Τούτων
317 2594 416 2669 τεάν
432 2604 559 2670 εἵνεκεν
575 2606 609 2670 οί
621 2599 880 2687 Λακεδαιμόνιοι
905 2595 967 2686 τήν
980 2615 1067 2683 συμ-
1078 2626 1113 2684 ⁷⁰
1158 2646 1171 2660 ,

71 2705 188 2785 μαχίην
204 2702 374 2786 ἐδέξαντο,
396 2701 452 2769 καί
471 2696 523 2768 ὅτι
545 2702 581 2768 έκ
602 2700 740 2768 πάντων
761 2701 864 2786 σφέας
884 2701 1067 2784 προκρίνας

72 2797 232 2885 Ελλήνων
242 2799 369 2885 αἱρέετο
386 2803 512 2885 φίλους.
530 2801 585 2868 καὶ
596 2805 694 2867 τοῦτο
704 2798 768 2921 μέν
780 2794 875 2865 αὐτοὶ
886 2788 972 2885 ἦσαν
984 2798 1068 2864 ἑτοί-

70 2921 123 2978 μοι
144 2899 392 2985 ἐπαγγείλαντι,
412 2904 510 2966 τοῦτο
533 2899 570 2966 δέ
589 2897 809 2985 ποιησάμενοι
823 2902 971 3017 κρητῆρα
987 2896 1065 2981 χάλ-

70 3019 161 3081 κεον,
186 2999 313 3085 ζῳδίων
333 3021 369 3064 τε
392 2999 518 3078 ἔξωθεν
537 2997 724 3085 πλήσαντες
744 2991 874 3118 περὶ
839 3021 877 3064 το
892 3004 998 3082 χεῖλος
1013 2996 1067 3063 καὶ

69 3091 212 3176 μεγάθει
226 3099 437 3180 τριηκοσίους
458 3091 628 3181 ἀμφορέας
647 3084 852 3182 χωρέοντα
829 3118 932 3180 ηγον,
957 3095 1068 3175 δωρον

69 3190 270 3276 βουλόμενοι
291 3187 488 3259 ἀντιδοῦναι
508 3198 652 3285 Κροίσῳ.
697 3183 796 3270 οὖτος
818 3186 835 3259 δ
858 3185 983 3275 κρητὴρ
1005 3184 1067 3256 οὐκ

69 3279 202 3354 ἀπίκετο
225 3290 257 3367 ές
271 3288 399 3374 Σάρδις
413 3285 453 3358 δι’
469 3295 573 3370 αίτίας
587 3293 743 3410 διφασίας
757 3288 937 3374 λεγομένας
950 3285 1065 3353 τᾶθδὲ

70 3387 102 3450 os
70 3386 175 3472 ομὲν
154 3387 449 3474 νΛακεδαιμόνιοι
470 3391 623 3475 λέγουσι,
653 3414 698 3466 ως
727 3381 877 3454 έπείτε’
858 3383 1069 3470 αγάμενοςές

71 3506 125 3560 τας
139 3482 300 3572 Σάρδις*
285 3512 303 3554 ο
320 3484 445 3573 κρητήρ
462 3489 587 3574 έγίνετο
605 3482 689 3556 κατά
706 3481 769 3570 τήν
783 3488 932 3627 Σαμίην,
957 3476 1070 3548 πνθδ·
