<?xml version="1.0" encoding="UTF-8"?>
<!DOCTYPE html PUBLIC "-//W3C//DTD XHTML 1.0 Transitional//EN"
    "http://www.w3.org/TR/xhtml1/DTD/xhtml1-transitional.dtd">
<html xmlns="http://www.w3.org/1999/xhtml" xml:lang="en" lang="en">
 <head>
  <title>
</title>
<meta http-equiv="Content-Type" content="text/html;charset=utf-8" />
  <meta name='ocr-system' content='tesseract 3.04.00' />
  <meta name='ocr-capabilities' content='ocr_page ocr_carea ocr_par ocr_line ocrx_word'/>
</head>
<body>
  <div class='ocr_page' id='page_1' title='image "./herodotihistori00dietgoog_0433.png"; bbox 0 0 2500 3925; ppageno 0'>
   <div class='ocr_carea' id='block_1_1' title="bbox 360 237 1098 301">
    <p class='ocr_par' dir='ltr' id='par_1_1' title="bbox 360 237 1098 301">
     <span class='ocr_line' id='line_1_1' title="bbox 360 237 1098 301; baseline 0.007 -5"><span class='ocrx_word' id='word_1_1' title='bbox 360 239 449 296; x_wconf 90' lang='lat' dir='ltr'><strong>LIB.</strong></span> <span class='ocrx_word' id='word_1_2' title='bbox 481 239 517 294; x_wconf 87' lang='lat' dir='ltr'><strong><em>V.</em></strong></span> <span class='ocrx_word' id='word_1_3' title='bbox 552 238 653 296; x_wconf 79' lang='lat' dir='ltr'><strong>cAP.</strong></span> <span class='ocrx_word' id='word_1_4' title='bbox 685 244 828 301; x_wconf 68' lang='lat'><strong>67-72.</strong></span> <span class='ocrx_word' id='word_1_5' title='bbox 1056 237 1098 301; x_wconf 79' lang='lat'><strong><em>33</em></strong></span> 
     </span>
    </p>
   </div>
   <div class='ocr_carea' id='block_1_2' title="bbox 71 392 1158 3604">
    <p class='ocr_par' dir='ltr' id='par_1_2' title="bbox 71 392 1146 1769">
     <span class='ocr_line' id='line_1_2' title="bbox 87 392 1098 482; baseline 0.006 -21"><span class='ocrx_word' id='word_1_6' title='bbox 87 393 222 482; x_wconf 82' lang='grc' dir='ltr'><strong><em>ἐξέβαλε</em></strong></span> <span class='ocrx_word' id='word_1_7' title='bbox 248 399 455 468; x_wconf 80' lang='grc' dir='ltr'><strong><em>Κλεισθένεα</em></strong></span> <span class='ocrx_word' id='word_1_8' title='bbox 483 399 538 468; x_wconf 80' lang='grc' dir='ltr'><strong><em>καὶ</em></strong></span> <span class='ocrx_word' id='word_1_9' title='bbox 565 392 638 482; x_wconf 87' lang='grc' dir='ltr'><strong><em>μετ’</em></strong></span> <span class='ocrx_word' id='word_1_10' title='bbox 671 394 777 466; x_wconf 76' lang='grc' dir='ltr'><strong><em>αὐτοῦ</em></strong></span> <span class='ocrx_word' id='word_1_11' title='bbox 804 397 928 479; x_wconf 83' lang='grc' dir='ltr'><strong><em>ἀλλους</em></strong></span> <span class='ocrx_word' id='word_1_12' title='bbox 951 396 1098 480; x_wconf 83' lang='grc' dir='ltr'><strong><em>πολλούς</em></strong></span> 
     </span>
     <span class='ocr_line' id='line_1_3' title="bbox 86 487 1098 583; baseline 0.005 -23"><span class='ocrx_word' id='word_1_13' title='bbox 86 487 291 582; x_wconf 81' lang='grc' dir='ltr'><strong><em>Ἀθηναίων,</em></strong></span> <span class='ocrx_word' id='word_1_14' title='bbox 313 493 393 576; x_wconf 84' lang='grc' dir='ltr'><strong><em>τούς</em></strong></span> <span class='ocrx_word' id='word_1_15' title='bbox 413 497 551 582; x_wconf 86' lang='grc' dir='ltr'><strong><em>ἐναγέας</em></strong></span> <span class='ocrx_word' id='word_1_16' title='bbox 571 497 743 580; x_wconf 83' lang='grc' dir='ltr'><strong><em>ἐπιλέγων.</em></strong></span> <span class='ocrx_word' id='word_1_17' title='bbox 776 503 881 565; x_wconf 87' lang='grc' dir='ltr'><strong><em>ταῦτα</em></strong></span> <span class='ocrx_word' id='word_1_18' title='bbox 902 500 939 565; x_wconf 76' lang='grc' dir='ltr'><strong><em>δὲ</em></strong></span> <span class='ocrx_word' id='word_1_19' title='bbox 957 498 1098 583; x_wconf 89' lang='grc' dir='ltr'><strong><em>πέμπων</em></strong></span> 
     </span>
     <span class='ocr_line' id='line_1_4' title="bbox 88 591 1098 681; baseline 0.004 -24"><span class='ocrx_word' id='word_1_20' title='bbox 88 593 182 677; x_wconf 82' lang='grc' dir='ltr'><strong><em>ἔλεγε</em></strong></span> <span class='ocrx_word' id='word_1_21' title='bbox 196 595 233 661; x_wconf 83' lang='grc' dir='ltr'><strong><em>ἐκ</em></strong></span> <span class='ocrx_word' id='word_1_22' title='bbox 250 598 384 681; x_wconf 75' lang='grc' dir='ltr'><em>διδαχῆς</em></span> <span class='ocrx_word' id='word_1_23' title='bbox 398 601 460 663; x_wconf 87' lang='grc' dir='ltr'><strong><em>τοῦ</em></strong></span> <span class='ocrx_word' id='word_1_24' title='bbox 472 591 665 680; x_wconf 80' lang='grc' dir='ltr'><em>Ἰσαγόρεω·</em></span> <span class='ocrx_word' id='word_1_25' title='bbox 687 599 721 662; x_wconf 89' lang='grc' dir='ltr'><strong><em>οί</em></strong></span> <span class='ocrx_word' id='word_1_26' title='bbox 729 598 792 680; x_wconf 76' lang='grc' dir='ltr'><strong><em>μὲν</em></strong></span> <span class='ocrx_word' id='word_1_27' title='bbox 802 593 868 679; x_wconf 79' lang='grc' dir='ltr'><strong><em>γάρ</em></strong></span> <span class='ocrx_word' id='word_1_28' title='bbox 879 591 1098 680; x_wconf 77' lang='grc' dir='ltr'><strong><em>Ἀλκμαιωνί-</em></strong></span> 
     </span>
     <span class='ocr_line' id='line_1_5' title="bbox 88 691 1098 782; baseline 0.007 -25"><span class='ocrx_word' id='word_1_29' title='bbox 88 694 145 758; x_wconf 80' lang='grc' dir='ltr'><strong><em>θαι</em></strong></span> <span class='ocrx_word' id='word_1_30' title='bbox 165 696 220 762; x_wconf 81' lang='grc' dir='ltr'><strong><em>καὶ</em></strong></span> <span class='ocrx_word' id='word_1_31' title='bbox 243 701 277 764; x_wconf 87' lang='grc' dir='ltr'><strong><em>οί</em></strong></span> <span class='ocrx_word' id='word_1_32' title='bbox 289 713 513 764; x_wconf 73' lang='grc' dir='ltr'><strong><em>σνστασιωται</em></strong></span> <span class='ocrx_word' id='word_1_33' title='bbox 534 691 649 762; x_wconf 83' lang='grc' dir='ltr'><strong><em>α’ύτων</em></strong></span> <span class='ocrx_word' id='word_1_34' title='bbox 671 692 761 779; x_wconf 86' lang='grc' dir='ltr'><strong><em>εἶχον</em></strong></span> <span class='ocrx_word' id='word_1_35' title='bbox 781 702 891 782; x_wconf 77' lang='grc' dir='ltr'><strong><em>αἰτίην</em></strong></span> <span class='ocrx_word' id='word_1_36' title='bbox 907 702 971 763; x_wconf 83' lang='grc' dir='ltr'><strong><em>τοῦ</em></strong></span> <span class='ocrx_word' id='word_1_37' title='bbox 984 695 1098 782; x_wconf 88' lang='grc' dir='ltr'><strong><em>φόνου</em></strong></span> 
     </span>
     <span class='ocr_line' id='line_1_6' title="bbox 87 788 1146 878; baseline 0.007 -23"><span class='ocrx_word' id='word_1_38' title='bbox 87 790 230 878; x_wconf 87' lang='grc' dir='ltr'><strong><em>τούτου,</em></strong></span> <span class='ocrx_word' id='word_1_39' title='bbox 251 789 352 871; x_wconf 83' lang='grc' dir='ltr'><strong><em>αὐτὸς</em></strong></span> <span class='ocrx_word' id='word_1_40' title='bbox 366 793 404 860; x_wconf 73' lang='grc' dir='ltr'><strong><em>δὲ</em></strong></span> <span class='ocrx_word' id='word_1_41' title='bbox 421 788 463 859; x_wconf 89' lang='grc' dir='ltr'><strong><em>ού</em></strong></span> <span class='ocrx_word' id='word_1_42' title='bbox 477 805 621 878; x_wconf 68' lang='grc' dir='ltr'><strong><em>μετεῖχε,</em></strong></span> <span class='ocrx_word' id='word_1_43' title='bbox 644 789 720 860; x_wconf 77' lang='grc' dir='ltr'><strong><em>οὐδ’</em></strong></span> <span class='ocrx_word' id='word_1_44' title='bbox 741 797 776 861; x_wconf 82' lang='grc' dir='ltr'><strong><em>ολ</em></strong></span> <span class='ocrx_word' id='word_1_45' title='bbox 789 799 882 878; x_wconf 85' lang='grc' dir='ltr'><strong><em>φίλοι</em></strong></span> <span class='ocrx_word' id='word_1_46' title='bbox 896 790 1012 862; x_wconf 79' lang='grc' dir='ltr'><strong><em>αὐτοῦ.</em></strong></span> <span class='ocrx_word' id='word_1_47' title='bbox 1057 796 1101 861; x_wconf 86' lang='grc' dir='ltr'><strong><em>Οί</em></strong></span> <span class='ocrx_word' id='word_1_48' title='bbox 1113 807 1146 863; x_wconf 79' lang='grc'><strong><em>71</em></strong></span> 
     </span>
     <span class='ocr_line' id='line_1_7' title="bbox 88 885 1099 980; baseline 0.002 -22"><span class='ocrx_word' id='word_1_49' title='bbox 88 888 121 958; x_wconf 77' lang='grc' dir='ltr'><strong><em>δ’</em></strong></span> <span class='ocrx_word' id='word_1_50' title='bbox 144 894 277 979; x_wconf 76' lang='grc' dir='ltr'><strong><em>ἐναγέες</em></strong></span> <span class='ocrx_word' id='word_1_51' title='bbox 293 891 483 980; x_wconf 76' lang='grc' dir='ltr'><strong><em>Ἀθηναίων</em></strong></span> <span class='ocrx_word' id='word_1_52' title='bbox 507 885 573 962; x_wconf 70' lang='grc' dir='ltr'><strong><em>οἶδε</em></strong></span> <span class='ocrx_word' id='word_1_53' title='bbox 594 889 879 980; x_wconf 82' lang='grc' dir='ltr'><strong><em>ούνομάσθησαν·</em></strong></span> <span class='ocrx_word' id='word_1_54' title='bbox 909 887 954 980; x_wconf 81' lang='grc' dir='ltr'><strong><em>ἦν</em></strong></span> <span class='ocrx_word' id='word_1_55' title='bbox 973 894 1099 962; x_wconf 80' lang='grc' dir='ltr'><strong><em>Κύλων</em></strong></span> 
     </span>
     <span class='ocr_line' id='line_1_8' title="bbox 88 984 1100 1080; baseline 0.005 -26"><span class='ocrx_word' id='word_1_56' title='bbox 88 995 157 1056; x_wconf 78' lang='grc' dir='ltr'><strong><em>τῶν</em></strong></span> <span class='ocrx_word' id='word_1_57' title='bbox 175 988 364 1076; x_wconf 77' lang='grc' dir='ltr'><strong><em>Ἀθηναίων</em></strong></span> <span class='ocrx_word' id='word_1_58' title='bbox 384 989 470 1078; x_wconf 77' lang='grc' dir='ltr'><strong><em>ἀνὴρ</em></strong></span> <span class='ocrx_word' id='word_1_59' title='bbox 488 989 753 1078; x_wconf 78' lang='grc' dir='ltr'><strong><em>Ὀλυμπιονίκης</em></strong></span> <span class='ocrx_word' id='word_1_60' title='bbox 786 984 885 1071; x_wconf 83' lang='grc' dir='ltr'><strong><em>οὗτος</em></strong></span> <span class='ocrx_word' id='word_1_61' title='bbox 902 994 957 1061; x_wconf 76' lang='grc' dir='ltr'><strong><em>ἐπὶ</em></strong></span> <span class='ocrx_word' id='word_1_62' title='bbox 972 1017 1100 1080; x_wconf 88' lang='grc' dir='ltr'><strong><em>τνραν-</em></strong></span> 
     </span>
     <span class='ocr_line' id='line_1_9' title="bbox 71 1087 1099 1178; baseline 0.004 -24"><span class='ocrx_word' id='word_1_63' title='bbox 71 1089 158 1155; x_wconf 74' lang='grc' dir='ltr'><strong><em>ἱνίὸι</em></strong></span> <span class='ocrx_word' id='word_1_64' title='bbox 178 1087 337 1177; x_wconf 77' lang='grc' dir='ltr'><strong><em>ἐκόμησε,</em></strong></span> <span class='ocrx_word' id='word_1_65' title='bbox 359 1088 674 1178; x_wconf 77' lang='grc' dir='ltr'><strong><em>προσποιησάμενος</em></strong></span> <span class='ocrx_word' id='word_1_66' title='bbox 694 1088 730 1157; x_wconf 75' lang='grc' dir='ltr'><strong><em>δὲ</em></strong></span> <span class='ocrx_word' id='word_1_67' title='bbox 749 1092 920 1178; x_wconf 72' lang='grc' dir='ltr'><strong><em>ἑταιρηίην</em></strong></span> <span class='ocrx_word' id='word_1_68' title='bbox 935 1098 1005 1160; x_wconf 77' lang='grc' dir='ltr'><strong><em>τῶν</em></strong></span> <span class='ocrx_word' id='word_1_69' title='bbox 1023 1087 1099 1178; x_wconf 83' lang='grc' dir='ltr'><strong><em>ἡλι-</em></strong></span> 
     </span>
     <span class='ocr_line' id='line_1_10' title="bbox 88 1185 1101 1276; baseline 0.003 -22"><span class='ocrx_word' id='word_1_70' title='bbox 88 1188 239 1260; x_wconf 88' lang='grc' dir='ltr'><strong><em>κιωτέων</em></strong></span> <span class='ocrx_word' id='word_1_71' title='bbox 262 1196 463 1276; x_wconf 70' lang='grc' dir='ltr'><strong><em>καταλαβεῖν</em></strong></span> <span class='ocrx_word' id='word_1_72' title='bbox 482 1187 546 1275; x_wconf 80' lang='grc' dir='ltr'><strong><em>τὴν</em></strong></span> <span class='ocrx_word' id='word_1_73' title='bbox 565 1185 753 1276; x_wconf 86' lang='grc' dir='ltr'><strong><em>ἀκρόπολιν</em></strong></span> <span class='ocrx_word' id='word_1_74' title='bbox 771 1190 952 1276; x_wconf 75' lang='grc' dir='ltr'><strong><em>ἐπειρήθη,</em></strong></span> <span class='ocrx_word' id='word_1_75' title='bbox 974 1188 1017 1258; x_wconf 88' lang='grc' dir='ltr'><strong><em>ού</em></strong></span> <span class='ocrx_word' id='word_1_76' title='bbox 1037 1194 1101 1257; x_wconf 78' lang='grc' dir='ltr'><strong><em>ἀυ-</em></strong></span> 
     </span>
     <span class='ocr_line' id='line_1_11' title="bbox 91 1279 1100 1375; baseline 0.01 -23"><span class='ocrx_word' id='word_1_77' title='bbox 91 1282 235 1370; x_wconf 87' lang='grc' dir='ltr'><strong><em>νάμενος</em></strong></span> <span class='ocrx_word' id='word_1_78' title='bbox 246 1286 283 1354; x_wconf 76' lang='grc' dir='ltr'><strong><em>δὲ</em></strong></span> <span class='ocrx_word' id='word_1_79' title='bbox 293 1289 509 1375; x_wconf 76' lang='grc' dir='ltr'><strong><em>ἐπικρατῆσαι</em></strong></span> <span class='ocrx_word' id='word_1_80' title='bbox 520 1279 1009 1373; x_wconf 65' lang='grc' dir='ltr'><strong><em>ίκπηςῖζετοσοόετόἅγαίμα.</em></strong></span> <span class='ocrx_word' id='word_1_81' title='bbox 1018 1286 1100 1355; x_wconf 78' lang='grc' dir='ltr'><strong><em>τού·</em></strong></span> 
     </span>
     <span class='ocr_line' id='line_1_12' title="bbox 91 1378 1099 1474; baseline 0.004 -26"><span class='ocrx_word' id='word_1_82' title='bbox 91 1406 170 1458; x_wconf 89' lang='grc' dir='ltr'><strong><em>τους</em></strong></span> <span class='ocrx_word' id='word_1_83' title='bbox 192 1378 347 1452; x_wconf 79' lang='grc' dir='ltr'><strong><em>ἀνιστᾶσι</em></strong></span> <span class='ocrx_word' id='word_1_84' title='bbox 381 1384 444 1472; x_wconf 69' lang='grc' dir='ltr'><strong><em>μὲν</em></strong></span> <span class='ocrx_word' id='word_1_85' title='bbox 468 1389 503 1454; x_wconf 87' lang='grc' dir='ltr'><strong><em>οί</em></strong></span> <span class='ocrx_word' id='word_1_86' title='bbox 522 1384 706 1470; x_wconf 76' lang='grc' dir='ltr'><strong><em>πρυτάνιες</em></strong></span> <span class='ocrx_word' id='word_1_87' title='bbox 726 1392 795 1452; x_wconf 78' lang='grc' dir='ltr'><strong><em>τῶν</em></strong></span> <span class='ocrx_word' id='word_1_88' title='bbox 816 1384 1099 1474; x_wconf 76' lang='grc' dir='ltr'><strong><em>νανκράρων,οἵ-</em></strong></span> 
     </span>
     <span class='ocr_line' id='line_1_13' title="bbox 91 1478 1100 1568; baseline 0.001 -20"><span class='ocrx_word' id='word_1_89' title='bbox 91 1502 154 1565; x_wconf 90' lang='grc' dir='ltr'><strong><em>περ</em></strong></span> <span class='ocrx_word' id='word_1_90' title='bbox 170 1483 290 1566; x_wconf 77' lang='grc' dir='ltr'><strong><em>ἔνεμον</em></strong></span> <span class='ocrx_word' id='word_1_91' title='bbox 310 1480 387 1551; x_wconf 82' lang='grc' dir='ltr'><strong><em>τότε</em></strong></span> <span class='ocrx_word' id='word_1_92' title='bbox 405 1479 465 1562; x_wconf 84' lang='grc' dir='ltr'><strong><em>τάς</em></strong></span> <span class='ocrx_word' id='word_1_93' title='bbox 481 1479 645 1568; x_wconf 73' lang='grc' dir='ltr'><strong><em>Ἀθήνας,</em></strong></span> <span class='ocrx_word' id='word_1_94' title='bbox 666 1478 861 1567; x_wconf 72' lang='grc' dir='ltr'><strong><em>ὑπεγγύους</em></strong></span> <span class='ocrx_word' id='word_1_95' title='bbox 881 1480 970 1568; x_wconf 76' lang='grc' dir='ltr'><strong><em>πλὴν</em></strong></span> <span class='ocrx_word' id='word_1_96' title='bbox 986 1480 1100 1551; x_wconf 85' lang='grc' dir='ltr'><strong><em>θανά-</em></strong></span> 
     </span>
     <span class='ocr_line' id='line_1_14' title="bbox 92 1578 1099 1668; baseline 0.004 -23"><span class='ocrx_word' id='word_1_97' title='bbox 92 1603 163 1663; x_wconf 88' lang='grc' dir='ltr'><strong><em>του,</em></strong></span> <span class='ocrx_word' id='word_1_98' title='bbox 179 1585 344 1664; x_wconf 86' lang='grc' dir='ltr'><strong><em>φονεῦσαι</em></strong></span> <span class='ocrx_word' id='word_1_99' title='bbox 354 1580 392 1649; x_wconf 76' lang='grc' dir='ltr'><strong><em>σὲ</em></strong></span> <span class='ocrx_word' id='word_1_100' title='bbox 402 1579 527 1662; x_wconf 86' lang='grc' dir='ltr'><strong><em>αύτούς</em></strong></span> <span class='ocrx_word' id='word_1_101' title='bbox 537 1587 624 1667; x_wconf 87' lang='grc' dir='ltr'><strong><em>αίτίη</em></strong></span> <span class='ocrx_word' id='word_1_102' title='bbox 636 1578 978 1668; x_wconf 78' lang='grc' dir='ltr'><strong><em>ἐχειἍλκμαιωνίθας.</em></strong></span> <span class='ocrx_word' id='word_1_103' title='bbox 994 1588 1099 1651; x_wconf 80' lang='grc' dir='ltr'><strong><em>ταῦτα</em></strong></span> 
     </span>
     <span class='ocr_line' id='line_1_15' title="bbox 91 1675 793 1769; baseline 0.003 -23"><span class='ocrx_word' id='word_1_104' title='bbox 91 1675 157 1766; x_wconf 81' lang='grc' dir='ltr'><strong><em>πρὸ</em></strong></span> <span class='ocrx_word' id='word_1_105' title='bbox 173 1685 231 1765; x_wconf 85' lang='grc' dir='ltr'><strong><em>τῆς</em></strong></span> <span class='ocrx_word' id='word_1_106' title='bbox 243 1682 488 1767; x_wconf 77' lang='grc' dir='ltr'><strong><em>Πεισιστράτου</em></strong></span> <span class='ocrx_word' id='word_1_107' title='bbox 502 1679 634 1769; x_wconf 84' lang='grc' dir='ltr'><strong><em>ἡλικίης</em></strong></span> <span class='ocrx_word' id='word_1_108' title='bbox 651 1683 793 1767; x_wconf 76' lang='grc' dir='ltr'><strong><em>ἐγένετο.</em></strong></span> 
     </span>
    </p>

    <p class='ocr_par' dir='ltr' id='par_1_3' title="bbox 88 1775 1158 3541">
     <span class='ocr_line' id='line_1_16' title="bbox 174 1775 1147 1866; baseline -0.002 -21"><span class='ocrx_word' id='word_1_109' title='bbox 174 1777 366 1865; x_wconf 74' lang='grc' dir='ltr'><strong><em>Κλεομένης</em></strong></span> <span class='ocrx_word' id='word_1_110' title='bbox 382 1781 419 1847; x_wconf 72' lang='grc' dir='ltr'><strong><em>δέ</em></strong></span> <span class='ocrx_word' id='word_1_111' title='bbox 441 1775 485 1858; x_wconf 83' lang='grc' dir='ltr'><strong><em>ὡς</em></strong></span> <span class='ocrx_word' id='word_1_112' title='bbox 505 1781 646 1866; x_wconf 88' lang='grc' dir='ltr'><strong><em>πέμπων</em></strong></span> <span class='ocrx_word' id='word_1_113' title='bbox 666 1779 800 1865; x_wconf 81' lang='grc' dir='ltr'><strong><em>ἐξέβαλε</em></strong></span> <span class='ocrx_word' id='word_1_114' title='bbox 814 1780 1022 1847; x_wconf 79' lang='grc' dir='ltr'><strong><em>Κλεισθένεα</em></strong></span> <span class='ocrx_word' id='word_1_115' title='bbox 1043 1781 1098 1846; x_wconf 82' lang='grc' dir='ltr'><strong><em>καὶ</em></strong></span> <span class='ocrx_word' id='word_1_116' title='bbox 1113 1789 1147 1845; x_wconf 70' lang='grc' dir='ltr'><strong><em>λλ</em></strong></span> 
     </span>
     <span class='ocr_line' id='line_1_17' title="bbox 92 1874 1097 1967; baseline 0 -22"><span class='ocrx_word' id='word_1_117' title='bbox 92 1875 170 1956; x_wconf 86' lang='grc' dir='ltr'><strong><em>τούς</em></strong></span> <span class='ocrx_word' id='word_1_118' title='bbox 194 1878 347 1965; x_wconf 88' lang='grc' dir='ltr'><strong><em>ἐναγέας,</em></strong></span> <span class='ocrx_word' id='word_1_119' title='bbox 371 1885 580 1967; x_wconf 78' lang='grc' dir='ltr'><strong><em>Κλεισθένης</em></strong></span> <span class='ocrx_word' id='word_1_120' title='bbox 606 1882 670 1967; x_wconf 77' lang='grc' dir='ltr'><strong><em>μέν</em></strong></span> <span class='ocrx_word' id='word_1_121' title='bbox 694 1875 795 1957; x_wconf 76' lang='grc' dir='ltr'><strong><em>αὐτός</em></strong></span> <span class='ocrx_word' id='word_1_122' title='bbox 815 1875 989 1966; x_wconf 75' lang='grc' dir='ltr'><strong><em>ὑπεξέσχε,</em></strong></span> <span class='ocrx_word' id='word_1_123' title='bbox 1016 1874 1097 1965; x_wconf 85' lang='grc' dir='ltr'><strong><em>μετά</em></strong></span> 
     </span>
     <span class='ocr_line' id='line_1_18' title="bbox 92 1973 1100 2067; baseline 0 -23"><span class='ocrx_word' id='word_1_124' title='bbox 92 1978 129 2045; x_wconf 75' lang='grc' dir='ltr'><strong><em>δὲ</em></strong></span> <span class='ocrx_word' id='word_1_125' title='bbox 148 1974 249 2045; x_wconf 76' lang='grc' dir='ltr'><strong><em>οὐδὲν</em></strong></span> <span class='ocrx_word' id='word_1_126' title='bbox 265 1976 364 2046; x_wconf 80' lang='grc' dir='ltr'><strong><em>ἕσσον</em></strong></span> <span class='ocrx_word' id='word_1_127' title='bbox 381 1987 493 2067; x_wconf 83' lang='grc' dir='ltr'><strong><em>παρῆν</em></strong></span> <span class='ocrx_word' id='word_1_128' title='bbox 513 1982 546 2059; x_wconf 85' lang='grc' dir='ltr'><strong><em>ἐς</em></strong></span> <span class='ocrx_word' id='word_1_129' title='bbox 565 1976 624 2057; x_wconf 82' lang='grc' dir='ltr'><strong><em>τάς</em></strong></span> <span class='ocrx_word' id='word_1_130' title='bbox 643 1975 789 2065; x_wconf 80' lang='grc' dir='ltr'><strong><em>Ἀθήνας</em></strong></span> <span class='ocrx_word' id='word_1_131' title='bbox 805 1974 824 2046; x_wconf 87' lang='grc' dir='ltr'><strong>ὁ</strong></span> <span class='ocrx_word' id='word_1_132' title='bbox 844 1978 1036 2064; x_wconf 82' lang='grc' dir='ltr'><strong><em>Κλεομένης</em></strong></span> <span class='ocrx_word' id='word_1_133' title='bbox 1057 1973 1100 2044; x_wconf 90' lang='grc' dir='ltr'><strong><em>ού</em></strong></span> 
     </span>
     <span class='ocr_line' id='line_1_19' title="bbox 94 2073 1100 2171; baseline 0 -28"><span class='ocrx_word' id='word_1_134' title='bbox 94 2073 159 2143; x_wconf 83' lang='grc' dir='ltr'><strong><em>σύν</em></strong></span> <span class='ocrx_word' id='word_1_135' title='bbox 178 2076 306 2165; x_wconf 79' lang='grc' dir='ltr'><strong><em>μεγάλη</em></strong></span> <span class='ocrx_word' id='word_1_136' title='bbox 327 2081 428 2164; x_wconf 78' lang='grc' dir='ltr'><strong><em>χειρὶ,</em></strong></span> <span class='ocrx_word' id='word_1_137' title='bbox 449 2076 653 2171; x_wconf 83' lang='grc' dir='ltr'><strong><em>ἀπικόμενος</em></strong></span> <span class='ocrx_word' id='word_1_138' title='bbox 673 2076 710 2146; x_wconf 72' lang='grc' dir='ltr'><strong><em>δέ</em></strong></span> <span class='ocrx_word' id='word_1_139' title='bbox 731 2074 905 2163; x_wconf 77' lang='grc' dir='ltr'><strong><em>ἀγηλατέει</em></strong></span> <span class='ocrx_word' id='word_1_140' title='bbox 920 2075 1100 2145; x_wconf 70' lang='grc' dir='ltr'><strong><em>ἑπτακόσια</em></strong></span> 
     </span>
     <span class='ocr_line' id='line_1_20' title="bbox 92 2171 1100 2263; baseline -0.003 -20"><span class='ocrx_word' id='word_1_141' title='bbox 92 2178 221 2243; x_wconf 84' lang='grc' dir='ltr'><strong><em>ἐπίστια</em></strong></span> <span class='ocrx_word' id='word_1_142' title='bbox 231 2171 436 2263; x_wconf 74' lang='grc' dir='ltr'><strong><em>Ἀθηναίων,</em></strong></span> <span class='ocrx_word' id='word_1_143' title='bbox 451 2176 493 2246; x_wconf 91' lang='grc' dir='ltr'><strong><em>τά</em></strong></span> <span class='ocrx_word' id='word_1_144' title='bbox 507 2181 542 2244; x_wconf 80' lang='grc' dir='ltr'><strong><em>οἱ</em></strong></span> <span class='ocrx_word' id='word_1_145' title='bbox 551 2174 698 2245; x_wconf 81' lang='grc' dir='ltr'><strong><em>ὑπέθετο</em></strong></span> <span class='ocrx_word' id='word_1_146' title='bbox 710 2172 729 2242; x_wconf 83' lang='grc' dir='ltr'><strong>ὁ</strong></span> <span class='ocrx_word' id='word_1_147' title='bbox 743 2172 921 2261; x_wconf 82' lang='grc' dir='ltr'><strong><em>Ἰσαγόρης.</em></strong></span> <span class='ocrx_word' id='word_1_148' title='bbox 943 2180 1048 2241; x_wconf 80' lang='grc' dir='ltr'><strong><em>ταῦτα</em></strong></span> <span class='ocrx_word' id='word_1_149' title='bbox 1062 2174 1100 2240; x_wconf 76' lang='grc' dir='ltr'><strong><em>δὲ</em></strong></span> 
     </span>
     <span class='ocr_line' id='line_1_21' title="bbox 91 2272 1100 2364; baseline -0.004 -21"><span class='ocrx_word' id='word_1_150' title='bbox 91 2273 232 2361; x_wconf 80' lang='grc' dir='ltr'><strong><em>ποιήσας</em></strong></span> <span class='ocrx_word' id='word_1_151' title='bbox 247 2275 388 2362; x_wconf 80' lang='grc' dir='ltr'><strong><em>δεύτερα</em></strong></span> <span class='ocrx_word' id='word_1_152' title='bbox 400 2274 463 2363; x_wconf 79' lang='grc' dir='ltr'><strong><em>τὴν</em></strong></span> <span class='ocrx_word' id='word_1_153' title='bbox 477 2272 606 2364; x_wconf 79' lang='grc' dir='ltr'><strong><em>βουλὴν</em></strong></span> <span class='ocrx_word' id='word_1_154' title='bbox 625 2273 805 2344; x_wconf 84' lang='grc' dir='ltr'><strong><em>καταλύειν</em></strong></span> <span class='ocrx_word' id='word_1_155' title='bbox 819 2275 990 2357; x_wconf 83' lang='grc' dir='ltr'><strong><em>ἐπειρᾶτο,</em></strong></span> <span class='ocrx_word' id='word_1_156' title='bbox 1004 2296 1100 2358; x_wconf 88' lang='grc' dir='ltr'><strong><em>τριη-</em></strong></span> 
     </span>
     <span class='ocr_line' id='line_1_22' title="bbox 91 2368 1100 2463; baseline -0.006 -20"><span class='ocrx_word' id='word_1_157' title='bbox 91 2383 234 2443; x_wconf 86' lang='grc' dir='ltr'><strong><em>κοσίοισι</em></strong></span> <span class='ocrx_word' id='word_1_158' title='bbox 251 2376 288 2443; x_wconf 75' lang='grc' dir='ltr'><strong><em>δὲ</em></strong></span> <span class='ocrx_word' id='word_1_159' title='bbox 307 2390 393 2445; x_wconf 71' lang='grc' dir='ltr'><strong><em>τοῖσι</em></strong></span> <span class='ocrx_word' id='word_1_160' title='bbox 410 2374 587 2463; x_wconf 84' lang='grc' dir='ltr'><strong><em>Ἰσαγόρεω</em></strong></span> <span class='ocrx_word' id='word_1_161' title='bbox 605 2372 805 2462; x_wconf 82' lang='grc' dir='ltr'><strong><em>στασιύτησι</em></strong></span> <span class='ocrx_word' id='word_1_162' title='bbox 823 2369 883 2450; x_wconf 82' lang='grc' dir='ltr'><strong><em>τάς</em></strong></span> <span class='ocrx_word' id='word_1_163' title='bbox 902 2368 1007 2458; x_wconf 84' lang='grc' dir='ltr'><strong><em>ἀρχάς</em></strong></span> <span class='ocrx_word' id='word_1_164' title='bbox 1025 2372 1100 2438; x_wconf 83' lang='grc' dir='ltr'><strong><em>ένε-</em></strong></span> 
     </span>
     <span class='ocr_line' id='line_1_23' title="bbox 91 2466 1158 2561; baseline -0.007 -19"><span class='ocrx_word' id='word_1_165' title='bbox 91 2478 217 2561; x_wconf 73' lang='grc' dir='ltr'><strong><em>χείριζε.</em></strong></span> <span class='ocrx_word' id='word_1_166' title='bbox 238 2469 492 2559; x_wconf 84' lang='grc' dir='ltr'><strong><em>ἀντισταθείσης</em></strong></span> <span class='ocrx_word' id='word_1_167' title='bbox 507 2472 545 2541; x_wconf 68' lang='grc' dir='ltr'><strong><em>θλ</em></strong></span> <span class='ocrx_word' id='word_1_168' title='bbox 557 2479 616 2559; x_wconf 79' lang='grc' dir='ltr'><strong><em>τῆς</em></strong></span> <span class='ocrx_word' id='word_1_169' title='bbox 630 2477 756 2559; x_wconf 76' lang='grc' dir='ltr'><strong><em>βουλῆς</em></strong></span> <span class='ocrx_word' id='word_1_170' title='bbox 769 2471 824 2537; x_wconf 80' lang='grc' dir='ltr'><strong><em>καὶ</em></strong></span> <span class='ocrx_word' id='word_1_171' title='bbox 836 2466 879 2536; x_wconf 86' lang='grc' dir='ltr'><strong><em>ού</em></strong></span> <span class='ocrx_word' id='word_1_172' title='bbox 892 2472 1099 2556; x_wconf 69' lang='grc' dir='ltr'><strong><em>βουλομένης</em></strong></span> <span class='ocrx_word' id='word_1_173' title='bbox 1155 2494 1158 2507; x_wconf 90' lang='lat'>·</span> 
     </span>
     <span class='ocr_line' id='line_1_24' title="bbox 91 2565 1135 2657; baseline -0.007 -18"><span class='ocrx_word' id='word_1_174' title='bbox 91 2576 274 2641; x_wconf 84' lang='grc' dir='ltr'><strong><em>πείθεσθαι</em></strong></span> <span class='ocrx_word' id='word_1_175' title='bbox 285 2568 315 2637; x_wconf 72' lang='grc' dir='ltr'><strong><em>’ό</em></strong></span> <span class='ocrx_word' id='word_1_176' title='bbox 330 2596 365 2637; x_wconf 91' lang='grc' dir='ltr'><strong><em>τε</em></strong></span> <span class='ocrx_word' id='word_1_177' title='bbox 383 2574 575 2657; x_wconf 88' lang='grc' dir='ltr'><strong><em>Κλεομένης</em></strong></span> <span class='ocrx_word' id='word_1_178' title='bbox 597 2573 653 2637; x_wconf 80' lang='grc' dir='ltr'><strong><em>καὶ</em></strong></span> <span class='ocrx_word' id='word_1_179' title='bbox 670 2567 688 2636; x_wconf 90' lang='grc' dir='ltr'>ὁ</span> <span class='ocrx_word' id='word_1_180' title='bbox 705 2565 875 2653; x_wconf 79' lang='grc' dir='ltr'><strong><em>Ἰσαγόρης</em></strong></span> <span class='ocrx_word' id='word_1_181' title='bbox 894 2569 1001 2636; x_wconf 78' lang='grc' dir='ltr'><strong><em>καλοί</em></strong></span> <span class='ocrx_word' id='word_1_182' title='bbox 1018 2585 1099 2634; x_wconf 87' lang='grc' dir='ltr'><strong><em>στα-</em></strong></span> <span class='ocrx_word' id='word_1_183' title='bbox 1132 2586 1135 2590; x_wconf 88' lang='grc'><strong><em>·</em></strong></span> 
     </span>
     <span class='ocr_line' id='line_1_25' title="bbox 91 2662 1099 2756; baseline -0.005 -21"><span class='ocrx_word' id='word_1_184' title='bbox 91 2675 206 2737; x_wconf 73' lang='grc' dir='ltr'><strong><em>σιωται</em></strong></span> <span class='ocrx_word' id='word_1_185' title='bbox 229 2664 336 2735; x_wconf 83' lang='grc' dir='ltr'><strong><em>αὐτοῦ</em></strong></span> <span class='ocrx_word' id='word_1_186' title='bbox 355 2668 651 2756; x_wconf 84' lang='grc' dir='ltr'><strong><em>καταλαμβάνουσι</em></strong></span> <span class='ocrx_word' id='word_1_187' title='bbox 668 2664 732 2753; x_wconf 78' lang='grc' dir='ltr'><strong><em>την</em></strong></span> <span class='ocrx_word' id='word_1_188' title='bbox 752 2664 946 2750; x_wconf 82' lang='grc' dir='ltr'><strong><em>ἀκρόπολιν.</em></strong></span> <span class='ocrx_word' id='word_1_189' title='bbox 995 2662 1099 2751; x_wconf 74' lang='grc' dir='ltr'><strong><em>Ἀθη·</em></strong></span> 
     </span>
     <span class='ocr_line' id='line_1_26' title="bbox 92 2760 1099 2851; baseline -0.005 -18"><span class='ocrx_word' id='word_1_190' title='bbox 92 2771 198 2834; x_wconf 90' lang='grc' dir='ltr'><strong><em>ναίων</em></strong></span> <span class='ocrx_word' id='word_1_191' title='bbox 219 2764 256 2833; x_wconf 74' lang='grc' dir='ltr'><strong><em>δὲ</em></strong></span> <span class='ocrx_word' id='word_1_192' title='bbox 279 2769 314 2832; x_wconf 80' lang='grc' dir='ltr'><strong><em>οἰ</em></strong></span> <span class='ocrx_word' id='word_1_193' title='bbox 330 2768 441 2833; x_wconf 77' lang='grc' dir='ltr'><strong><em>λοιποὶ</em></strong></span> <span class='ocrx_word' id='word_1_194' title='bbox 462 2763 502 2833; x_wconf 81' lang='grc' dir='ltr'><strong><em>τά</em></strong></span> <span class='ocrx_word' id='word_1_195' title='bbox 523 2762 608 2833; x_wconf 85' lang='grc' dir='ltr'><strong><em>αύτά</em></strong></span> <span class='ocrx_word' id='word_1_196' title='bbox 630 2764 860 2851; x_wconf 75' lang='grc' dir='ltr'><strong><em>φρονήσαντες</em></strong></span> <span class='ocrx_word' id='word_1_197' title='bbox 883 2760 1099 2849; x_wconf 75' lang='grc' dir='ltr'><strong><em>ἐπολιόρκεον</em></strong></span> 
     </span>
     <span class='ocr_line' id='line_1_27' title="bbox 92 2859 1099 2952; baseline -0.004 -21"><span class='ocrx_word' id='word_1_198' title='bbox 92 2859 216 2941; x_wconf 86' lang='grc' dir='ltr'><strong><em>αύτούς</em></strong></span> <span class='ocrx_word' id='word_1_199' title='bbox 231 2859 355 2950; x_wconf 83' lang='grc' dir='ltr'><strong><em>ἡμέρας</em></strong></span> <span class='ocrx_word' id='word_1_200' title='bbox 371 2863 452 2931; x_wconf 73' lang='grc' dir='ltr'><strong><em>δύο·</em></strong></span> <span class='ocrx_word' id='word_1_201' title='bbox 474 2870 515 2952; x_wconf 73' lang='grc' dir='ltr'><strong><em>τῇ</em></strong></span> <span class='ocrx_word' id='word_1_202' title='bbox 531 2866 567 2931; x_wconf 76' lang='grc' dir='ltr'><strong><em>δὲ</em></strong></span> <span class='ocrx_word' id='word_1_203' title='bbox 580 2870 675 2952; x_wconf 87' lang='grc' dir='ltr'><strong><em>τρίτη</em></strong></span> <span class='ocrx_word' id='word_1_204' title='bbox 688 2859 898 2930; x_wconf 77' lang='grc' dir='ltr'><strong><em>ὑπόσπονδοι</em></strong></span> <span class='ocrx_word' id='word_1_205' title='bbox 912 2861 1099 2949; x_wconf 78' lang='grc' dir='ltr'><strong><em>ἐξέρχονται</em></strong></span> 
     </span>
     <span class='ocr_line' id='line_1_28' title="bbox 92 2954 1099 3049; baseline -0.002 -20"><span class='ocrx_word' id='word_1_206' title='bbox 92 2964 130 3029; x_wconf 89' lang='grc' dir='ltr'><strong><em>έκ</em></strong></span> <span class='ocrx_word' id='word_1_207' title='bbox 149 2965 207 3046; x_wconf 79' lang='grc' dir='ltr'><strong><em>τῆς</em></strong></span> <span class='ocrx_word' id='word_1_208' title='bbox 227 2958 336 3045; x_wconf 76' lang='grc' dir='ltr'><strong><em>χώρης</em></strong></span> <span class='ocrx_word' id='word_1_209' title='bbox 356 2958 430 3031; x_wconf 82' lang='grc' dir='ltr'><strong><em>ὅσοι</em></strong></span> <span class='ocrx_word' id='word_1_210' title='bbox 450 2954 538 3049; x_wconf 77' lang='grc' dir='ltr'><strong><em>ἦσαν</em></strong></span> <span class='ocrx_word' id='word_1_211' title='bbox 553 2959 667 3029; x_wconf 76' lang='grc' dir='ltr'><strong><em>αὐτῶν</em></strong></span> <span class='ocrx_word' id='word_1_212' title='bbox 680 2959 951 3045; x_wconf 76' lang='grc' dir='ltr'><strong><em>Λακεδαιμόνιοι.</em></strong></span> <span class='ocrx_word' id='word_1_213' title='bbox 985 2961 1099 3027; x_wconf 85' lang='grc' dir='ltr'><strong><em>ἐπετε-</em></strong></span> 
     </span>
     <span class='ocr_line' id='line_1_29' title="bbox 91 3053 1098 3149; baseline -0.005 -22"><span class='ocrx_word' id='word_1_214' title='bbox 91 3060 184 3127; x_wconf 87' lang='grc' dir='ltr'><strong><em>λέετο</em></strong></span> <span class='ocrx_word' id='word_1_215' title='bbox 203 3059 240 3125; x_wconf 77' lang='grc' dir='ltr'><strong><em>δὲ</em></strong></span> <span class='ocrx_word' id='word_1_216' title='bbox 259 3065 305 3149; x_wconf 77' lang='grc' dir='ltr'><strong><em>τῷ</em></strong></span> <span class='ocrx_word' id='word_1_217' title='bbox 325 3065 509 3148; x_wconf 71' lang='grc' dir='ltr'><strong><em>Κλεομένεϊ</em></strong></span> <span class='ocrx_word' id='word_1_218' title='bbox 528 3059 549 3148; x_wconf 82' lang='grc' dir='ltr'><strong><em>ἡ</em></strong></span> <span class='ocrx_word' id='word_1_219' title='bbox 570 3059 682 3146; x_wconf 83' lang='grc' dir='ltr'><strong><em>φήμη·</em></strong></span> <span class='ocrx_word' id='word_1_220' title='bbox 705 3055 750 3139; x_wconf 79' lang='grc' dir='ltr'><strong><em>ὡς</em></strong></span> <span class='ocrx_word' id='word_1_221' title='bbox 770 3056 837 3145; x_wconf 86' lang='grc' dir='ltr'><strong><em>γάρ</em></strong></span> <span class='ocrx_word' id='word_1_222' title='bbox 858 3056 961 3143; x_wconf 85' lang='grc' dir='ltr'><strong><em>ἀνέβη</em></strong></span> <span class='ocrx_word' id='word_1_223' title='bbox 984 3059 1017 3135; x_wconf 89' lang='grc' dir='ltr'><strong><em>ές</em></strong></span> <span class='ocrx_word' id='word_1_224' title='bbox 1035 3053 1098 3142; x_wconf 78' lang='grc' dir='ltr'><strong><em>τὴν</em></strong></span> 
     </span>
     <span class='ocr_line' id='line_1_30' title="bbox 92 3152 1095 3244; baseline -0.003 -21"><span class='ocrx_word' id='word_1_225' title='bbox 92 3152 279 3237; x_wconf 89' lang='grc' dir='ltr'><strong><em>ἀκρόπολιν</em></strong></span> <span class='ocrx_word' id='word_1_226' title='bbox 305 3160 435 3243; x_wconf 88' lang='grc' dir='ltr'><strong><em>μέλλων</em></strong></span> <span class='ocrx_word' id='word_1_227' title='bbox 463 3157 503 3244; x_wconf 80' lang='grc' dir='ltr'><strong><em>δὴ</em></strong></span> <span class='ocrx_word' id='word_1_228' title='bbox 528 3155 635 3244; x_wconf 75' lang='grc' dir='ltr'><strong><em>αὐτὴν</em></strong></span> <span class='ocrx_word' id='word_1_229' title='bbox 661 3159 898 3242; x_wconf 80' lang='grc' dir='ltr'><strong><em>κατασχήσειν,</em></strong></span> <span class='ocrx_word' id='word_1_230' title='bbox 919 3153 972 3241; x_wconf 81' lang='grc' dir='ltr'><strong><em>ἤιε</em></strong></span> <span class='ocrx_word' id='word_1_231' title='bbox 1000 3156 1033 3232; x_wconf 85' lang='grc' dir='ltr'><strong><em>ἐς</em></strong></span> <span class='ocrx_word' id='word_1_232' title='bbox 1057 3152 1095 3221; x_wconf 82' lang='grc' dir='ltr'><strong><em>τό</em></strong></span> 
     </span>
     <span class='ocr_line' id='line_1_31' title="bbox 91 3252 1125 3342; baseline 0 -21"><span class='ocrx_word' id='word_1_233' title='bbox 91 3254 220 3323; x_wconf 81' lang='grc' dir='ltr'><strong><em>ἀδυτον</em></strong></span> <span class='ocrx_word' id='word_1_234' title='bbox 234 3260 292 3341; x_wconf 82' lang='grc' dir='ltr'><strong><em>τῆς</em></strong></span> <span class='ocrx_word' id='word_1_235' title='bbox 306 3263 392 3323; x_wconf 81' lang='grc' dir='ltr'><strong><em>θεοῦ</em></strong></span> <span class='ocrx_word' id='word_1_236' title='bbox 406 3254 451 3337; x_wconf 75' lang='grc' dir='ltr'><strong><em>ὡς</em></strong></span> <span class='ocrx_word' id='word_1_237' title='bbox 467 3260 677 3342; x_wconf 88' lang='grc' dir='ltr'><strong><em>προσερέων·</em></strong></span> <span class='ocrx_word' id='word_1_238' title='bbox 698 3252 719 3342; x_wconf 81' lang='grc' dir='ltr'><em>ἡ</em></span> <span class='ocrx_word' id='word_1_239' title='bbox 737 3257 774 3322; x_wconf 76' lang='grc' dir='ltr'><strong><em>δὲ</em></strong></span> <span class='ocrx_word' id='word_1_240' title='bbox 788 3256 877 3340; x_wconf 77' lang='grc' dir='ltr'><strong><em>ἵρεια</em></strong></span> <span class='ocrx_word' id='word_1_241' title='bbox 891 3256 1097 3334; x_wconf 76' lang='grc' dir='ltr'><strong><em>ἐξαναστᾶσα</em></strong></span> <span class='ocrx_word' id='word_1_242' title='bbox 1122 3317 1125 3321; x_wconf 87' lang='grc'>.</span> 
     </span>
     <span class='ocr_line' id='line_1_32' title="bbox 92 3348 1096 3443; baseline 0 -23"><span class='ocrx_word' id='word_1_243' title='bbox 92 3355 130 3420; x_wconf 89' lang='grc' dir='ltr'><strong><em>έκ</em></strong></span> <span class='ocrx_word' id='word_1_244' title='bbox 148 3356 211 3419; x_wconf 83' lang='grc' dir='ltr'><strong><em>τοῦ</em></strong></span> <span class='ocrx_word' id='word_1_245' title='bbox 229 3350 364 3439; x_wconf 87' lang='grc' dir='ltr'><strong><em>θρόνον</em></strong></span> <span class='ocrx_word' id='word_1_246' title='bbox 383 3357 464 3443; x_wconf 83' lang='grc' dir='ltr'><strong><em>πρὶν</em></strong></span> <span class='ocrx_word' id='word_1_247' title='bbox 482 3350 506 3442; x_wconf 78' lang='grc' dir='ltr'><em>ἢ</em></span> <span class='ocrx_word' id='word_1_248' title='bbox 521 3353 581 3435; x_wconf 85' lang='grc' dir='ltr'><strong><em>τάς</em></strong></span> <span class='ocrx_word' id='word_1_249' title='bbox 600 3352 713 3442; x_wconf 88' lang='grc' dir='ltr'><strong><em>θύρας</em></strong></span> <span class='ocrx_word' id='word_1_250' title='bbox 730 3348 836 3420; x_wconf 82' lang='grc' dir='ltr'><strong><em>αὐτόν</em></strong></span> <span class='ocrx_word' id='word_1_251' title='bbox 855 3350 994 3438; x_wconf 70' lang='grc' dir='ltr'><strong><em>ἀμεῖψαι</em></strong></span> <span class='ocrx_word' id='word_1_252' title='bbox 1009 3349 1096 3420; x_wconf 68' lang='grc' dir='ltr'><strong><em>εἶπε</em></strong></span> 
     </span>
     <span class='ocr_line' id='line_1_33' title="bbox 88 3442 1097 3541; baseline 0.005 -24"><span class='ocrx_word' id='word_1_253' title='bbox 88 3442 128 3517; x_wconf 82' lang='grc' dir='ltr'><em>Ὦ</em></span> <span class='ocrx_word' id='word_1_254' title='bbox 150 3454 237 3529; x_wconf 77' lang='grc' dir='ltr'><strong><em>ξεῖνε</em></strong></span> <span class='ocrx_word' id='word_1_255' title='bbox 255 3454 517 3541; x_wconf 79' lang='grc' dir='ltr'><strong><em>Λακεδαιμόνιε,</em></strong></span> <span class='ocrx_word' id='word_1_256' title='bbox 541 3453 645 3522; x_wconf 87' lang='grc' dir='ltr'><strong><em>πάλιν</em></strong></span> <span class='ocrx_word' id='word_1_257' title='bbox 667 3450 767 3538; x_wconf 81' lang='grc' dir='ltr'><strong><em>χόρει</em></strong></span> <span class='ocrx_word' id='word_1_258' title='bbox 790 3448 869 3537; x_wconf 78' lang='grc' dir='ltr'><strong><em>μηδ’</em></strong></span> <span class='ocrx_word' id='word_1_259' title='bbox 891 3455 983 3519; x_wconf 85' lang='grc' dir='ltr'><strong><em>έσιθι</em></strong></span> <span class='ocrx_word' id='word_1_260' title='bbox 1005 3453 1039 3533; x_wconf 91' lang='grc' dir='ltr'><strong><em>ές</em></strong></span> <span class='ocrx_word' id='word_1_261' title='bbox 1058 3450 1097 3522; x_wconf 84' lang='grc' dir='ltr'><strong><em>τό</em></strong></span> 
     </span>
    </p>

    <p class='ocr_par' dir='ltr' id='par_1_4' title="bbox 177 3547 960 3604">
     <span class='ocr_line' id='line_1_34' title="bbox 177 3547 960 3604; baseline 0.004 -3"><span class='ocrx_word' id='word_1_262' title='bbox 177 3560 278 3602; x_wconf 70' lang='lat' dir='ltr'><strong>mon.</strong></span> <span class='ocrx_word' id='word_1_263' title='bbox 298 3547 329 3601; x_wconf 88' lang='lat'><strong><em>11.</em></strong></span> <span class='ocrx_word' id='word_1_264' title='bbox 941 3550 960 3604; x_wconf 78' lang='lat'>³</span> 
     </span>
    </p>
   </div>
   <div class='ocr_carea' id='block_1_3' title="bbox 0 0 1258 3925">
    <p class='ocr_par' dir='ltr' id='par_1_5' title="bbox 0 0 1258 3925">
     <span class='ocr_line' id='line_1_35' title="bbox 0 0 1258 3925; baseline 0 0"><span class='ocrx_word' id='word_1_265' title='bbox 0 0 1258 3925; x_wconf 95' lang='lat' dir='ltr'><strong><em> </em></strong></span> 
     </span>
    </p>
   </div>
  </div>
 </body>
</html>
