<?xml version="1.0" encoding="UTF-8"?>
<!DOCTYPE html PUBLIC "-//W3C//DTD XHTML 1.0 Transitional//EN"
    "http://www.w3.org/TR/xhtml1/DTD/xhtml1-transitional.dtd">
<html xmlns="http://www.w3.org/1999/xhtml" xml:lang="en" lang="en">
 <head>
  <title>
</title>
<meta http-equiv="Content-Type" content="text/html;charset=utf-8" />
  <meta name='ocr-system' content='tesseract 3.04.00' />
  <meta name='ocr-capabilities' content='ocr_page ocr_carea ocr_par ocr_line ocrx_word'/>
</head>
<body>
  <div class='ocr_page' id='page_1' title='image "./herodotihistori00dietgoog_0472.png"; bbox 0 0 2500 3925; ppageno 0'>
   <div class='ocr_carea' id='block_1_1' title="bbox 141 179 777 252">
    <p class='ocr_par' dir='ltr' id='par_1_1' title="bbox 141 179 777 252">
     <span class='ocr_line' id='line_1_1' title="bbox 141 179 777 252; baseline 0.009 -6"><span class='ocrx_word' id='word_1_1' title='bbox 141 179 184 247; x_wconf 68' lang='lat'><strong><em>72</em></strong></span> <span class='ocrx_word' id='word_1_2' title='bbox 521 193 777 252; x_wconf 84' lang='lat' dir='ltr'><strong>HERODOTI</strong></span> 
     </span>
    </p>
   </div>
   <div class='ocr_carea' id='block_1_2' title="bbox 82 344 1194 3522">
    <p class='ocr_par' dir='ltr' id='par_1_2' title="bbox 82 344 1194 3522">
     <span class='ocr_line' id='line_1_2' title="bbox 141 344 1194 449; baseline 0.028 -37"><span class='ocrx_word' id='word_1_3' title='bbox 141 345 397 432; x_wconf 83' lang='grc' dir='ltr'><strong><em>ταριχεύσαντες</em></strong></span> <span class='ocrx_word' id='word_1_4' title='bbox 408 344 596 437; x_wconf 73' lang='grc' dir='ltr'><strong><em>ἀνήνεικαν</em></strong></span> <span class='ocrx_word' id='word_1_5' title='bbox 606 348 697 437; x_wconf 77' lang='grc' dir='ltr'><strong><em>παρὰ</em></strong></span> <span class='ocrx_word' id='word_1_6' title='bbox 708 356 849 438; x_wconf 90' lang='grc' dir='ltr'><strong><em>βασιλέα</em></strong></span> <span class='ocrx_word' id='word_1_7' title='bbox 858 369 1019 447; x_wconf 69' lang='grc' dir='ltr'><strong><em>Δαρεῖον</em></strong></span> <span class='ocrx_word' id='word_1_8' title='bbox 1030 369 1194 449; x_wconf 63' lang='lat'><strong><em>&amp;3205-</em></strong></span> 
     </span>
     <span class='ocr_line' id='line_1_3' title="bbox 144 447 1194 553; baseline 0.027 -42"><span class='ocrx_word' id='word_1_9' title='bbox 144 463 195 511; x_wconf 92' lang='grc' dir='ltr'><strong><em>σα.</em></strong></span> <span class='ocrx_word' id='word_1_10' title='bbox 237 453 384 532; x_wconf 72' lang='grc' dir='ltr'><strong><em>Δαρεῖος</em></strong></span> <span class='ocrx_word' id='word_1_11' title='bbox 403 447 441 516; x_wconf 75' lang='grc' dir='ltr'><strong><em>δὲ</em></strong></span> <span class='ocrx_word' id='word_1_12' title='bbox 463 449 662 535; x_wconf 84' lang='grc' dir='ltr'><strong><em>πυθόμενος</em></strong></span> <span class='ocrx_word' id='word_1_13' title='bbox 680 456 786 518; x_wconf 75' lang='grc' dir='ltr'><strong><em>ταῦτα</em></strong></span> <span class='ocrx_word' id='word_1_14' title='bbox 802 458 859 521; x_wconf 82' lang='grc' dir='ltr'><strong><em>καλ</em></strong></span> <span class='ocrx_word' id='word_1_15' title='bbox 881 460 1194 553; x_wconf 71' lang='grc' dir='ltr'><strong><em>ἐπαιτιησάμενος</em></strong></span> 
     </span>
     <span class='ocr_line' id='line_1_4' title="bbox 143 537 1192 650; baseline 0.027 -41"><span class='ocrx_word' id='word_1_16' title='bbox 143 537 222 620; x_wconf 86' lang='grc' dir='ltr'><strong><em>τούς</em></strong></span> <span class='ocrx_word' id='word_1_17' title='bbox 235 549 340 611; x_wconf 85' lang='grc' dir='ltr'><strong><em>ταῦτα</em></strong></span> <span class='ocrx_word' id='word_1_18' title='bbox 355 544 564 632; x_wconf 77' lang='grc' dir='ltr'><strong><em>ποιήσαντας</em></strong></span> <span class='ocrx_word' id='word_1_19' title='bbox 595 545 648 612; x_wconf 84' lang='grc' dir='ltr'><strong><em>ότι</em></strong></span> <span class='ocrx_word' id='word_1_20' title='bbox 662 572 720 632; x_wconf 91' lang='grc' dir='ltr'><strong><em>μιν</em></strong></span> <span class='ocrx_word' id='word_1_21' title='bbox 735 546 777 615; x_wconf 87' lang='grc' dir='ltr'><strong><em>οὐ</em></strong></span> <span class='ocrx_word' id='word_1_22' title='bbox 794 550 925 630; x_wconf 80' lang='grc' dir='ltr'><strong><em>ζώοντα</em></strong></span> <span class='ocrx_word' id='word_1_23' title='bbox 939 556 1135 650; x_wconf 78' lang='grc' dir='ltr'><strong><em>ἀνήγαγον</em></strong></span> <span class='ocrx_word' id='word_1_24' title='bbox 1148 571 1192 648; x_wconf 87' lang='grc' dir='ltr'><strong><em>ές</em></strong></span> 
     </span>
     <span class='ocr_line' id='line_1_5' title="bbox 145 637 1190 746; baseline 0.027 -39"><span class='ocrx_word' id='word_1_25' title='bbox 145 637 225 720; x_wconf 74' lang='grc' dir='ltr'><strong><em>ὄψιν</em></strong></span> <span class='ocrx_word' id='word_1_26' title='bbox 238 639 301 729; x_wconf 85' lang='grc' dir='ltr'><strong><em>τήν</em></strong></span> <span class='ocrx_word' id='word_1_27' title='bbox 317 645 464 730; x_wconf 78' lang='grc' dir='ltr'><strong><em>ἑωυτοῦ,</em></strong></span> <span class='ocrx_word' id='word_1_28' title='bbox 479 641 543 730; x_wconf 83' lang='grc' dir='ltr'><strong><em>τήν</em></strong></span> <span class='ocrx_word' id='word_1_29' title='bbox 558 642 711 729; x_wconf 81' lang='grc' dir='ltr'><strong><em>κεφαλήν</em></strong></span> <span class='ocrx_word' id='word_1_30' title='bbox 724 643 787 732; x_wconf 84' lang='grc' dir='ltr'><strong><em>τήν</em></strong></span> <span class='ocrx_word' id='word_1_31' title='bbox 796 645 959 722; x_wconf 85' lang='grc' dir='ltr'><strong><em>Ἱστιαίου</em></strong></span> <span class='ocrx_word' id='word_1_32' title='bbox 973 662 1190 746; x_wconf 76' lang='grc' dir='ltr'><strong><em>λούσαντάς</em></strong></span> 
     </span>
     <span class='ocr_line' id='line_1_6' title="bbox 143 734 1187 848; baseline 0.027 -44"><span class='ocrx_word' id='word_1_33' title='bbox 143 761 179 806; x_wconf 89' lang='grc' dir='ltr'><strong><em>τε</em></strong></span> <span class='ocrx_word' id='word_1_34' title='bbox 189 741 245 804; x_wconf 82' lang='grc' dir='ltr'><strong><em>καλ</em></strong></span> <span class='ocrx_word' id='word_1_35' title='bbox 254 746 525 826; x_wconf 77' lang='grc' dir='ltr'><strong><em>περιστείλαντας</em></strong></span> <span class='ocrx_word' id='word_1_36' title='bbox 536 734 576 808; x_wconf 84' lang='grc' dir='ltr'><strong><em>εὖ</em></strong></span> <span class='ocrx_word' id='word_1_37' title='bbox 587 743 769 809; x_wconf 84' lang='grc' dir='ltr'><strong><em>ἐνετείλατο</em></strong></span> <span class='ocrx_word' id='word_1_38' title='bbox 779 745 893 826; x_wconf 80' lang='grc' dir='ltr'><strong><em>θάψαι</em></strong></span> <span class='ocrx_word' id='word_1_39' title='bbox 905 749 953 831; x_wconf 81' lang='grc' dir='ltr'><strong><em>ὡς</em></strong></span> <span class='ocrx_word' id='word_1_40' title='bbox 964 752 1103 842; x_wconf 88' lang='grc' dir='ltr'><strong><em>άνδρός</em></strong></span> <span class='ocrx_word' id='word_1_41' title='bbox 1115 789 1187 848; x_wconf 59' lang='grc' dir='ltr'><strong><em>με·Δ</em></strong></span> 
     </span>
     <span class='ocr_line' id='line_1_7' title="bbox 145 835 1185 944; baseline 0.023 -42"><span class='ocrx_word' id='word_1_42' title='bbox 145 835 255 921; x_wconf 89' lang='grc' dir='ltr'><strong><em>γάλως</em></strong></span> <span class='ocrx_word' id='word_1_43' title='bbox 272 839 384 930; x_wconf 77' lang='grc' dir='ltr'><strong><em>ἑωυτῷ</em></strong></span> <span class='ocrx_word' id='word_1_44' title='bbox 401 865 437 906; x_wconf 87' lang='grc' dir='ltr'><strong><em>τε</em></strong></span> <span class='ocrx_word' id='word_1_45' title='bbox 457 840 514 906; x_wconf 84' lang='grc' dir='ltr'><strong><em>καλ</em></strong></span> <span class='ocrx_word' id='word_1_46' title='bbox 526 842 675 926; x_wconf 85' lang='grc' dir='ltr'><strong><em>Πέρσησι</em></strong></span> <span class='ocrx_word' id='word_1_47' title='bbox 691 836 880 926; x_wconf 79' lang='grc' dir='ltr'><strong><em>εὐεργέτεω.</em></strong></span> <span class='ocrx_word' id='word_1_48' title='bbox 931 850 982 918; x_wconf 84' lang='grc' dir='ltr'><strong><em>Τά</em></strong></span> <span class='ocrx_word' id='word_1_49' title='bbox 1006 856 1075 940; x_wconf 72' lang='grc' dir='ltr'><strong><em>μὲν</em></strong></span> <span class='ocrx_word' id='word_1_50' title='bbox 1094 865 1185 944; x_wconf 73' lang='grc' dir='ltr'><strong><em>περὶ</em></strong></span> 
     </span>
     <span class='ocr_line' id='line_1_8' title="bbox 99 929 1183 1040; baseline 0.023 -40"><span class='ocrx_word' id='word_1_51' title='bbox 99 929 293 1001; x_wconf 70' lang='grc' dir='ltr'><strong><em>σΙἹστιαίον</em></strong></span> <span class='ocrx_word' id='word_1_52' title='bbox 313 933 402 1002; x_wconf 83' lang='grc' dir='ltr'><strong><em>οὕτω</em></strong></span> <span class='ocrx_word' id='word_1_53' title='bbox 423 940 514 1022; x_wconf 76' lang='grc' dir='ltr'><strong><em>ἔσχε,</em></strong></span> <span class='ocrx_word' id='word_1_54' title='bbox 536 933 609 1004; x_wconf 76' lang='grc' dir='ltr'><strong><em>ὁδὲ</em></strong></span> <span class='ocrx_word' id='word_1_55' title='bbox 628 936 786 1016; x_wconf 84' lang='grc' dir='ltr'><strong><em>ναυτικὸς</em></strong></span> <span class='ocrx_word' id='word_1_56' title='bbox 802 943 946 1029; x_wconf 85' lang='grc' dir='ltr'><strong><em>στρατός</em></strong></span> <span class='ocrx_word' id='word_1_57' title='bbox 962 947 981 1016; x_wconf 88' lang='grc' dir='ltr'><strong><em>ὁ</em></strong></span> <span class='ocrx_word' id='word_1_58' title='bbox 999 959 1183 1040; x_wconf 86' lang='grc' dir='ltr'><strong><em>Περσέων</em></strong></span> 
     </span>
     <span class='ocr_line' id='line_1_9' title="bbox 143 1036 1179 1145; baseline 0.031 -50"><span class='ocrx_word' id='word_1_59' title='bbox 143 1037 329 1116; x_wconf 77' lang='grc' dir='ltr'><strong><em>χειμερίσας</em></strong></span> <span class='ocrx_word' id='word_1_60' title='bbox 343 1036 420 1117; x_wconf 77' lang='grc' dir='ltr'><strong><em>περὶ</em></strong></span> <span class='ocrx_word' id='word_1_61' title='bbox 434 1039 589 1120; x_wconf 88' lang='grc' dir='ltr'><strong><em>Μίλητον</em></strong></span> <span class='ocrx_word' id='word_1_62' title='bbox 603 1041 649 1123; x_wconf 74' lang='grc' dir='ltr'><strong><em>τῷ</em></strong></span> <span class='ocrx_word' id='word_1_63' title='bbox 668 1039 813 1128; x_wconf 74' lang='grc' dir='ltr'><strong><em>δευτέρῳ</em></strong></span> <span class='ocrx_word' id='word_1_64' title='bbox 827 1046 896 1108; x_wconf 78' lang='grc' dir='ltr'><strong><em>ἐτελ</em></strong></span> <span class='ocrx_word' id='word_1_65' title='bbox 910 1041 957 1124; x_wconf 83' lang='grc' dir='ltr'><strong><em>ώς</em></strong></span> <span class='ocrx_word' id='word_1_66' title='bbox 972 1045 1179 1145; x_wconf 81' lang='grc' dir='ltr'><strong><em>ἀνέπλωσε,</em></strong></span> 
     </span>
     <span class='ocr_line' id='line_1_10' title="bbox 144 1125 1177 1242; baseline 0.03 -50"><span class='ocrx_word' id='word_1_67' title='bbox 144 1131 246 1212; x_wconf 77' lang='grc' dir='ltr'><strong><em>αἱρέει</em></strong></span> <span class='ocrx_word' id='word_1_68' title='bbox 256 1125 417 1208; x_wconf 87' lang='grc' dir='ltr'><strong><em>εὐπετέως</em></strong></span> <span class='ocrx_word' id='word_1_69' title='bbox 428 1128 487 1209; x_wconf 80' lang='grc' dir='ltr'><strong><em>τὰς</em></strong></span> <span class='ocrx_word' id='word_1_70' title='bbox 501 1129 626 1218; x_wconf 80' lang='grc' dir='ltr'><strong><em>νήσους</em></strong></span> <span class='ocrx_word' id='word_1_71' title='bbox 636 1129 695 1212; x_wconf 79' lang='grc' dir='ltr'><strong><em>τάς</em></strong></span> <span class='ocrx_word' id='word_1_72' title='bbox 705 1133 789 1223; x_wconf 86' lang='grc' dir='ltr'><strong><em>πρός</em></strong></span> <span class='ocrx_word' id='word_1_73' title='bbox 799 1146 840 1226; x_wconf 80' lang='grc' dir='ltr'><strong><em>τῇ</em></strong></span> <span class='ocrx_word' id='word_1_74' title='bbox 849 1137 981 1236; x_wconf 72' lang='grc' dir='ltr'><strong><em>ήπείρμ</em></strong></span> <span class='ocrx_word' id='word_1_75' title='bbox 992 1155 1177 1242; x_wconf 81' lang='grc' dir='ltr'><strong><em>κειμένας,</em></strong></span> 
     </span>
     <span class='ocr_line' id='line_1_11' title="bbox 143 1229 1177 1329; baseline 0.028 -36"><span class='ocrx_word' id='word_1_76' title='bbox 143 1232 228 1293; x_wconf 81' lang='grc' dir='ltr'><strong><em>Χίον</em></strong></span> <span class='ocrx_word' id='word_1_77' title='bbox 241 1229 297 1296; x_wconf 85' lang='grc' dir='ltr'><strong><em>καλ</em></strong></span> <span class='ocrx_word' id='word_1_78' title='bbox 309 1230 442 1314; x_wconf 85' lang='grc' dir='ltr'><strong><em>Λέσβον</em></strong></span> <span class='ocrx_word' id='word_1_79' title='bbox 463 1233 519 1298; x_wconf 86' lang='grc' dir='ltr'><strong><em>καλ</em></strong></span> <span class='ocrx_word' id='word_1_80' title='bbox 537 1233 690 1299; x_wconf 87' lang='grc' dir='ltr'><strong><em>Τένεδον.</em></strong></span> <span class='ocrx_word' id='word_1_81' title='bbox 717 1231 805 1313; x_wconf 83' lang='grc' dir='ltr'><strong><em>ὅκως</em></strong></span> <span class='ocrx_word' id='word_1_82' title='bbox 819 1239 857 1305; x_wconf 72' lang='grc' dir='ltr'><strong><em>δὲ</em></strong></span> <span class='ocrx_word' id='word_1_83' title='bbox 876 1242 977 1329; x_wconf 89' lang='grc' dir='ltr'><strong><em>λάβοι</em></strong></span> <span class='ocrx_word' id='word_1_84' title='bbox 994 1248 1077 1316; x_wconf 77' lang='grc' dir='ltr'><strong><em>τινά</em></strong></span> <span class='ocrx_word' id='word_1_85' title='bbox 1096 1260 1177 1321; x_wconf 79' lang='grc' dir='ltr'><strong><em>τών</em></strong></span> 
     </span>
     <span class='ocr_line' id='line_1_12' title="bbox 143 1323 1176 1437; baseline 0.034 -49"><span class='ocrx_word' id='word_1_86' title='bbox 143 1323 274 1411; x_wconf 88' lang='grc' dir='ltr'><strong><em>νήσων,</em></strong></span> <span class='ocrx_word' id='word_1_87' title='bbox 296 1323 341 1404; x_wconf 80' lang='grc' dir='ltr'><strong><em>ὡς</em></strong></span> <span class='ocrx_word' id='word_1_88' title='bbox 356 1326 499 1415; x_wconf 83' lang='grc' dir='ltr'><strong><em>ἑκάστην</em></strong></span> <span class='ocrx_word' id='word_1_89' title='bbox 518 1332 687 1414; x_wconf 83' lang='grc' dir='ltr'><strong><em>αἱρέοντες</em></strong></span> <span class='ocrx_word' id='word_1_90' title='bbox 708 1339 740 1400; x_wconf 81' lang='grc' dir='ltr'><strong><em>οἱ</em></strong></span> <span class='ocrx_word' id='word_1_91' title='bbox 759 1335 929 1426; x_wconf 91' lang='grc' dir='ltr'><strong><em>βάρβαροι</em></strong></span> <span class='ocrx_word' id='word_1_92' title='bbox 945 1347 1176 1437; x_wconf 78' lang='grc' dir='ltr'><strong><em>ἐσαγήνευον</em></strong></span> 
     </span>
     <span class='ocr_line' id='line_1_13' title="bbox 143 1418 1173 1535; baseline 0.035 -49"><span class='ocrx_word' id='word_1_93' title='bbox 143 1418 222 1499; x_wconf 86' lang='grc' dir='ltr'><strong><em>τούς</em></strong></span> <span class='ocrx_word' id='word_1_94' title='bbox 248 1419 462 1510; x_wconf 77' lang='grc' dir='ltr'><strong><em>ἀνθρώπους.</em></strong></span> <span class='ocrx_word' id='word_1_95' title='bbox 494 1427 721 1512; x_wconf 81' lang='grc' dir='ltr'><strong><em>σαγηνεύουσι</em></strong></span> <span class='ocrx_word' id='word_1_96' title='bbox 744 1435 781 1500; x_wconf 79' lang='grc' dir='ltr'><strong><em>δὲ</em></strong></span> <span class='ocrx_word' id='word_1_97' title='bbox 805 1435 906 1506; x_wconf 86' lang='grc' dir='ltr'><strong><em>τόνδε</em></strong></span> <span class='ocrx_word' id='word_1_98' title='bbox 923 1439 987 1511; x_wconf 89' lang='grc' dir='ltr'><strong><em>τδν</em></strong></span> <span class='ocrx_word' id='word_1_99' title='bbox 1013 1451 1173 1535; x_wconf 91' lang='grc' dir='ltr'><strong><em>τρόπον·</em></strong></span> 
     </span>
     <span class='ocr_line' id='line_1_14' title="bbox 143 1515 1166 1639; baseline 0.032 -54"><span class='ocrx_word' id='word_1_100' title='bbox 143 1515 230 1606; x_wconf 82' lang='grc' dir='ltr'><strong><em>άνήρ</em></strong></span> <span class='ocrx_word' id='word_1_101' title='bbox 246 1517 370 1609; x_wconf 85' lang='grc' dir='ltr'><strong><em>άνδρδς</em></strong></span> <span class='ocrx_word' id='word_1_102' title='bbox 390 1520 563 1609; x_wconf 77' lang='grc' dir='ltr'><strong><em>ἁψάμενος</em></strong></span> <span class='ocrx_word' id='word_1_103' title='bbox 579 1531 637 1611; x_wconf 83' lang='grc' dir='ltr'><strong><em>τῆς</em></strong></span> <span class='ocrx_word' id='word_1_104' title='bbox 649 1525 760 1614; x_wconf 86' lang='grc' dir='ltr'><strong><em>χειρός</em></strong></span> <span class='ocrx_word' id='word_1_105' title='bbox 774 1534 811 1600; x_wconf 89' lang='grc' dir='ltr'><strong><em>ἐκ</em></strong></span> <span class='ocrx_word' id='word_1_106' title='bbox 825 1541 1005 1630; x_wconf 77' lang='grc' dir='ltr'><strong><em>θαλάσσης</em></strong></span> <span class='ocrx_word' id='word_1_107' title='bbox 1020 1556 1084 1635; x_wconf 83' lang='grc' dir='ltr'><strong><em>τῆς</em></strong></span> <span class='ocrx_word' id='word_1_108' title='bbox 1101 1561 1166 1639; x_wconf 68' lang='grc' dir='ltr'><strong><em>βο«</em></strong></span> 
     </span>
     <span class='ocr_line' id='line_1_15' title="bbox 144 1617 1173 1740; baseline 0.039 -59"><span class='ocrx_word' id='word_1_109' title='bbox 144 1622 238 1701; x_wconf 86' lang='grc' dir='ltr'><strong><em>ρηίης</em></strong></span> <span class='ocrx_word' id='word_1_110' title='bbox 250 1619 302 1684; x_wconf 76' lang='grc' dir='ltr'><strong><em>ἐπὶ</em></strong></span> <span class='ocrx_word' id='word_1_111' title='bbox 312 1617 376 1705; x_wconf 85' lang='grc' dir='ltr'><strong><em>τήν</em></strong></span> <span class='ocrx_word' id='word_1_112' title='bbox 387 1629 503 1708; x_wconf 87' lang='grc' dir='ltr'><strong><em>νοτίην</em></strong></span> <span class='ocrx_word' id='word_1_113' title='bbox 516 1622 682 1709; x_wconf 80' lang='grc' dir='ltr'><strong><em>διήκουσι,</em></strong></span> <span class='ocrx_word' id='word_1_114' title='bbox 693 1630 748 1694; x_wconf 76' lang='grc' dir='ltr'><strong><em>καὶ</em></strong></span> <span class='ocrx_word' id='word_1_115' title='bbox 760 1635 892 1703; x_wconf 81' lang='grc' dir='ltr'><strong><em>ἔπειτεν</em></strong></span> <span class='ocrx_word' id='word_1_116' title='bbox 904 1638 961 1707; x_wconf 83' lang='grc' dir='ltr'><strong><em>διά</em></strong></span> <span class='ocrx_word' id='word_1_117' title='bbox 977 1647 1093 1735; x_wconf 88' lang='grc' dir='ltr'><strong><em>πάσης</em></strong></span> <span class='ocrx_word' id='word_1_118' title='bbox 1104 1660 1173 1740; x_wconf 81' lang='grc' dir='ltr'><strong><em>τῆς</em></strong></span> 
     </span>
     <span class='ocr_line' id='line_1_16' title="bbox 143 1715 1172 1835; baseline 0.041 -55"><span class='ocrx_word' id='word_1_119' title='bbox 143 1715 250 1802; x_wconf 89' lang='grc' dir='ltr'><strong><em>νήσου</em></strong></span> <span class='ocrx_word' id='word_1_120' title='bbox 262 1721 448 1807; x_wconf 81' lang='grc' dir='ltr'><strong><em>διέρχονται</em></strong></span> <span class='ocrx_word' id='word_1_121' title='bbox 459 1722 703 1809; x_wconf 80' lang='grc' dir='ltr'><strong><em>ἐκθηρεύοντες</em></strong></span> <span class='ocrx_word' id='word_1_122' title='bbox 713 1726 793 1808; x_wconf 87' lang='grc' dir='ltr'><strong><em>τούς</em></strong></span> <span class='ocrx_word' id='word_1_123' title='bbox 802 1729 1022 1824; x_wconf 83' lang='grc' dir='ltr'><strong><em>ἀνθρώπους.</em></strong></span> <span class='ocrx_word' id='word_1_124' title='bbox 1040 1751 1172 1835; x_wconf 79' lang='grc' dir='ltr'><strong><em>αἵρεον</em></strong></span> 
     </span>
     <span class='ocr_line' id='line_1_17' title="bbox 142 1813 1170 1937; baseline 0.039 -58"><span class='ocrx_word' id='word_1_125' title='bbox 142 1813 178 1880; x_wconf 75' lang='grc' dir='ltr'><strong><em>δέ</em></strong></span> <span class='ocrx_word' id='word_1_126' title='bbox 196 1815 250 1881; x_wconf 81' lang='grc' dir='ltr'><strong><em>καὶ</em></strong></span> <span class='ocrx_word' id='word_1_127' title='bbox 265 1813 324 1894; x_wconf 79' lang='grc' dir='ltr'><strong><em>τὰς</em></strong></span> <span class='ocrx_word' id='word_1_128' title='bbox 334 1819 372 1884; x_wconf 87' lang='grc' dir='ltr'><strong><em>ἐν</em></strong></span> <span class='ocrx_word' id='word_1_129' title='bbox 382 1825 422 1907; x_wconf 79' lang='grc' dir='ltr'><strong><em>τῇ</em></strong></span> <span class='ocrx_word' id='word_1_130' title='bbox 433 1816 560 1910; x_wconf 77' lang='grc' dir='ltr'><strong><em>ἠπείρῳ</em></strong></span> <span class='ocrx_word' id='word_1_131' title='bbox 581 1815 680 1898; x_wconf 77' lang='grc' dir='ltr'><strong><em>πόλις</em></strong></span> <span class='ocrx_word' id='word_1_132' title='bbox 708 1824 767 1904; x_wconf 79' lang='grc' dir='ltr'><strong><em>τάς</em></strong></span> <span class='ocrx_word' id='word_1_133' title='bbox 778 1824 885 1911; x_wconf 80' lang='grc' dir='ltr'><strong><em>Ἰάδας</em></strong></span> <span class='ocrx_word' id='word_1_134' title='bbox 898 1837 985 1906; x_wconf 77' lang='grc' dir='ltr'><strong><em>κατὰ</em></strong></span> <span class='ocrx_word' id='word_1_135' title='bbox 998 1843 1041 1911; x_wconf 86' lang='grc' dir='ltr'><strong><em>τά</em></strong></span> <span class='ocrx_word' id='word_1_136' title='bbox 1058 1845 1170 1937; x_wconf 82' lang='grc' dir='ltr'><strong><em>αὐτὰ,</em></strong></span> 
     </span>
     <span class='ocr_line' id='line_1_18' title="bbox 144 1907 1167 2028; baseline 0.042 -54"><span class='ocrx_word' id='word_1_137' title='bbox 144 1907 233 1997; x_wconf 86' lang='grc' dir='ltr'><strong><em>πλήν</em></strong></span> <span class='ocrx_word' id='word_1_138' title='bbox 249 1909 312 1981; x_wconf 87' lang='grc' dir='ltr'><strong><em>οὐκ</em></strong></span> <span class='ocrx_word' id='word_1_139' title='bbox 330 1914 536 2003; x_wconf 83' lang='grc' dir='ltr'><strong><em>ἐσαγήνευον</em></strong></span> <span class='ocrx_word' id='word_1_140' title='bbox 550 1914 631 1996; x_wconf 85' lang='grc' dir='ltr'><strong><em>τούς</em></strong></span> <span class='ocrx_word' id='word_1_141' title='bbox 650 1915 872 2008; x_wconf 81' lang='grc' dir='ltr'><strong><em>ἀνθρώπους·</em></strong></span> <span class='ocrx_word' id='word_1_142' title='bbox 903 1931 945 2001; x_wconf 93' lang='grc' dir='ltr'><strong><em>οὐ</em></strong></span> <span class='ocrx_word' id='word_1_143' title='bbox 965 1937 1033 2028; x_wconf 81' lang='grc' dir='ltr'><strong><em>γάρ</em></strong></span> <span class='ocrx_word' id='word_1_144' title='bbox 1052 1939 1113 2013; x_wconf 85' lang='grc' dir='ltr'><strong><em>οἷά</em></strong></span> <span class='ocrx_word' id='word_1_145' title='bbox 1131 1945 1167 2015; x_wconf 90' lang='grc' dir='ltr'><strong><em>τ’</em></strong></span> 
     </span>
     <span class='ocr_line' id='line_1_19' title="bbox 98 2002 1164 2127; baseline 0.039 -54"><span class='ocrx_word' id='word_1_146' title='bbox 98 2029 133 2083; x_wconf 67' lang='lat'><strong><em>32</em></strong></span> <span class='ocrx_word' id='word_1_147' title='bbox 142 2002 196 2096; x_wconf 80' lang='grc' dir='ltr'><strong><em>ἦν.</em></strong></span> <span class='ocrx_word' id='word_1_148' title='bbox 227 2008 394 2081; x_wconf 81' lang='grc' dir='ltr'><strong><em>Ἐνθαύτα</em></strong></span> <span class='ocrx_word' id='word_1_149' title='bbox 403 2018 564 2102; x_wconf 86' lang='grc' dir='ltr'><strong><em>Περσέων</em></strong></span> <span class='ocrx_word' id='word_1_150' title='bbox 578 2022 611 2084; x_wconf 76' lang='grc' dir='ltr'><strong><em>οἱ</em></strong></span> <span class='ocrx_word' id='word_1_151' title='bbox 626 2026 802 2107; x_wconf 83' lang='grc' dir='ltr'><strong><em>στρατηγοὶ</em></strong></span> <span class='ocrx_word' id='word_1_152' title='bbox 816 2026 881 2097; x_wconf 86' lang='grc' dir='ltr'><strong><em>οὐκ</em></strong></span> <span class='ocrx_word' id='word_1_153' title='bbox 891 2034 1083 2113; x_wconf 71' lang='grc' dir='ltr'><strong><em>ἐψεύσαντο</em></strong></span> <span class='ocrx_word' id='word_1_154' title='bbox 1098 2045 1164 2127; x_wconf 74' lang='grc' dir='ltr'><strong><em>τάς</em></strong></span> 
     </span>
     <span class='ocr_line' id='line_1_20' title="bbox 141 2106 1165 2229; baseline 0.037 -53"><span class='ocrx_word' id='word_1_155' title='bbox 141 2106 296 2198; x_wconf 75' lang='grc' dir='ltr'><strong><em>ἀπειλάς,</em></strong></span> <span class='ocrx_word' id='word_1_156' title='bbox 317 2110 376 2191; x_wconf 76' lang='grc' dir='ltr'><strong><em>τὰς</em></strong></span> <span class='ocrx_word' id='word_1_157' title='bbox 395 2116 619 2201; x_wconf 77' lang='grc' dir='ltr'><strong><em>ἐπηπείλησαν</em></strong></span> <span class='ocrx_word' id='word_1_158' title='bbox 639 2132 725 2185; x_wconf 81' lang='grc' dir='ltr'><strong><em>τοῖσι</em></strong></span> <span class='ocrx_word' id='word_1_159' title='bbox 735 2118 826 2190; x_wconf 79' lang='grc' dir='ltr'><strong><em>Ἴωσι</em></strong></span> <span class='ocrx_word' id='word_1_160' title='bbox 843 2143 1165 2229; x_wconf 86' lang='grc' dir='ltr'><strong><em>στρατοπεδευομέ-</em></strong></span> 
     </span>
     <span class='ocr_line' id='line_1_21' title="bbox 140 2211 1162 2330; baseline 0.035 -55"><span class='ocrx_word' id='word_1_161' title='bbox 140 2227 230 2275; x_wconf 89' lang='grc' dir='ltr'><strong><em>νοισι</em></strong></span> <span class='ocrx_word' id='word_1_162' title='bbox 242 2211 375 2278; x_wconf 87' lang='grc' dir='ltr'><strong><em>ἐναντία</em></strong></span> <span class='ocrx_word' id='word_1_163' title='bbox 387 2219 490 2299; x_wconf 86' lang='grc' dir='ltr'><strong><em>σφίσι.</em></strong></span> <span class='ocrx_word' id='word_1_164' title='bbox 505 2211 549 2291; x_wconf 77' lang='grc' dir='ltr'><strong><em>ὡς</em></strong></span> <span class='ocrx_word' id='word_1_165' title='bbox 560 2212 624 2299; x_wconf 79' lang='grc' dir='ltr'><strong><em>γάρ</em></strong></span> <span class='ocrx_word' id='word_1_166' title='bbox 636 2212 677 2300; x_wconf 78' lang='grc' dir='ltr'><strong><em>δή</em></strong></span> <span class='ocrx_word' id='word_1_167' title='bbox 690 2219 920 2310; x_wconf 78' lang='grc' dir='ltr'><strong><em>ἐπεκράτησαν</em></strong></span> <span class='ocrx_word' id='word_1_168' title='bbox 930 2240 1001 2300; x_wconf 85' lang='grc' dir='ltr'><strong><em>τών</em></strong></span> <span class='ocrx_word' id='word_1_169' title='bbox 1011 2248 1162 2330; x_wconf 86' lang='grc' dir='ltr'><strong><em>πολίων,</em></strong></span> 
     </span>
     <span class='ocr_line' id='line_1_22' title="bbox 139 2307 1163 2424; baseline 0.043 -51"><span class='ocrx_word' id='word_1_170' title='bbox 139 2307 262 2387; x_wconf 80' lang='grc' dir='ltr'><strong><em>παῖδάς</em></strong></span> <span class='ocrx_word' id='word_1_171' title='bbox 271 2334 307 2377; x_wconf 90' lang='grc' dir='ltr'><strong><em>τε</em></strong></span> <span class='ocrx_word' id='word_1_172' title='bbox 315 2310 396 2392; x_wconf 86' lang='grc' dir='ltr'><strong><em>τούς</em></strong></span> <span class='ocrx_word' id='word_1_173' title='bbox 408 2310 658 2395; x_wconf 78' lang='grc' dir='ltr'><strong><em>εὐειδεστάτους</em></strong></span> <span class='ocrx_word' id='word_1_174' title='bbox 671 2320 886 2411; x_wconf 79' lang='grc' dir='ltr'><strong><em>ἐκλεγόμενοι</em></strong></span> <span class='ocrx_word' id='word_1_175' title='bbox 900 2336 1085 2424; x_wconf 83' lang='grc' dir='ltr'><strong><em>ἐξέταμνον</em></strong></span> <span class='ocrx_word' id='word_1_176' title='bbox 1099 2352 1163 2418; x_wconf 80' lang='grc' dir='ltr'><strong><em>καὶ</em></strong></span> 
     </span>
     <span class='ocr_line' id='line_1_23' title="bbox 139 2406 1160 2524; baseline 0.033 -49"><span class='ocrx_word' id='word_1_177' title='bbox 139 2411 275 2476; x_wconf 86' lang='grc' dir='ltr'><strong><em>ἐποίευν</em></strong></span> <span class='ocrx_word' id='word_1_178' title='bbox 288 2406 363 2479; x_wconf 78' lang='grc' dir='ltr'><strong><em>ἀντὶ</em></strong></span> <span class='ocrx_word' id='word_1_179' title='bbox 373 2418 435 2479; x_wconf 83' lang='grc' dir='ltr'><strong><em>τού</em></strong></span> <span class='ocrx_word' id='word_1_180' title='bbox 451 2410 535 2481; x_wconf 80' lang='grc' dir='ltr'><strong><em>εἶναι</em></strong></span> <span class='ocrx_word' id='word_1_181' title='bbox 561 2410 691 2501; x_wconf 79' lang='grc' dir='ltr'><strong><em>ένόρχις</em></strong></span> <span class='ocrx_word' id='word_1_182' title='bbox 718 2416 918 2517; x_wconf 83' lang='grc' dir='ltr'><strong><em>εὐνούχους,</em></strong></span> <span class='ocrx_word' id='word_1_183' title='bbox 940 2438 996 2503; x_wconf 77' lang='grc' dir='ltr'><strong><em>καὶ</em></strong></span> <span class='ocrx_word' id='word_1_184' title='bbox 1016 2449 1160 2524; x_wconf 80' lang='grc' dir='ltr'><strong><em>παρθέ-</em></strong></span> 
     </span>
     <span class='ocr_line' id='line_1_24' title="bbox 138 2508 1157 2623; baseline 0.034 -45"><span class='ocrx_word' id='word_1_185' title='bbox 138 2536 220 2589; x_wconf 88' lang='grc' dir='ltr'><strong><em>νους</em></strong></span> <span class='ocrx_word' id='word_1_186' title='bbox 236 2508 295 2590; x_wconf 83' lang='grc' dir='ltr'><strong><em>τάς</em></strong></span> <span class='ocrx_word' id='word_1_187' title='bbox 317 2515 599 2595; x_wconf 86' lang='grc' dir='ltr'><strong><em>καλλιστευούσας</em></strong></span> <span class='ocrx_word' id='word_1_188' title='bbox 622 2513 857 2605; x_wconf 79' lang='grc' dir='ltr'><strong><em>ἀνασπάστους</em></strong></span> <span class='ocrx_word' id='word_1_189' title='bbox 877 2531 970 2617; x_wconf 81' lang='grc' dir='ltr'><strong><em>παρά</em></strong></span> <span class='ocrx_word' id='word_1_190' title='bbox 990 2545 1157 2623; x_wconf 82' lang='grc' dir='ltr'><strong><em>βασιλέα·</em></strong></span> 
     </span>
     <span class='ocr_line' id='line_1_25' title="bbox 137 2608 1159 2717; baseline 0.028 -44"><span class='ocrx_word' id='word_1_191' title='bbox 137 2608 294 2675; x_wconf 80' lang='grc' dir='ltr'><strong><em>ταῦτάτε</em></strong></span> <span class='ocrx_word' id='word_1_192' title='bbox 310 2608 350 2696; x_wconf 82' lang='grc' dir='ltr'><strong><em>δή</em></strong></span> <span class='ocrx_word' id='word_1_193' title='bbox 367 2614 517 2701; x_wconf 82' lang='grc' dir='ltr'><strong><em>ἐποίευν,</em></strong></span> <span class='ocrx_word' id='word_1_194' title='bbox 539 2612 668 2694; x_wconf 80' lang='grc' dir='ltr'><strong><em>καὶτὰς</em></strong></span> <span class='ocrx_word' id='word_1_195' title='bbox 694 2614 790 2697; x_wconf 87' lang='grc' dir='ltr'><strong><em>πόλις</em></strong></span> <span class='ocrx_word' id='word_1_196' title='bbox 815 2624 1069 2717; x_wconf 82' lang='grc' dir='ltr'><strong><em>ἐνεπίμπρασαν</em></strong></span> <span class='ocrx_word' id='word_1_197' title='bbox 1086 2640 1159 2711; x_wconf 72' lang='grc' dir='ltr'><strong><em>αὖ.</em></strong></span> 
     </span>
     <span class='ocr_line' id='line_1_26' title="bbox 137 2707 1155 2830; baseline 0.036 -58"><span class='ocrx_word' id='word_1_198' title='bbox 137 2718 223 2772; x_wconf 83' lang='grc' dir='ltr'><strong><em>τοῖσι</em></strong></span> <span class='ocrx_word' id='word_1_199' title='bbox 238 2708 348 2792; x_wconf 84' lang='grc' dir='ltr'><strong><em>ίροῖσι.</em></strong></span> <span class='ocrx_word' id='word_1_200' title='bbox 372 2707 462 2778; x_wconf 81' lang='grc' dir='ltr'><strong><em>οὕτω</em></strong></span> <span class='ocrx_word' id='word_1_201' title='bbox 476 2708 516 2797; x_wconf 79' lang='grc' dir='ltr'><strong><em>δή</em></strong></span> <span class='ocrx_word' id='word_1_202' title='bbox 527 2708 565 2780; x_wconf 90' lang='grc' dir='ltr'><strong><em>τδ</em></strong></span> <span class='ocrx_word' id='word_1_203' title='bbox 576 2719 690 2797; x_wconf 88' lang='grc' dir='ltr'><strong><em>τρίτον</em></strong></span> <span class='ocrx_word' id='word_1_204' title='bbox 699 2714 814 2798; x_wconf 83' lang='grc' dir='ltr'><strong><em>Ἴωνες</em></strong></span> <span class='ocrx_word' id='word_1_205' title='bbox 828 2731 1155 2830; x_wconf 70' lang='grc' dir='ltr'><strong><em>κατεδουλώθησαν,</em></strong></span> 
     </span>
     <span class='ocr_line' id='line_1_27' title="bbox 137 2804 1151 2920; baseline 0.041 -52"><span class='ocrx_word' id='word_1_206' title='bbox 137 2808 272 2887; x_wconf 80' lang='grc' dir='ltr'><strong><em>πρῶτον</em></strong></span> <span class='ocrx_word' id='word_1_207' title='bbox 283 2804 346 2892; x_wconf 70' lang='grc' dir='ltr'><strong><em>μέν</em></strong></span> <span class='ocrx_word' id='word_1_208' title='bbox 356 2804 423 2873; x_wconf 80' lang='grc' dir='ltr'><strong><em>ὑπό</em></strong></span> <span class='ocrx_word' id='word_1_209' title='bbox 434 2813 569 2898; x_wconf 79' lang='grc' dir='ltr'><strong><em>Λυδῶν,</em></strong></span> <span class='ocrx_word' id='word_1_210' title='bbox 579 2814 630 2890; x_wconf 82' lang='grc' dir='ltr'><strong><em>δὶς</em></strong></span> <span class='ocrx_word' id='word_1_211' title='bbox 640 2812 677 2879; x_wconf 74' lang='grc' dir='ltr'><strong><em>δέ</em></strong></span> <span class='ocrx_word' id='word_1_212' title='bbox 688 2816 803 2905; x_wconf 82' lang='grc' dir='ltr'><strong><em>ἐπεξῆς</em></strong></span> <span class='ocrx_word' id='word_1_213' title='bbox 812 2821 887 2890; x_wconf 91' lang='grc' dir='ltr'><strong><em>τότε</em></strong></span> <span class='ocrx_word' id='word_1_214' title='bbox 897 2823 1151 2920; x_wconf 83' lang='grc' dir='ltr'><strong><em>ὐπδΠερσέων.</em></strong></span> 
     </span>
     <span class='ocr_line' id='line_1_28' title="bbox 82 2902 1158 3022; baseline 0.034 -56"><span class='ocrx_word' id='word_1_215' title='bbox 82 2914 117 2967; x_wconf 81' lang='grc'><strong><em>33</em></strong></span> <span class='ocrx_word' id='word_1_216' title='bbox 215 2902 295 2973; x_wconf 87' lang='grc' dir='ltr'><strong><em>Ἀπδ</em></strong></span> <span class='ocrx_word' id='word_1_217' title='bbox 314 2906 352 2973; x_wconf 77' lang='grc' dir='ltr'><strong><em>δὲ</em></strong></span> <span class='ocrx_word' id='word_1_218' title='bbox 373 2904 499 2992; x_wconf 84' lang='grc' dir='ltr'><strong><em>Ἰωνίης</em></strong></span> <span class='ocrx_word' id='word_1_219' title='bbox 517 2906 811 3001; x_wconf 82' lang='grc' dir='ltr'><strong><em>άπαλλασσόμενος</em></strong></span> <span class='ocrx_word' id='word_1_220' title='bbox 829 2918 848 2988; x_wconf 89' lang='grc' dir='ltr'><strong><em>ό</em></strong></span> <span class='ocrx_word' id='word_1_221' title='bbox 867 2928 1027 3009; x_wconf 78' lang='grc' dir='ltr'><strong><em>ναυτικὸς</em></strong></span> <span class='ocrx_word' id='word_1_222' title='bbox 1046 2954 1158 3022; x_wconf 81' lang='grc' dir='ltr'><strong><em>στρα-</em></strong></span> 
     </span>
     <span class='ocr_line' id='line_1_29' title="bbox 133 3001 1157 3124; baseline 0.036 -54"><span class='ocrx_word' id='word_1_223' title='bbox 133 3001 190 3083; x_wconf 86' lang='grc' dir='ltr'><strong><em>τός</em></strong></span> <span class='ocrx_word' id='word_1_224' title='bbox 203 3004 245 3073; x_wconf 82' lang='grc' dir='ltr'><strong><em>τά</em></strong></span> <span class='ocrx_word' id='word_1_225' title='bbox 263 3004 316 3074; x_wconf 85' lang='grc' dir='ltr'><strong><em>ἐπ’</em></strong></span> <span class='ocrx_word' id='word_1_226' title='bbox 337 3004 495 3094; x_wconf 84' lang='grc' dir='ltr'><strong><em>άριστερδι</em></strong></span> <span class='ocrx_word' id='word_1_227' title='bbox 514 3010 700 3082; x_wconf 87' lang='grc' dir='ltr'><strong><em>έσπλώοντι</em></strong></span> <span class='ocrx_word' id='word_1_228' title='bbox 716 3021 778 3084; x_wconf 84' lang='grc' dir='ltr'><strong><em>τού</em></strong></span> <span class='ocrx_word' id='word_1_229' title='bbox 793 3015 1042 3108; x_wconf 80' lang='grc' dir='ltr'><strong><em>Ἑλλησπόντου</em></strong></span> <span class='ocrx_word' id='word_1_230' title='bbox 1057 3042 1157 3124; x_wconf 80' lang='grc' dir='ltr'><strong><em>αἵρεε</em></strong></span> 
     </span>
     <span class='ocr_line' id='line_1_30' title="bbox 132 3104 1155 3223; baseline 0.034 -53"><span class='ocrx_word' id='word_1_231' title='bbox 132 3104 258 3175; x_wconf 88' lang='grc' dir='ltr'><strong><em>πάντα·</em></strong></span> <span class='ocrx_word' id='word_1_232' title='bbox 282 3106 323 3179; x_wconf 79' lang='grc' dir='ltr'><strong><em>τά</em></strong></span> <span class='ocrx_word' id='word_1_233' title='bbox 347 3107 411 3195; x_wconf 85' lang='grc' dir='ltr'><strong><em>γάρ</em></strong></span> <span class='ocrx_word' id='word_1_234' title='bbox 431 3108 486 3175; x_wconf 82' lang='grc' dir='ltr'><strong><em>ἐπὶ</em></strong></span> <span class='ocrx_word' id='word_1_235' title='bbox 509 3109 599 3193; x_wconf 77' lang='grc' dir='ltr'><strong><em>δεξιά</em></strong></span> <span class='ocrx_word' id='word_1_236' title='bbox 622 3113 755 3187; x_wconf 80' lang='grc' dir='ltr'><strong><em>αὐτοῖσι</em></strong></span> <span class='ocrx_word' id='word_1_237' title='bbox 775 3113 956 3213; x_wconf 85' lang='grc' dir='ltr'><strong><em>ύποχείρια</em></strong></span> <span class='ocrx_word' id='word_1_238' title='bbox 979 3122 1025 3216; x_wconf 84' lang='grc' dir='ltr'><strong><em>ἦν</em></strong></span> <span class='ocrx_word' id='word_1_239' title='bbox 1046 3161 1155 3223; x_wconf 77' lang='grc' dir='ltr'><strong><em>γεγο-</em></strong></span> 
     </span>
     <span class='ocr_line' id='line_1_31' title="bbox 131 3202 1152 3327; baseline 0.031 -54"><span class='ocrx_word' id='word_1_240' title='bbox 131 3203 214 3275; x_wconf 88' lang='grc' dir='ltr'><strong><em>νότα</em></strong></span> <span class='ocrx_word' id='word_1_241' title='bbox 238 3202 313 3276; x_wconf 83' lang='grc' dir='ltr'><strong><em>κατ’</em></strong></span> <span class='ocrx_word' id='word_1_242' title='bbox 337 3204 485 3294; x_wconf 80' lang='grc' dir='ltr'><strong><em>ἤπειρον.</em></strong></span> <span class='ocrx_word' id='word_1_243' title='bbox 527 3213 607 3282; x_wconf 69' lang='lat' dir='ltr'><strong><em>Em</em></strong></span> <span class='ocrx_word' id='word_1_244' title='bbox 632 3217 669 3287; x_wconf 80' lang='grc' dir='ltr'><strong><em>δέ</em></strong></span> <span class='ocrx_word' id='word_1_245' title='bbox 686 3220 724 3288; x_wconf 91' lang='grc' dir='ltr'><strong><em>ἐν</em></strong></span> <span class='ocrx_word' id='word_1_246' title='bbox 746 3224 791 3309; x_wconf 78' lang='grc' dir='ltr'><strong><em>τῇ</em></strong></span> <span class='ocrx_word' id='word_1_247' title='bbox 808 3222 961 3317; x_wconf 83' lang='grc' dir='ltr'><strong><em>Εὐρώπη</em></strong></span> <span class='ocrx_word' id='word_1_248' title='bbox 985 3237 1061 3303; x_wconf 79' lang='grc' dir='ltr'><strong><em>αἵδε</em></strong></span> <span class='ocrx_word' id='word_1_249' title='bbox 1084 3248 1152 3327; x_wconf 79' lang='grc' dir='ltr'><strong><em>τοῦ</em></strong></span> 
     </span>
     <span class='ocr_line' id='line_1_32' title="bbox 127 3300 1152 3424; baseline 0.035 -53"><span class='ocrx_word' id='word_1_250' title='bbox 127 3300 390 3395; x_wconf 77' lang='grc' dir='ltr'><strong><em>Ἑλλησπόντου·</em></strong></span> <span class='ocrx_word' id='word_1_251' title='bbox 421 3312 634 3400; x_wconf 82' lang='grc' dir='ltr'><strong><em>Χερσόνησός</em></strong></span> <span class='ocrx_word' id='word_1_252' title='bbox 656 3346 710 3407; x_wconf 85' lang='grc' dir='ltr'><strong><em>τε,</em></strong></span> <span class='ocrx_word' id='word_1_253' title='bbox 741 3323 778 3390; x_wconf 86' lang='grc' dir='ltr'><strong><em>ἐν</em></strong></span> <span class='ocrx_word' id='word_1_254' title='bbox 808 3332 850 3413; x_wconf 80' lang='grc' dir='ltr'><strong><em>τῇ</em></strong></span> <span class='ocrx_word' id='word_1_255' title='bbox 881 3329 994 3409; x_wconf 90' lang='grc' dir='ltr'><strong><em>πόλιες</em></strong></span> <span class='ocrx_word' id='word_1_256' title='bbox 1022 3344 1152 3424; x_wconf 86' lang='grc' dir='ltr'><strong><em>συχναλ</em></strong></span> 
     </span>
     <span class='ocr_line' id='line_1_33' title="bbox 133 3407 1151 3522; baseline 0.042 -55"><span class='ocrx_word' id='word_1_257' title='bbox 133 3407 245 3492; x_wconf 80' lang='grc' dir='ltr'><strong><em>ἔνεισι,</em></strong></span> <span class='ocrx_word' id='word_1_258' title='bbox 262 3407 320 3475; x_wconf 84' lang='grc' dir='ltr'><strong><em>καλ</em></strong></span> <span class='ocrx_word' id='word_1_259' title='bbox 336 3407 508 3495; x_wconf 87' lang='grc' dir='ltr'><strong><em>Πέρινθος</em></strong></span> <span class='ocrx_word' id='word_1_260' title='bbox 526 3414 582 3482; x_wconf 81' lang='grc' dir='ltr'><strong><em>καὶ</em></strong></span> <span class='ocrx_word' id='word_1_261' title='bbox 600 3416 641 3483; x_wconf 81' lang='grc' dir='ltr'><strong><em>τά</em></strong></span> <span class='ocrx_word' id='word_1_262' title='bbox 657 3426 768 3509; x_wconf 87' lang='grc' dir='ltr'><strong><em>τείχεα</em></strong></span> <span class='ocrx_word' id='word_1_263' title='bbox 783 3423 825 3491; x_wconf 80' lang='grc' dir='ltr'><strong><em>τά</em></strong></span> <span class='ocrx_word' id='word_1_264' title='bbox 844 3428 903 3495; x_wconf 78' lang='grc' dir='ltr'><strong><em>ἐπὶ</em></strong></span> <span class='ocrx_word' id='word_1_265' title='bbox 920 3439 1070 3522; x_wconf 85' lang='grc' dir='ltr'><strong><em>Θρηίκης</em></strong></span> <span class='ocrx_word' id='word_1_266' title='bbox 1088 3444 1151 3510; x_wconf 79' lang='grc' dir='ltr'><strong><em>καὶ</em></strong></span> 
     </span>
    </p>
   </div>
   <div class='ocr_carea' id='block_1_3' title="bbox 0 0 1254 3925">
    <p class='ocr_par' dir='ltr' id='par_1_3' title="bbox 0 0 1254 3925">
     <span class='ocr_line' id='line_1_34' title="bbox 0 0 1254 3925; baseline 0 1"><span class='ocrx_word' id='word_1_267' title='bbox 0 0 1254 3925; x_wconf 95' lang='lat' dir='ltr'><strong><em> </em></strong></span> 
     </span>
    </p>
   </div>
  </div>
 </body>
</html>
