2500 3925
382 289 468 344 LIB.
504 290 524 346 1.
558 289 657 346 CAP.
689 294 832 349 19-24.
1073 288 1110 351 ll

105 455 263 538 Αθηναίη
273 447 474 534 οἰκοδόμησε
487 446 506 516 ὁ
518 446 700 536 Ἀλυάττης
715 452 754 517 έν
771 456 814 538 τῇ
823 446 989 542 Ἀσσησῷ,
1009 447 1112 529 αύτός

105 575 137 616 τε
155 551 193 617 έκ
207 554 265 634 τῆς
278 546 408 615 νούσου
421 544 553 635 άνέστη.
576 546 661 618 κατὰ
675 551 739 636 μίν
751 546 813 617 τόν
826 548 911 637 πρὸς
921 558 1111 639 Μιλησίους

104 674 137 715 τε
155 648 211 715 καὶ
227 644 472 733 Θρασύβουλον
486 647 637 735 πόλεμον
646 646 809 737 Ἀλυάττη
824 639 890 717 ὦδε
903 655 986 737 ίσχε.

186 752 395 835 Περίανδρος
409 751 447 817 δὲ
459 742 505 837 ἦν
518 756 680 833 Κυψέλου
693 743 794 836 παῖς,
807 742 908 831 οὗτος
924 749 943 820 ὁ
957 759 1003 842 τῷ
1017 763 1111 839 Θρα-
1121 770 1155 825 2³

103 847 262 939 συβούλφ
275 842 313 915 τδ
328 849 531 939 χρηστήριον
547 852 708 939 μηνύσας.
738 850 943 937 ἐτυράννευε
955 852 993 919 δὲ
1009 850 1112 921 ‹5112-

103 957 263 1040 ρίανδρος
277 958 472 1039 Κορίνθου·
500 960 547 1045 τῷ
568 951 608 1041 δὴ
625 957 761 1040 λέγουσι
775 960 957 1041 Κορίνθιοι
972 948 1111 1043 (όμολο-

102 1056 220 1139 γέουσι
231 1054 272 1119 δέ
281 1071 343 1137 σφι
353 1056 506 1140 Λέσβιοι)
521 1056 559 1123 έν
568 1060 615 1145 τῷ
626 1060 690 1145 βίφ
711 1060 813 1143 θύμα
835 1058 991 1141 μέγιστον
1000 1078 1111 1141 παρα·

102 1156 240 1237 στῆναι,
259 1145 393 1235 Ἀρίονα
413 1149 475 1219 τόν
492 1160 727 1240 Μηθυμναῖον
748 1155 802 1221 ἐπὶ
818 1157 975 1239 δελφῖνος
987 1157 1110 1235 ἐξενει-

101 1252 228 1335 χθέντα
238 1248 291 1314 έπδ
304 1254 484 1337 Ταίναρον,
500 1251 598 1319 έόυτα
609 1248 807 1342 κιθαρφδδν
819 1259 888 1321 τῶν
898 1254 974 1322 τότε
982 1255 1110 1322 ἐόντων

101 1345 244 1425 οὐδενὸς
259 1347 436 1436 δεύτερον,
460 1352 517 1418 καλ
532 1351 750 1438 διθύραμβον
762 1357 898 1437 πρῶτον
913 1348 1109 1439 ἀνθρώπων

101 1452 169 1513 τῶν
195 1441 291 1532 ἡμεῖς
315 1450 413 1532 ῖδμεν
437 1448 625 1535 ποιήσαντά
649 1474 687 1515 τε
711 1450 767 1517 καί
791 1447 1027 1537 ούνομάσαντα
1052 1453 1108 1517 καλ

101 1544 283 1623 διδάξαντα
303 1546 341 1611 έν
360 1552 531 1638 Κορίνθῳ.
571 1552 694 1615 τοῦτον
721 1546 783 1616 τόν
800 1546 934 1635 Ἀρίονα
959 1555 1150 1637 moveam

101 1646 161 1716 τὸν
175 1642 305 1713 πολλδν
325 1653 387 1713 τού
402 1649 529 1734 χρόνον
553 1652 769 1736 διατρίβοντα
790 1648 882 1738 παρὰ
895 1652 1106 1738 Περιάνδρῳ,

101 1752 310 1833 ἐπιθυμῆσαι
326 1754 456 1815 πλῶσαι
479 1751 512 1827 ἐς
529 1746 670 1835 Ἰταλίην
683 1750 792 1817 τεκαὶ
808 1757 985 1835 Σικελίην,
1007 1750 1108 1833 ἔργα·

100 1848 251 1934 σύμενον
267 1845 304 1911 δέ
324 1845 473 1933 χρήματα
488 1848 616 1934 μεγάλα
634 1850 793 1935 ἐθελῆσαι
809 1846 916 1917 ὀπίσω
929 1851 963 1926 ές
979 1848 1107 1933 Κόριν-

100 1960 168 2018 θον
188 1943 381 2015 ἀπικέσθαι.
411 1945 582 2036 ὁρμᾶσθαι
605 1951 670 2034 μέν
691 1974 760 2015 νυν
780 1948 817 2015 ἐκ
840 1946 1028 2034 Τάραντος,
1048 1969 1107 2014 πι-

103 2048 265 2118 στεύοντα
280 2048 317 2114 δὲ
332 2043 508 2134 οὐδαμοῖσι
522 2055 653 2134 μᾶλλον
666 2043 689 2134 ἢ
703 2052 919 2132 Κορινθίοισι
932 2044 1107 2132 μισθωσα-

100 2161 183 2220 σθαι
193 2157 314 2216 πλοῖον
325 2144 461 2235 ἀνδρῶν
475 2154 690 2232 Κορινθίων·
713 2143 794 2224 τούς
806 2146 844 2212 δέ
858 2147 896 2212 έν
907 2152 954 2235 τῷ
970 2144 1108 2230 πελάγει

100 2247 336 2338 ἐπιβουλεύειν
347 2245 409 2314 τόν
418 2245 553 2334 Ἀρίονα
568 2245 772 2332 ἐκβαλόντας
788 2249 875 2330 ἔχειν
889 2241 930 2311 τά
940 2243 1105 2332 χρήματα·

99 2347 160 2418 τὸν
187 2349 224 2415 δὲ
254 2355 399 2414 συνέντα
429 2353 529 2414 τοῦτο
554 2353 749 2430 λίσσεσθαι,
783 2343 934 2431 χρήματα
945 2345 1009 2430 μέν
1017 2354 1109 2424 προλ.

101 2453 182 2515 έντα
202 2464 277 2534 σφι,
295 2442 407 2532 ψυχὴν
422 2447 459 2512 δὲ
473 2443 749 2532 παραιτεόμενον.
775 2439 838 2510 οὐκ
853 2435 905 2510 οἶν
917 2439 958 2530 δὴ
973 2449 1107 2510 πείθειν

100 2543 208 2614 αὐτόν
221 2545 387 2631 τούτοισι,
409 2541 494 2614 άλλά
510 2543 664 2613 κελεύειν
684 2539 765 2620 τούς
777 2544 951 2628 πορθμέας
963 2534 987 2627 ἦ
1001 2537 1107 2608 αύτδν

101 2647 308 2730 διαχρᾶσθαί
325 2669 401 2730 μιν,
424 2640 468 2722 ὥς
492 2639 536 2710 άν
555 2649 667 2728 ταφῆς
686 2643 725 2709 έν
744 2648 788 2730 νῇ
800 2641 901 2729 τύχη,
921 2635 1108 2727 ἢέκπηδᾶν

99 2747 134 2822 ές
151 2737 217 2828 τὴν
237 2739 417 2808 θάλασσαν
436 2738 499 2827 τὴν
521 2748 689 2827 ταχίστην.
731 2737 957 2826 ἀπειληθέντα
984 2742 1022 2808 δέ
1047 2737 1108 2807 τόν

95 2842 232 2930 Ἀρίονα
255 2842 289 2919 ές
309 2837 455 2928 άπορίην
475 2841 767 2929 παραιτήσασθαι,
791 2837 906 2927 ἐπειδή
929 2859 992 2925 σφι
1018 2834 1108 2904 οὕτω
1221 2902 1225 2909 .

100 2943 231 3025 δοκέοι,
258 2944 422 3026 περιιδεῖν
444 2937 549 3008 αὐτὸν
569 2942 608 3008 έν
628 2945 669 3027 τῇ
689 2943 794 3026 σκευῇ
813 2937 905 3026 πάση
924 2936 1049 3005 στάντα
1070 2937 1108 3002 ἐν

100 3055 187 3110 τοῖσι
202 3039 368 3108 έδωλίοισι
382 3037 508 3109 άεῖσαι·
524 3037 638 3118 δείσας
649 3040 686 3106 δὲ
696 3036 874 3106 ὑπεδέκετο
886 3032 1013 3104 έωντδν
1026 3059 1108 3102 κατ-

102 3143 316 3230 εργάσεσθαι.
352 3145 407 3210 καὶ
438 3157 525 3210 τοῖσι
548 3144 701 3210 ἐσελθεῖν
722 3135 789 3225 γάρ
812 3132 942 3224 ἡδονὴν
983 3140 1013 3202 εί
1027 3135 1108 3218 μέλ-

101 3255 194 3313 λοιεν
208 3240 419 3310 ἀκούσεσθαι
432 3249 494 3310 τοῦ
511 3240 652 3328 άρίστου
668 3236 865 3325 ἀνθρώπων
878 3231 1008 3318 άοιδοῦ,
1023 3228 1107 3298 άνα-

100 3348 249 3430 χωρῆσαι
266 3343 303 3408 ἐκ
317 3347 376 3427 τῆς
390 3340 548 3428 πρύμνης
561 3341 595 3417 ές
615 3340 723 3424 μέσην
735 3339 803 3404 νέα.
836 3329 898 3400 τόν
912 3332 950 3398 δέ
963 3328 1107 3398 ἐνδύντα

101 3469 135 3510 τε
149 3449 264 3509 πᾶσαν
277 3437 338 3528 τὴν
354 3439 480 3528 σκευὴν
496 3445 551 3510 καὶ
565 3441 714 3528 λαβόντα
727 3436 790 3526 τὴν
806 3433 966 3519 κιθάρην,
983 3431 1107 3498 στάντα

102 3543 137 3610 έν
150 3555 238 3609 τοῖσι
252 3541 418 3608 ἑδωλίοισι
433 3546 618 3623 διεξελθεῖν
646 3541 754 3626 νόμον
766 3534 827 3604 τόν
843 3533 977 3617 ὄρθιον,
991 3539 1107 3598 τελευ-
