2500 3925
327 280 411 336 LIB.
443 280 476 339 ll.
512 280 612 338 cAP.
646 287 782 342 89—92.
997 277 1058 340 159

81 432 200 522 ἐγωνίης
214 441 347 522 ἔχοντα,
368 439 569 524 παρέχοντες
588 435 697 508 ἄεθλα
712 437 834 527 κτήνεα
855 443 910 509 καλ
921 445 1057 528 χλαίνας

80 535 123 600 καλ
136 535 278 619 δέρματα.
311 537 488 622 εἰρομένου
501 538 542 603 δέ
551 561 627 622 μεν,
644 534 666 604 ό
677 565 709 606 τι
723 558 784 624 σφι
798 538 955 625 μούνοισι
970 545 1058 609 eam

78 631 241 717 όΠερσεύς
267 635 505 720 ἐπιφαίνεσθαι
529 638 585 704 καλ
610 633 631 702 ό
654 660 687 704 τι
710 642 927 724 κεχωρίδαται
949 645 1058 725 Λίγυ-

76 737 162 799 ττίων
179 740 244 800 τῶν
265 731 380 802 ἄλλων
401 729 517 819 ἀγῶνα
544 732 712 821 γυμνικόν
732 739 898 823 τιθέντες,
926 741 1058 823 δφασαν

76 827 123 896 τόν
135 836 258 918 Περσέα
276 834 313 900 ἐκ
334 839 393 919 τῆς
409 835 545 901 ἑωυτῶν
565 830 684 912 πόλιος
702 838 894 922 γεγονέναι·
916 832 977 903 τόν
992 832 1058 922 γὰρ

75 926 194 996 Δαναόν
206 932 262 998 καλ
282 927 344 999 τόν
358 934 494 1017 Λυγκέα
514 929 632 1010 ἐόντας
649 938 816 1018 Χεμμίτας
837 933 1004 1000 ἐκπλῶσαι
1025 933 1059 1010 ἐς

75 1026 123 1113 τὴν
139 1025 296 1096 Ἑλλάδα..
318 1025 385 1096 ιἰπό
407 1031 445 1097 δέ
464 1030 888 1117 τούτωνγενεηλογέοντες
902 1032 1058 1116 κατέβαι-

73 1149 124 1192 νον
135 1126 165 1206 ές
177 1124 236 1194 τόν
251 1130 395 1214 Περσέα.
436 1125 645 1215 ἀπικόμενον
659 1131 696 1197 δὲ
716 1125 822 1198 αύτὸν
836 1132 869 1210 ἐς
882 1138 1058 1216 Αλγνπτον

73 1221 132 1290 κατ’
145 1230 267 1311 αἰτίην,
296 1221 359 1311 τὴν
375 1228 431 1294 καλ
445 1223 603 1313 Ἕλληνες
616 1231 769 1314 λέγουσι,
794 1236 929 1296 οίσοντα
943 1228 980 1294 έκ
996 1233 1058 1294 Λι-

73 1321 141 1408 βύης
157 1319 217 1410 τὴν
238 1329 394 1410 Γοργοῦς
414 1323 584 1413 κεφαλὴν,
613 1331 745 1411 ἔφασαν
764 1327 878 1396 ἐλθείν
898 1328 953 1393 καλ
967 1319 1056 1412 παρὰ

74 1424 159 1505 σφέας
171 1424 224 1490 καλ
238 1421 436 1509 ἀναγνῶναι
456 1420 537 1503 τούς
551 1427 734 1511 συγγενέας
748 1424 891 1503 πάντας·
915 1425 1059 1509 ἐκμεμα-

74 1520 182 1605 θηκότα
205 1526 245 1590 δέ
255 1549 317 1610 μιν
337 1520 520 1592 ἀπικέσθαι
540 1526 574 1604 ἐς
587 1534 763 1612 Αίγυπτον
783 1520 820 1592 τό
841 1529 899 1610 τῆς
912 1524 1059 1609 Χέμμιος

73 1614 200 1705 ούνομα,
220 1625 446 1708 πεπυσμένον
467 1619 559 1708 παρὰ
579 1630 638 1711 τῆς
657 1621 799 1709 μητρός·
829 1619 945 1708 ἀγῶνα
967 1622 1005 1686 δέ
1027 1621 1061 1686 οί

73 1715 218 1800 γυμνικόν
231 1717 342 1787 αὐτοῦ
357 1720 578 1800 κελεύσαντος
591 1723 779 1789 ἐπιτελέειν.

142 1823 250 1885 Ταῦτα
274 1819 339 1904 μὲν
364 1819 473 1888 πάντα
493 1824 528 1888 οί
545 1820 738 1906 κατύπερθε
759 1825 827 1887 τόν
848 1819 950 1887 ἑλέων
969 1817 1058 1884 οίκέ-
1072 1833 1107 1888 92

74 1939 149 1995 οντες
159 1916 341 2005 Αίγύπτιον
354 1924 535 2007 νομίζουσι.
555 1919 603 1987 ὀί
616 1917 653 1987 δέ
668 1916 708 2006 δὴ
725 1920 762 1986 έν
777 1931 862 1987 τοῖσι
877 1919 965 1985 ἕλεσι
980 1939 1060 1983 κατ-

74 2021 222 2102 οικημένοι
247 2032 336 2085 τοῖσι
361 2021 424 2104 μὲν
453 2017 583 2088 αὐτοῖσι
611 2017 745 2105 νόμοισι
773 2018 944 2103 χρέονται,
972 2029 1059 2083 τοῖσι

73 2114 166 2183 καλοί
183 2115 282 2185 ἄλλοι
302 2117 500 2203 Αίγύπτιον,
528 2121 584 2184 καλ
606 2113 647 2183 τόν
669 2114 753 2183 ἄλλα
773 2118 829 2182 καί
848 2116 984 2200 γυναικὶ
1000 2119 1059 2201 μιῇ

73 2212 187 2291 ἕκαστος
211 2211 329 2281 αὐτῶν
354 2219 539 2301 συνοικέει,
582 2212 731 2303 κατάπερ
766 2212 940 2299 Ἕλληνες,
973 2208 1057 2295 ἀτὰρ

72 2309 139 2397 πρός
157 2312 328 2401 εὐτελείην
350 2322 420 2383 τῶν
445 2321 560 2383 σιτίων
582 2312 662 2380 τόδε
683 2332 743 2397 σφι
764 2310 848 2380 ἄλλα
869 2310 1056 2397 ἐξεύρηται·

72 2408 156 2477 ἐπεὰν
169 2411 300 2500 πλήρης
313 2416 449 2500 γένηται
461 2410 479 2482 ὁ
492 2410 641 2499 ποταμός
654 2414 708 2479 καὶ
722 2438 762 2478 τα
751 2410 853 2479 πεδί
851 2437 872 2478 α
886 2414 1058 2494 πελαγίσῃ,

72 2509 174 2591 φύεται
193 2514 231 2580 ἐν
254 2540 302 2603 τῳ
288 2512 417 2582 ὕδατι
430 2519 547 2598 κρίνεα
561 2507 686 2595 πολλα,
712 2536 751 2577 τα
741 2508 947 2595 Α’ύγύπτιοι
961 2508 1060 2573 καλέ-

73 2630 133 2676 ονσι
156 2612 275 2680 λωτόν.
326 2619 431 2681 ταῦτα
455 2608 559 2680 ἐπεὰν
582 2560 746 2694 δρέψωσι,
769 2604 947 2675 αὐαίνουσι
975 2602 1060 2689 πρὸς

72 2703 166 2795 ἥλιον,
193 2712 285 2778 καλ”
265 2734 397 2779 επειτεν
419 2708 456 2777 τό
479 2711 515 2777 ἐκ
538 2714 599 2775 τοῦ
619 2710 724 2792 μέσον
740 2713 802 2771 τοῦ
818 2708 927 2772 λωτοῦ
940 2708 980 2790 τῇ
995 2701 1060 2789 μή·

74 2828 139 2872 κονι
155 2804 212 2874 ἐόν
226 2808 372 2894 ἐμφερὲς
385 2813 561 2882 πτίσαντες
575 2810 748 2871 ποιεῦνται
770 2804 803 2881 ἐξ
819 2798 924 2868 αὐτοῦ
938 2797 1060 2884 ἄρτους

75 2895 176 2982 όπιούς
188 2910 282 2990 πυρί.
315 2908 421 2971 ἐστιδ
402 2902 506 2971 δέκαλ
520 2898 541 2988 ἡ
557 2904 628 2987 ῥίζα
643 2906 703 2967 τοῦ
717 2906 826 2968 λωτοῦ
840 2896 962 2966 τούτου
977 2897 1060 2962 ἐδω-

76 3001 136 3085 δίμη
149 3005 202 3069 καὶ
217 3000 396 3088 ἐγγλύσσει
412 3000 596 3081 ἐπιεικέως,
624 2995 682 3064 ἐόν
704 2993 929 3082 στρογγύλον,
957 2993 1060 3078 μέγα·

74 3106 124 3174 θος
134 3096 214 3166 κατόν
232 3103 351 3217 μηλον
380 3101 449 3165 ἐστι
461 3097 498 3163 δέ
513 3097 568 3163 καὶ
583 3090 668 3161 ύλλα
683 3100 798 3177 κρίνεα
812 3091 942 3176 ρόδοισι
957 3090 1061 3174 ἐμφε-

76 3196 171 3279 ρία,’
155 3224 191 3264 εν
204 3203 252 3287 τῷ
266 3202 404 3282 ποταμώ
424 3193 586 3279 γινόμενα
607 3194 662 3259 καὶ
682 3197 803 3275 ταῦτα,
822 3188 913 3254 ἐκ
866 3210 962 3253 τωνο
978 3210 1061 3269 καρ-

75 3290 124 3377 πὸς
138 3297 173 3363 ἐν
185 3265 271 3385 ἄλλη
284 3294 407 3364 κάλυκι
421 3295 668 3413 παραφυομένῃ
688 3293 777 3358 ἐκ
738 3316 796 3375 της
815 3290 903 3375 ῥίζης
922 3292 1061 3373 γίνεται,

77 3399 161 3508 κηρίῳ
185 3415 328 3481 σφηκων
351 3388 485 3478 ίδέην
470 3389 678 3478 ομοιότατον.
725 3388 762 3455 ἐν
786 3382 894 3476 τούτφ
918 3380 1060 3471 τρωκτὰ,

77 3483 143 3558 ὅσον
161 3518 196 3561 τε
216 3515 331 3577 πυρην
353 3492 427 3558 ἐλαί
412 3495 480 3576 ίης,
503 3491 668 3575 ἐγγίνεται
689 3484 812 3572 συχνοὶ,
841 3482 1002 3569 τρώγεται
1025 3484 1061 3547 δε
