2500 3925
180 280 222 345 48
555 282 807 342 HERODOTI

180 440 263 529 πρὸς
291 444 327 511 σδ
352 440 393 511 τὰ
423 446 529 510 νοέων
553 436 752 529 τυγχάνωή
776 446 876 526 σιγᾶν
897 443 935 509 έν
955 448 1001 534 τῷ
1025 440 1186 529 παρεόντι

180 540 241 631 χρή
250 572 260 624 3
277 547 389 629 Κῦρος
405 544 444 609 δέ
457 567 516 628 μιν
529 543 720 629 θαρσέοντα
734 541 866 608 ἐκέλευε
879 543 1005 628 λέγειν,
1022 538 1085 609 ότι
1100 540 1188 629 βοό-

180 653 280 713 λοιτο.
313 638 331 710 ὁ
348 641 384 710 δὲ
399 636 499 710 αότόι
519 640 640 727 είροότα
653 641 777 725 λέγων·
808 630 920 717 Οὗτος
935 635 953 706 ὁ
968 635 1091 719 πολλός
1106 637 1188 726 όμι·

181 750 238 823 λος
252 746 286 810 τί
295 747 400 809 ταῦτα
414 742 545 828 σπουδῇ
560 744 667 827 πολλή
682 737 868 825 ἐργάζεταις
892 734 930 807 ‘O
945 736 982 806 δὲ
997 735 1081 806 εἷπε·
1111 737 1189 806 Πό-

180 850 234 909 λιν
251 865 286 908 τε
300 836 362 927 τήν
376 836 440 926 σήν
455 837 627 926 διαρπάζει
654 838 709 905 καλ
723 836 873 924 χρήματα
887 834 928 904 τά
943 836 985 905 σά
1002 840 1186 924 διαφορέει.
1240 903 1241 916 ,

183 945 324 1027 Κροῖσος
346 937 382 1005 δέ
406 933 575 1024 ἀμείβετο·
606 931 694 1003 Οὔτε
713 933 815 1003 πόλιν
834 932 897 1022 τήν
911 932 995 1023 ἐμήν
1009 932 1085 1003 οὔτε
1099 933 1189 1021 χρή-

179 1062 265 1123 ματα
292 1032 333 1105 τά
361 1033 423 1123 έμιλ
449 1032 637 1121 διαρπάζει·
679 1029 869 1121 οὐδὲνγὰρ
892 1033 1189 1121 ἐμολέτιτοότων

136 1150 169 1206 89
181 1137 279 1220 μέτα·
312 1130 396 1202 άλλᾶ
422 1135 567 1223 φέρουσί
589 1158 624 1201 τε
645 1132 700 1200 καλ
721 1129 841 1218 ἄγουσι
864 1128 904 1201 τά
928 1132 980 1202 σά.
1020 1132 1124 1225 Κόρη)
1148 1131 1189 1200 δὲ

181 1234 330 1319 ἐπιμελές
352 1235 483 1319 ἐγένετο
504 1231 544 1302 τά
559 1239 704 1321 Κροῖσος
726 1228 813 1318 εἶπε,
839 1231 1126 1320 μεταστησάμενος
1149 1230 1188 1299 δὲ

181 1327 261 1411 τούς
280 1328 403 1411 ἄλλους
425 1340 530 1418 είρετο
548 1337 713 1417 Κροίσου,
742 1327 763 1396 ό
783 1355 814 1397 τι
837 1332 871 1397 οί
891 1330 1020 1423 ἐνορῴη
1040 1331 1077 1398 ἐν
1097 1342 1189 1398 τοῖσι

180 1430 417 1516 ποιευμένοισι.
448 1428 466 1499 ό
485 1430 522 1499 δέ
538 1426 623 1498 εἷπε·
664 1421 790 1499 Ἐπείτε
806 1451 848 1513 με
863 1430 937 1495 θεολ
956 1432 1085 1496 ἔδωκαν
1100 1430 1188 1495 δοῦ-

180 1528 242 1597 λόν
267 1547 338 1617 σοι,
367 1533 503 1615 δικαιῶ,
530 1536 564 1596 εί
587 1554 618 1595 τι
642 1528 765 1613 ἐνορέω
779 1528 898 1611 πλέον,
927 1531 1103 1613 σημαίνειν
1117 1545 1185 1594 σοι.

180 1629 307 1714 Πέρσαι
328 1628 435 1713 φύσιν
456 1626 567 1706 ἐόντες
587 1623 740 1713 ὑβρισταὶ
763 1628 824 1693 είσλ
844 1622 1041 1714 ἀχρήματοι·
1067 1621 1112 1714 ήν
1134 1618 1188 1693 ὦν

181 1726 223 1796 οὐ
252 1729 392 1809 τούτους
423 1734 573 1819 περιίδης
603 1727 851 1815 διαρπάσαντας
881 1730 935 1795 καὶ
959 1728 1188 1816 κατασχόντας
1240 1783 1241 1830 η

179 1828 328 1917 χρήματα
343 1830 487 1917 μεγάλα,
508 1830 589 1898 τάδε
610 1854 660 1898 τοι
678 1830 712 1908 ἐξ
727 1824 840 1895 αὐτόν
855 1828 988 1908 ἐπίδοξα
1005 1832 1187 1915 γενέσθαι·
1240 1845 1242 1940 η

181 1924 217 2006 δς
243 1921 287 1995 άν
315 1923 427 1995 αὐτόν
451 1935 587 1996 πλείστα
608 1926 771 2016 κατάσχη,
797 1930 918 1995 τοῦτον
937 1930 1191 2011 προσδέκεσθαί
1239 2006 1240 2013 ¹

180 2035 230 2094 τοι
247 2025 569 2114 ἐπαναστησόμενον.
602 2032 667 2094 νῦν
683 2019 732 2094 όν
745 2031 887 2110 ποίησον
902 2017 977 2114 τόδε,
993 2038 1027 2096 εί
1037 2054 1088 2096 τοι
1103 2025 1189 2118 άρέ-

180 2141 251 2192 σκει
265 2119 306 2191 τά
321 2120 385 2210 ἐγολ
400 2126 495 2210 λέγω.
528 2124 667 2193 κάτισον
687 2129 755 2192 τῶν
769 2124 973 2213 δορυφόρων
988 2128 1042 2195 ἐπὶ
1055 2126 1188 2216 πάσῃσι

179 2231 252 2314 τήσι
274 2223 398 2314 πόλησι
419 2226 609 2312 φυλάκους,
637 2231 672 2293 οἳ
692 2224 861 2311 λεγόντων
882 2222 966 2314 πρὸς
988 2224 1067 2307 τους
1081 2230 1189 2316 ἐκφέ·

180 2349 300 2412 ροντας
320 2321 361 2390 τά
382 2323 532 2412 χρήματα
546 2320 802 2412 ἀπαιρεόμενοι,
830 2323 875 2405 όός
889 2344 975 2412 σφεα
992 2322 1189 2414 ἀναγκαίως

180 2428 245 2508 ἔχει
263 2425 507 2508 δεκατευθῆναι
529 2429 574 2515 τῷ
589 2428 658 2492 Διί.
701 2426 755 2492 καί
770 2423 815 2492 ου’
828 2427 866 2493 τέ
878 2444 938 2512 σφι
953 2422 1016 2495 οόκ
1029 2423 1190 2516 άπεχθή-
1238 2460 1239 2465 ’

178 2542 251 2588 σεαι
273 2525 330 2608 βίη
351 2515 593 2608 ἀπαιρεόμενος
614 2518 654 2589 τά
674 2523 841 2610 χρήματα,
868 2525 924 2592 καὶ
949 2527 1070 2595 ἐκείνοι
1096 2547 1190 2615 συγ·
1237 2568 1238 2607 ;

135 2616 317 2706 ςογνόντες
340 2621 466 2688 ποιέειν
487 2638 524 2688 σε
545 2623 658 2689 δίκαια
675 2621 807 2700 ἑκόντες
826 2620 1021 2710 προήσουσι.
1067 2632 1190 2695 Ταῦτα
1237 2634 1238 2709 ᾗ

178 2713 346 2786 άκοόωυὸ
364 2724 476 2804 Κῦρος
491 2715 693 2808 ὑπερήδετο,
716 2718 760 2800 ὥς
783 2726 817 2790 οί
835 2720 948 2790 ἐδόκεε
963 2715 1003 2790 εὖ
1018 2719 1191 2794 ὑποτίθε-

178 2825 260 2884 σθαι
268 2841 282 2875 ·.
306 2817 438 2895 αἰνέσας
458 2817 494 2884 δὲ
516 2813 623 2895 πολλά
644 2817 700 2885 καὶ
721 2815 950 2904 ἐντειλάμενος
970 2833 1051 2889 τοῖσι
1076 2821 1182 2907 δορυ·
1236 2814 1237 2845 ³

179 2913 315 3000 φόροισι
340 2909 380 2980 τά
406 2920 549 3003 Κροῖσος
576 2911 772 3001 ὑπεθήκατο
798 2917 976 2986 ἐπιτελέειν
1001 2915 1071 2986 εἶπε
1095 2919 1189 3008 πρός

179 3019 325 3097 Κροῖσον
337 3009 433 3078 τάδε·
462 3018 602 3099 Κροῖσε,
618 3010 851 3102 άνηρτημένου
866 3020 927 3082 σεῦ
944 3011 1067 3103 άνδρός
1080 3025 1191 3105 βασι·
1235 3054 1236 3069 ¹

177 3111 250 3186 λέος
263 3104 388 3195 χρηστά
404 3112 484 3194 ἔργα
502 3110 556 3177 καὶ
572 3114 652 3177 ἐπεα
667 3114 810 3199 ποιέειν,
826 3115 915 3182 αίτέο
930 3116 1043 3204 δόσιν,
1060 3114 1190 3203 ἥντινα

176 3204 318 3293 βούλεαί
337 3232 388 3273 τοι
406 3209 565 3292 γενέσθαι
585 3217 783 3295 παραυτίκα.
824 3209 861 3281 ‘0
876 3213 912 3281 δὲ
928 3211 1014 3283 εἷπε·
1057 3208 1099 3282 Ὠ
1126 3219 1191 3284 δέ·
1234 3300 1235 3305 ¹

177 3322 298 3389 σποτα,
325 3303 424 3384 ἐάσας
446 3331 486 3392 με
508 3320 619 3392 χαριεί
635 3309 777 3394 μάλιστα
800 3308 860 3380 τόν
876 3308 962 3380 θεόν
976 3319 1043 3382 τόν
1061 3310 1191 3404 Ἑλλή-

177 3428 263 3490 νων,
279 3400 340 3472 τόν
354 3402 418 3490 ἐμοὶ
435 3407 571 3493 ἐτίμησα
587 3416 681 3476 θεῶν
695 3411 854 3500 μάλιστα,
870 3415 1078 3503 έπείρεσθαι,
1093 3423 1191 3505 πέμ-

177 3516 284 3584 ψαντα
299 3505 399 3573 τάσδε
414 3503 472 3586 τὰς
486 3511 603 3594 πέδας,
627 3517 658 3579 εί
670 3514 835 3591 ἐξαπατᾶν
851 3511 930 3596 τούς
945 3508 984 3584 εὖ
999 3525 1191 3604 ποιεῦντας
