2500 3925
356 182 443 238 ΙΙΒ.
477 183 537 238 vn.
570 182 669 242 cAP.
701 135 845 246 ⁵9-64:
1042 187 1104 251 15³

99 337 165 410 όπδ
185 342 248 426 μέν
263 337 432 430 Ἑλλήνων
446 339 663 427 Κηφῆνες,
645 340 712 411 υπδ
727 347 841 430 μέντοι
861 351 975 435 σφέων
990 347 1103 418 αὐτῶν

97 441 153 506 καί
171 444 240 506 τῶν
253 445 433 524 περιοίκων
449 435 602 527 Ἀρταῖοι.
632 441 703 509 ἐπεὶ
716 441 753 509 δὲ
766 442 945 530 Περσεύς
930 471 949 513 ο
963 446 1102 570 Δανάης

96 561 133 604 τε
145 539 201 605 καὶ
211 534 296 616 Διός
308 534 444 606 ἀπίκετο
459 561 549 621 παρα
537 534 725 624 Κηφέα
690 565 751 607 τον
762 541 875 629 Βήλου
886 547 941 614 καὶ
952 551 1024 632 ἔσχε
1038 543 1101 613 αύ-

97 641 159 703 τοῦ
172 631 235 722 τήν
248 638 419 724 θυγατέρα
430 633 670 725 Ἀνδρομέδην,
691 645 739 725 γέ.
739 666 818 709 εται
832 640 923 736 αύτῷ
939 659 1034 733 παῖς,
1055 652 1101 736 τῷ

95 730 226 819 ουνομα
234 735 483 820 ἐθειοΠέρσην,
494 758 614 802 τουτον
624 733 713 802 δέ
671 761 778 805 αυτοο
762 743 992 812 ’καταλείπετ’
1003 744 1101 830 ἐτύγ-

95 856 177 917 χανε
182 829 252 949 γάρ
264 830 363 912 άπαις
374 829 465 900 ἐάν*
450 857 469 900 ο
481 830 619 918 Κηφεύς
631 836 818 920 ἐρσενος’
776 862 891 922 γονον
915 839 968 907 ἐπί
978 839 1101 908 τούτου

97 927 189 997 δὲ
154 955 216 1015 την
236 933 429 1017 ἐπωνυμίην
445 936 551 1016 ἐσχον.
583 935 700 1016 Μῆδοι
720 930 808 1001 δέ
772 958 834 1019 την
851 932 959 1022 αύτήν
974 938 1099 1024 ταύτην
1114 954 1149 1009 62

96 1030 288 1119 ἐσταλμένοι
298 1031 551 1119 ἐστρατεύοντο·
562 1028 752 1118 Μηδικὴ
713 1057 777 1119 γαρ
789 1030 874 1119 αύτη
884 1029 905 1119 ἡ
917 1053 1019 1122 σκευη
1014 1034 1099 1103 ’ἐστι

96 1136 150 1203 καί
173 1129 217 1202 ού
229 1133 387 1222 Περσική.
417 1138 451 1202 οί
469 1133 505 1202 δέ
526 1137 641 1220 Μῆδοι
661 1132 805 1221 ἀρχοντα
824 1135 887 1221 μὲν
903 1142 1098 1222 παρείχοντο

100 1234 270 1323 Τιγράνην
284 1233 391 1324 ἀνδρα
402 1232 648 1321 Ἀχαιμενίδην,
664 1234 837 1304 ἐκαλέοντο
852 1234 888 1303 δὲ
903 1233 1006 1304 πάλαι
1015 1233 1099 1322 πρὸς

96 1333 234 1402 πάντων
243 1331 369 1421 Ἀριοι,
385 1331 587 1420 ἀπικομένης
599 1335 637 1401 δὲ
651 1336 802 1419 Μηδείης
815 1338 874 1418 τῆς
891 1336 1051 1419 Κολχίδος
1064 1336 1099 1414 ἐξ

94 1431 263 1519 Ἀθηνέων
279 1434 312 1511 ἐς
331 1429 412 1512 τούς
429 1430 559 1520 Ἀρίους
575 1433 717 1511 τούτους
731 1435 913 1521 μετέβαλον
929 1435 984 1500 καὶ
1005 1424 1099 1500 οὗτοι

97 1530 133 1599 τδ
156 1529 294 1617 οὕνομα.
322 1528 417 1599 αὐτοὶ
439 1531 476 1598 δὲ
495 1533 571 1617 περὶ
592 1533 707 1617 σφέων
730 1521 795 1598 ὦδε
817 1532 952 1616 λέγουσι
972 1533 1096 1617 Μῆδοι.

98 1636 229 1700 Κίσσιοι
246 1631 282 1699 δὲ
295 1631 553 1719 στρατευόμενοι
566 1627 607 1699 τά
621 1631 684 1716 μέν
698 1628 782 1700 ἀλλα
797 1630 880 1698 κατά
894 1654 957 1718 περ
970 1631 1098 1716 Πέρσαι

99 1728 316 1817 ἐσκευάδατο,
331 1727 405 1800 ἀντὶ
420 1731 456 1800 δέ
469 1737 538 1799 τῶν
550 1736 659 1798 πίλων
672 1728 873 1817 μιτρηφόροι
887 1721 982 1817 ήσαν.
1012 1737 1097 1798 Κισ-

96 1833 178 1895 σίων
192 1825 229 1895 δέ
241 1818 322 1916 ήρχε
331 1825 477 1915 Ἀνάφης
490 1826 509 1896 ὁ
525 1827 675 1897 Ὀτάνεω.
703 1825 871 1916 Ὑρκάνιοι
886 1831 923 1897 δὲ
936 1827 1020 1897 κατά
1034 1852 1096 1912 περ

97 1928 222 2015 Πέρσαι
232 1927 419 2014 ἐσεσάχατο,
429 1923 579 2015 ήγεμόνα
588 1924 810 2015 παρεχόμενοι
816 1927 1027 2014 Μεγάπανον
1037 1923 1097 1995 τδν

95 2031 296 2112 Βαβυλῶνος
312 2024 454 2113 ὕστερον
470 2024 600 2095 τούτων
614 2025 907 2113 ἐπιτροπεύσαντα.
927 2023 1096 2108 Ἀσσύριοι
1110 2038 1144 2093 6³

96 2124 131 2193 δέ
145 2124 402 2213 στρατευόμενοι
421 2129 496 2213 περὶ
511 2126 573 2213 μὲν
593 2132 668 2215 τῇσι
683 2133 846 2216 κεφαλῇσι
867 2124 955 2212 εἶχον
972 2123 1095 2212 χάλκεά

95 2248 129 2291 τε
149 2222 276 2310 κράνεα
296 2227 351 2295 καλ
370 2226 581 2313 πεπλεγμένα
600 2225 727 2314 τρόπον
746 2223 822 2293 τινά
839 2225 1013 2313 βάρβαρον
1032 2220 1096 2291 οόκ

96 2320 319 2410 εὐαπήγητον,
334 2320 475 2405 ἀσπίδας
486 2324 522 2392 δέ
532 2326 587 2393 καί
598 2321 717 2411 αίχμάς
728 2328 783 2391 καί
794 2326 970 2410 ἐγχειρίδια
986 2346 1093 2404 παρα-

94 2420 216 2507 πλήσια
236 2434 322 2489 τοῖσι
335 2427 548 2508 Αἰγυπτίοισι
563 2420 668 2508 εἶχον,
689 2419 774 2507 πρός
788 2421 825 2487 δὲ
840 2422 969 2509 ῥόπαλα
985 2419 1095 2500 ξύλων
1160 2494 1164 2499 .

96 2522 304 2604 τετυλωμένα
316 2520 443 2611 σιδήρφ
456 2522 512 2588 καί
524 2522 658 2598 λινέους
671 2519 839 2604 θώρηκας.
867 2509 962 2585 οὗτοι
977 2519 1013 2585 δὲ
1027 2513 1093 2583 ὑπὸ

95 2615 157 2703 μέν
164 2612 333 2702 Ἑλλήνων
347 2618 521 2685 ἐκαλέοντο
536 2616 678 2704 Σύριοι,
699 2612 766 2683 ὑπὸ
783 2615 819 2683 δὲ
833 2620 900 2683 τάν
914 2613 1095 2703 βαρβάρων

91 2708 258 2804 Ἀσσύριοι
272 2714 473 2802 ἐκλήθησαν
486 2713 625 2803 [τούτων
640 2712 677 2782 δέ
690 2709 813 2800 μεταξύ
824 2714 1004 2794 Χαλδαίοι].
1015 2704 1095 2797 ήρχε

93 2816 132 2883 δέ
143 2834 259 2901 σφεων
269 2811 464 2901 Ὀτάσπηςὸ
482 2811 686 2901 Ἀρτοχαίου.
707 2810 866 2895 Βάκτριοι
887 2807 924 2878 δὲ
938 2810 1014 2895 περὶ
1033 2810 1095 2895 μὲν
1108 2823 1142 2879 ⁶⁴

92 2919 165 3002 τησι
186 2912 384 3004 κεφαλήσι’
365 2913 528 3001 αγχότιιτα
547 2937 616 2981 των
636 2915 803 2999 Μηδικων
824 2914 954 2995 ἔχοντες
977 2908 1094 2992 ἐστρα-

92 3011 228 3080 τεύοντο
235 3012 338 3099 ,τόξα
353 3011 390 3081 δέ
401 3012 567 3098 καλάμινα
579 3010 737 3097 ἐπιχώρια
750 3010 851 3075 καλί
815 3032 836 3073 α
848 3000 932 3091 χμάς
943 3005 1092 3091 βραχέος.

91 3107 202 3176 Σάκαι
220 3064 257 3178 δὲ
270 3114 305 3178 οί
317 3110 456 3180 Σκύθαι
469 3113 545 3193 περὶ
564 3110 627 3195 μὲν
642 3114 715 3197 τῇσι
731 3111 894 3192 κεφαλῇσι
911 3105 1093 3188 κυρβασίας

91 3207 124 3284 ἐς
137 3201 198 3286 όξύ
212 3203 403 3295 ἀπηγμένας
416 3206 524 3296 όρθάς
535 3205 623 3295 εἶχον
633 3209 830 3292 πεπηγυίας,
845 3199 1044 3286 ἀναξυρίδας
1055 3195 1093 3265 δέ

91 3304 329 3390 ἐνδεδύκεσαν,
346 3307 425 3388 τόξα
445 3308 481 3376 δέ
495 3306 655 3394 ἐπιχάρια
669 3306 724 3373 καὶ
744 3304 937 3388 ἐγχειρίδια,
958 3292 1040 3383 πρὸς
1056 3295 1093 3363 δέ

89 3410 144 3476 καί
164 3403 277 3488 ἀξίνας
300 3409 440 3496 σαγάρις
461 3408 558 3496 εἶχον.
593 3408 735 3484 τούτους
756 3404 792 3471 δὲ
812 3400 927 3479 ἐόντας
952 3397 1092 3476 Σκύθας
