2500 3925
336 222 503 280 LIB.V1.
539 223 638 280 CAP.
671 228 812 284 75-81.
1037 221 1079 286 93

74 388 188 450 Ταῦτα
198 379 356 468 όήπάντα
368 380 580 449 συνελθόντα
590 393 676 448 τοῖσι
683 379 859 469 Ἀργείοισι
869 385 981 472 φόβον
991 409 1080 467 παρ-

74 493 146 568 εῖχε.
169 483 225 548 καὶ
242 481 284 569 δή
300 500 361 567 σφι
376 478 460 565 πρὸς
473 488 579 549 ταῦτα
593 483 687 561 ἔδοξε
699 489 746 574 τῷ
759 483 882 570 κήρυκι
896 492 966 571 τῶν
978 494 1081 554 πολε-

71 589 159 667 μίων
174 587 338 668 χρᾶσθαι,
363 581 466 661 δόξαν
481 581 521 647 δέ
537 599 599 667 σφι
620 582 757 649 ἐποίευν
771 583 920 653 τοιόνδε·
952 583 1079 664 ὅπωςὸ

71 679 284 766 Σπαρτιήτης
292 683 396 766 κῆρυξ
405 685 628 766 προσημαίνοι
638 685 985 776 τιΛακεδαιμονίοισι,
988 686 1082 751 ἐποί-

72 805 134 848 ευν
154 781 257 846 καλοί
274 776 414 863 Ἀργεῐοι
431 773 538 844 τύυτό
552 785 661 846 τούτο.
698 776 839 848 Μαθύν
849 779 886 848 όέ
899 779 918 848 ὁ
930 782 1124 867 Κλεομέ-Ὶε

71 906 132 964 νης
146 885 324 956 ποιεῦντας
334 873 414 955 τούς
424 873 593 962 Ἀργείους
604 873 721 944 ὁκοῖόν
733 903 765 945 τι
775 875 965 965 ὁσφέτερος
974 882 1080 965 κῆρυξ

72 976 242 1065 σημήνειε,
257 977 478 1062 παραγγέλλει
492 973 564 1062 σ’φι,
579 972 663 1043 ὅταν
675 975 838 1065 σημήνηό
853 982 958 1063 κῆρυξ
969 979 1082 1046 ποιέε-
1184 987 1192 998 ’

71 1086 154 1144 σθαι
166 1074 314 1162 ἀριστον,
330 1075 405 1142 τότε
416 1071 649 1159 ἀναλαβόντας
659 1072 700 1141 τά
711 1073 798 1144 ὅπλα
807 1079 947 1162 χωρέειν
957 1079 991 1156 ἐς
1002 1073 1082 1155 τούς

71 1183 244 1264 Αργείους.
273 1181 378 1243 ταῦτα
394 1177 450 1242 καὶ
464 1175 595 1259 ἐγένετο
610 1175 759 1242 ἐπιτελέα
779 1177 817 1243 ἐκ
831 1182 900 1243 τῶν
914 1179 1082 1244 Λακεδαι-

71 1283 230 1365 μονίων,
245 1273 384 1362 ἀριστου
405 1270 470 1360 γὰρ
490 1274 721 1360 ποιευμένοισι
741 1287 827 1341 τοῖσι
845 1271 1022 1358 Ἀργείοισι
1044 1278 1081 1340 ἐκ

70 1380 133 1443 τοῦ
150 1372 361 1460 κηρύγματος
377 1374 551 1459 ἐπεκέατο,
572 1374 629 1440 καὶ
645 1370 794 1451 πολλούς
813 1375 876 1458 μὲν
890 1373 1081 1460 ἐφόνευσαν

71 1471 202 1559 αὐτῶν,
217 1479 329 1564 πολλῷ
341 1469 373 1539 δ’
387 1477 434 1540 ἐτι
448 1477 596 1548 πλεῦνας
609 1473 643 1548 ἐς
653 1467 691 1538 τό
703 1467 804 1550 ἀλσος
813 1471 1007 1560 ποῦ”Αργου
1017 1498 1080 1540 κα-

70 1571 284 1659 ταφυγόντας
305 1569 528 1657 περιιζόμενοι
548 1568 752 1654 ἐφύλασσον.
797 1567 975 1639 Ἐνθεῦτεν
1001 1571 1039 1639 όέ
1058 1567 1122 1640 ό79
1145 1569 1152 1575 ’

71 1673 262 1757 Κλεομένης
276 1671 384 1737 ἐποίεε
397 1668 545 1736 τοιόνδε·
568 1673 653 1753 ἔχων
664 1664 874 1753 αὐτομόλους·
883 1666 1010 1755 ἀνδρας
1023 1671 1079 1736 καὶ

71 1767 332 1855 πυνθανόμενος
346 1765 477 1836 τούτων
491 1766 642 1846 ἐξεκάλεε
658 1768 799 1853 πέμπων
812 1768 960 1854 κήρυκα,
976 1765 1081 1835 ούνο-

72 1868 170 1953 μαστλ
184 1867 293 1952 λέγων
308 1872 377 1934 τόν
388 1861 547 1951 Ἀργείων
557 1861 637 1942 τούς
651 1866 748 1955 ἐντῷ
761 1868 823 1954 ίρῷ
838 1862 1079 1950 ἀπεργμένους,

73 1966 223 2049 ἐξεκάλεε
237 1967 274 2033 δὲ
287 1961 356 2051 φάς
372 1960 485 2031 αὐτῶν
499 1968 586 2047 ἔχειν
601 1958 641 2030 τὰ
657 1960 799 2030 ἀποινα·
821 1961 945 2031 ἀποινα
960 1967 1004 2032 δέ
1011 1965 1081 2030 ἐστι

76 2069 374 2149 Πελοποννησίοισι
390 2062 452 2129 όύο
468 2064 565 2147 μνέαι
582 2064 779 2148 τεταγμέναι
794 2060 867 2130 κατ’
882 2062 991 2147 ἀνδρα
1008 2068 1044 2130 αί
1060 2100 1080 2111 -

72 2163 227 2250 μάλωτον
242 2163 392 2229 ἐκτίνειν.
415 2156 498 2227 κατά
509 2161 717 2247 πεντήκοντα
728 2158 769 2248 δή
783 2154 833 2228 όν
842 2168 911 2229 τῶν
922 2158 1081 2246 Ἀργείων

74 2261 118 2341 ὡς
132 2261 291 2339 ἑκάστους
313 2259 555 2345 ἐκκαλεύμενος
571 2255 589 2325 ὁ
604 2262 796 2347 Κλεομένης
813 2266 947 2329 ἐκτεινε.
975 2267 1080 2327 ταῦτα

72 2364 112 2431 δέ
124 2388 190 2441 κως
204 2360 366 2446 γινόμενα
381 2358 538 2445 ἐλελήθεε
558 2356 638 2436 τούς
656 2355 795 2437 λοιπούς
810 2357 889 2438 τούς
910 2362 948 2426 ἐν
963 2366 1009 2450 τῷ
1024 2386 1079 2426 τε-

72 2465 180 2547 μένεϊ·
207 2456 265 2525 άτε
281 2455 346 2542 γάρ
360 2463 494 2525 πυκνοῦ
515 2457 630 2535 ἐόντος
642 2463 704 2524 τού
723 2455 841 2536 ἀλσεος
855 2454 919 2524 ούκ
929 2455 1035 2542 ύρεον
1048 2463 1081 2526 οί

73 2558 167 2637 ἐντὸς
182 2553 261 2635 τούς
278 2554 371 2634 ἐκτός
391 2555 411 2623 ὅ
431 2582 462 2623 τι
484 2561 670 2642 ἔπρησσον,
691 2562 772 2638 πρίν
792 2582 830 2641 γε
845 2555 885 2642 όή
904 2554 1018 2623 αύτῶν
1030 2583 1081 2635 τις

73 2653 201 2745 ἀναβάς
216 2656 269 2723 ἐπὶ
293 2654 431 2741 όένδρος
457 2660 586 2721 κατεῖδε
604 2652 642 2721 τὸ
656 2653 868 2738 ποιεύμενον.
894 2650 957 2721 ούκ
974 2647 1024 2721 ἀν
1039 2653 1079 2740 λή

73 2763 122 2825 ἐτι
136 2753 333 2839 καλεόμενοι
349 2752 491 2839 ἐξήισαν.
526 2750 693 2820 Ἐνθαῦτα
708 2749 748 2835 δή
765 2750 783 2818 ὁ
800 2755 991 2839 Κλεομένης
1005 2756 1123 2821 ἐκέ-80

73 2864 150 2925 λενε
164 2852 274 2921 πάντα
289 2847 365 2919 τινά
385 2857 454 2918 τῶν
473 2850 636 2919 εἱλωτέων
650 2851 817 2934 περινέειν
829 2850 896 2939 ύλη
913 2852 950 2921 τὸ
967 2852 1078 2938 ἀλσος,

72 2960 141 3022 τῶν
152 2953 188 3020 δὲ
199 2953 413 3037 πειθομένων
425 2954 584 3037 ἐνέπρησε
596 2947 633 3016 τό
646 2948 754 3028 ἀλσος.
771 2954 953 3037 καιομένου
967 2953 1003 3019 δέ
1015 2952 1079 3037 ἤδη

73 3056 220 3135 ἐπείρετο
235 3056 303 3117 τῶν
317 3047 394 3119 τινά
409 3047 616 3137 αὐτομόλων,
633 3054 724 3127 τίνος
741 3058 791 3134 εἴη
806 3058 900 3118 θεῶν
914 3047 952 3118 τό
968 3049 1080 3136 ἀλσος,

73 3149 142 3219 ὁιλέ
157 3147 353 3234 ἔφη”Αργου
365 3148 466 3217 εἶναι·
481 3147 499 3217 ὁ
512 3150 548 3217 δὲ
561 3146 605 3227 ὦς
614 3146 749 3235 ἤκουσε,
761 3146 986 3230 ἀναστενάξας
996 3150 1081 3235 μέγα

74 3246 161 3316 εἶπε·
192 3240 231 3313 Ὠ
245 3245 413 3315 ’Ἄπολλον
427 3246 619 3333 χρηστήριε,
641 3240 664 3333 ή
684 3247 836 3332 μεγάλως
852 3273 894 3333 με
909 3244 1081 3332 ἠπάτηκας

74 3344 223 3433 φάμενος
229 3343 350 3433 ’Ἄργος
361 3348 529 3433 αἱρήσειν·
545 3347 780 3432 συμβάλλομαι
792 3344 824 3412 δ’
834 3344 963 3433 ἐξήκειν
973 3370 1029 3430 μοι
1040 3341 1078 3411 τό

74 3441 281 3531 χρηστήριον.
317 3443 411 3513 Μετά
427 3448 463 3513 δέ
481 3452 584 3513 ταῦτα
599 3443 617 3513 ὁ
632 3452 824 3531 Κλεομένης
838 3442 900 3531 τήν
913 3446 975 3530 μὲν
989 3446 1119 3513 πλέω81
