2500 3925
191 233 1079 328 Lmsthmnm-mamcmst3ffl

99 417 168 477 ρηκα
189 398 302 460 λίνεον
322 378 543 477 ἄξιοθήητον,
570 396 670 458 τοῦτο
696 386 727 458 δ’
753 394 786 471 ἐς
800 392 920 480 Σάμον
943 402 982 484 τῇ
997 391 1083 484 Ἥρῃ

99 490 209 568 εἰκόνας
224 495 353 558 ἑωυτοῦ
368 493 524 574 διφασίας
540 491 691 576 ξυλίνας,
713 496 750 559 αἳ
764 492 801 559 ἐν
814 497 861 580 τῷ
876 498 946 581 νηῷ
960 499 1005 581 τῷ
1022 518 1082 579 με-

96 588 171 677 γάλῳ
189 590 329 675 ίδρύατο
351 594 398 655 ἔτι
420 588 475 655 καί
493 584 531 655 τὸ
552 588 647 673 μέχρι
669 590 765 674 ἰμεῦ,
788 585 911 656 ὄπισθε
931 596 999 656 τῶν
1013 599 1082 657 θυ-

96 687 176 769 ρίον.
188 688 228 764 ’ἐς
242 687 305 772 μέν
317 711 383 752 νυν
394 687 515 771 Σάμον
528 681 676 771 ἀνέθηκε
689 682 771 753 κατὰ
787 690 913 772 ξεινίην
924 684 986 773 τὴν
997 690 1081 754 ἑωυ-

94 792 143 849 τοῦ
164 811 196 852 τε
222 787 277 853 καὶ
303 783 540 866 Πολυκράτεος
567 791 629 851 τοῦ
648 782 807 869 Αἰνῖκεος,
838 786 870 863 ἐς
897 786 933 851 δὲ
954 786 1082 851 Λίνδον

95 887 198 968 ξεινίης
211 883 275 969 μὲν
286 880 443 968 οὐδεμιῆς
454 883 600 965 εἵνεκεν,
616 879 668 949 ὅτι
683 882 719 949 δὲ
733 878 769 949 τό
783 878 859 963 ἰρόν
870 878 907 949 τὸ
920 882 957 949 ἐν
968 884 1081 970 Λίνδῳ

93 977 122 1045 τὸ
143 987 195 1065 τῆς
212 977 390 1066 Ἀθηναίης
412 978 540 1063 λέγεται
564 976 622 1056 τὰς
646 984 707 1046 τοῦ
731 986 872 1047 Δαναοῦ
890 980 1081 1065 θυγατέρας

93 1065 281 1160 ἱδρύσασθαι
304 1072 552 1160 προσσχούσας,
574 1072 629 1143 ὅτε
650 1073 896 1163 ἀπεδίδρησκον
921 1074 999 1153 τούς
1016 1080 1081 1144 Αἰ-

91 1177 205 1260 γύπτου
222 1180 351 1252 παῖδας.
382 1180 485 1239 ταῦτα
505 1174 568 1258 μὲν
589 1170 737 1259 ἀνέθηκε
757 1170 934 1259 δ”Αμασις
958 1166 1024 1240 εἰλε
1043 1173 1080 1240 δὲ

92 1275 217 1357 Κύπρον
231 1278 361 1358 πρῶτος
376 1268 571 1356 ἀνθρώπων
586 1275 642 1339 καί
657 1275 899 1353 κατεστρέψατο
917 1272 950 1349 ἐς
967 1270 1079 1355 φόρου

91 1397 263 1458 απαγωγην.

364 1477 390 1511 ἱ

469 1591 674 1601 --—-——-

361 1826 794 1916 HPOAOTOY

550 1994 603 2028 TOY

170 2028 542 2150 ιλικλεαυεεοε
568 2077 809 2171 ιευοειαιν
843 2080 992 2146 νειυει

292 2206 663 2258 ΕΠΙΓΡΑΦΟΜΕΝΗ
684 2205 859 2258 ΘΑΑΕΙΑ.

92 2436 174 2517 Em
184 2458 303 2517 τοῦτον
320 2444 361 2533 δὴ
376 2446 585 2534 κύν”Αμασιν
594 2445 777 2536 Καμβύσης
791 2445 809 2515 ὁ
824 2445 944 2533 Κύρου
959 2449 1077 2532 ἰστρα-
1095 2465 1107 2517 l

91 2550 203 2635 τεύετο,
217 2548 310 2635 ἄγων
325 2551 380 2615 καί
395 2546 518 2628 ἄλλους
528 2555 596 2615 τῶν
606 2542 703 2635 ἦρχε,
719 2549 774 2616 καὶ
783 2543 1076 2635 ἙλλήνωνἼοτνύς

92 2670 120 2712 τε
131 2649 178 2715 καί
191 2647 349 2731 Αἰολέας,
371 2644 416 2713 δι’
439 2653 549 2733 αἰτίην
568 2647 717 2734 τοιήνδε·
744 2648 874 2734 πέμψας
889 2647 1075 2734 Καμβύσης

92 2747 289 2832 ε’ςΑίγυπτον
300 2744 430 2831 κη’ρυκα
441 2744 680 2832 αἰτεεἍμασιν
691 2746 873 2832 θυγατέρα,
892 2755 979 2813 αἰτεε
990 2747 1026 2813 δὲ
1038 2748 1074 2813 ἐκ

93 2850 276 2930 συμβουλίης
291 2840 415 2929 ἇνδρὸς
429 2851 634 2932 Αἰγυπτίου,
656 2841 692 2922 ὃς
724 2841 940 2929 μεμφόμενος
960 2839 1075 2927 Ἀμάσι.

93 2943 191 3026 ἔπρηξε
217 2947 338 3025 ταῦτα,
361 2939 413 3007 ὅτι
438 2968 497 3027 μιν
523 2944 556 3022 ἐξ
578 2939 739 3009 ἁπάντων
762 2949 830 3008 τῶν
858 2945 895 3008 ἐν
914 2941 1074 3031 Αἰγύπτῳ

92 3039 194 3120 ἰητρῶν
208 3036 406 3117 ἀποσπάσας
420 3037 485 3107 ἆπδ
501 3043 663 3125 γυναικός
677 3066 713 3108 τε
727 3045 781 3109 καί
796 3043 923 3107 τέκνων
937 3043 1075 3107 ἔκδοτον

91 3133 202 3222 ἐποίησε
227 3138 262 3215 ἐς
284 3137 435 3223 Πέρσας,
457 3135 512 3206 ὅτε
532 3146 647 3225 Κῦρος
672 3141 803 3224 πέμψας
827 3134 917 3221 παρὰ
932 3133 1075 3220 ’Ἄμασιν

90 3241 160 3302 αἴτεε
178 3232 294 3323 ἰητρδν
315 3233 522 3325 ὀφθαλμῶν,
546 3234 583 3316 δς
603 3248 654 3324 εἰη
677 3236 810 3327 ἄριστος
826 3243 894 3304 τῶν
915 3238 952 3304 ἰν
965 3231 1075 3320 Αἰγύ-

88 3354 152 3420 πτῳ.
181 3341 285 3402 ταῦτα
313 3330 353 3420 δὴ
381 3335 648 3424 ἐπιμεμφόμενος
672 3333 691 3404 δ
712 3336 896 3421 Αἰγύπτιος
917 3338 1013 3421 ἐνῆγε
1036 3341 1074 3422 τῇ

88 3439 273 3523 συμβουλίη,
290 3435 441 3501 κελεύων
452 3437 574 3505 αἰτέειν
587 3433 647 3504 τὸν
657 3433 841 3521 Καμβύσεα
849 3432 991 3582 ’ἱηηησιν
1005 3442 1073 3499 θυ-
