2500 3925
388 223 875 291 L18.v.cA1>.92‚2-6.
1092 229 1136 290 45

126 410 180 464 τις
199 377 248 454 ἀν
262 383 368 455 όπίσω
381 391 422 474 τῇ
432 382 575 472 τεκούσῃ
589 379 627 450 τό
644 387 781 452 παιδίον
797 387 853 452 καλ
867 383 1060 468 ἐξελθόντες
1073 392 1135 469 λξω

127 485 281 562 ἑστεῶτες
295 483 429 552 ἐπὶτῶν
439 485 579 567 θυρέων
590 477 747 569 ἀλλήλων
757 479 903 567 ἅπτοντο
911 481 1136 569 καταιτιεύμε-

126 607 198 668 νοι,
213 585 268 651 καλ
283 573 426 669 μάλιστα
436 588 498 649 τού
512 579 650 667 πρότου
660 580 841 669 λαβόντος,
857 579 909 651 ὅτι
924 580 988 651 οάιι
1001 586 1135 670 έποίησε

127 678 273 748 κατὰτὰ
295 683 498 766 δεδογμένα,
526 684 559 758 ές
579 676 599 748 δ
621 680 665 766 δή
686 700 748 766 σφι
768 679 896 767 χρόνον
915 682 1135 768 ἐγγινομένου

127 781 220 858 ἔδοξε
237 770 333 855 αὖτις
348 775 581 864 παρελθόντας
600 776 730 856 πάντας
748 785 810 844 τοῦ
831 778 945 864 φόνον
959 785 1134 865 μετίσχειν.

127 874 219 942 Ἕδεε
234 878 271 942 δὲ
287 878 323 942 ἐκ
336 881 398 942 τοῦ
408 871 582 953 Ἠετίωνος
595 873 703 962 μόνον
712 881 875 968 Κορίνθῳ
888 875 975 945 κακά
985 875 1135 965 ἀναβλα-
1148 899 1166 952 η

128 985 228 1040 στείν.
249 968 406 1060 ἡΛάβδα
426 971 492 1059 μάρ
509 972 619 1041 πόντοι
639 979 744 1041 ταῦτα
762 970 868 1060 ἥττονι
888 977 1032 1068 έστεεὸσα
1051 973 1137 1062 πρὸς

127 1069 248 1158 αὐτῇσι
263 1077 338 1159 τῇσι
352 1070 497 1160 θύρῃσι·
525 1075 664 1140 δείσασα
679 1073 733 1156 δὲ,
753 1071 800 1157 μή
820 1090 882 1158 σφι
901 1073 1065 1161 μεταδόξῃ
1079 1074 1136 1141 καὶ

126 1166 164 1236 τό
183 1167 343 1254 δεύτερον
356 1169 517 1257 λαβόντες
530 1167 568 1238 τό
584 1174 721 1239 παιδίον
735 1168 968 1260 ἀποκτείνωσι,
984 1174 1135 1261 φέρουσα

126 1267 350 1354 κατακρύπτει
372 1272 406 1348 ἐς
425 1267 463 1338 τδ
485 1267 741 1357 ἀφραστότατόν
759 1275 794 1338 οδ
805 1272 960 1357 ἐφαίνετο
976 1271 1079 1357 εἶναι,
1101 1274 1135 1351 ές

126 1369 294 1454 κυψέλην,
312 1369 529 1456 ἐπισταμένη,
546 1367 609 1456 ὡς,
626 1373 658 1437 εί
669 1366 939 1457 ὑποστρέψαντες
954 1372 987 1449 ἐς
1001 1368 1135 1458 ζήτησιν

126 1463 318 1554 ἀπικοίατο,
340 1467 450 1536 πάντα
465 1467 664 1554 έρετοιήσειν
679 1470 850 1553 μέλλοιεν,
869 1464 910 1534 τά
931 1465 972 1554 δή
989 1471 1046 1535 καλ
1061 1469 1135 1554 ἐρέ-

126 1587 213 1631 νετο.
237 1566 377 1633 έλιθούσι
389 1567 425 1634 δὲ
436 1570 492 1635 καὶ
506 1569 711 1653 διζημένοισι
724 1563 855 1660 αύτοῑσι
866 1563 911 1645 ὡς
921 1564 985 1635 ούκ
998 1568 1135 1653 ἐφαίνε-

125 1689 176 1749 το,
193 1662 306 1732 ἐδόκεε
322 1661 599 1734 ἀπαλλάσσεσθαι
609 1667 665 1734 καί
675 1667 787 1751 λέγειν
797 1664 883 1753 πρδς
892 1662 973 1746 τούς
982 1663 1135 1752 ἀποπέμ-

126 1775 270 1850 ψαντας,
286 1761 331 1844 ὡς
343 1765 453 1833 πόντα
467 1765 645 1854 ποιήσειαν
668 1761 710 1832 τά
724 1767 847 1834 ἐκείνοι
860 1767 1075 1834 ἐνετείλαντο.
1100 1767 1134 1832 oc
1149 1786 1165 1835 ο

126 1861 188 1948 μδν
202 1859 243 1950 δή
260 1861 466 1944 ἀπελθόντες
481 1871 598 1951 ἔλεγον
608 1870 729 1951 ταῦτα,
740 1861 889 1933 Ἠετίωνι
903 1865 941 1932 δὲ
955 1861 1037 1950 μετὰ
1052 1870 1135 1931 ταύ-

127 1982 166 2026 τα
181 1957 199 2027 6
214 1975 292 2039 παις
306 1959 469 2043 αύξάνετο
483 1969 543 2032 καί
549 1969 586 2032 οί
594 1961 797 2050 διαφυγόντι
808 1970 931 2032 τοῦτον
940 1960 1002 2031 τόν
1014 1967 1135 2033 πίνδν-
1223 1970 1227 1977 “

126 2086 190 2128 νον
204 2057 269 2129 ἀπό
281 2067 340 2147 τῆς
350 2064 497 2148 κυψέλης
508 2064 704 2149 ἐπωνυμίην
710 2060 867 2143 Κύψελος
879 2062 1009 2149 ούνομα
1023 2065 1132 2148 ἐτέθη.

126 2157 337 2244 ἀνδρωθέντι
352 2163 389 2229 δέ
403 2164 459 2229 καί
473 2164 711 2253 μαντευομένῳ
722 2164 868 2249 Κυψέλῳ
881 2161 1012 2247 ἐγένετο
1027 2157 1134 2245 ἀμφι-

125 2260 235 2340 δέξιον
251 2259 452 2349 χρηστήριον
473 2263 510 2328 έν
524 2269 707 2347 Δελφοίσι,
728 2266 775 2351 τῷ
790 2264 933 2337 πίσυνος
952 2256 1134 2345 γενόμενος

125 2361 315 2444 ἐπεχείρησέ
327 2362 434 2428 τεκαὶ
449 2363 523 2445 ἔσχε
540 2358 726 2447 Κόρινθον.
754 2354 773 2425 6
788 2357 826 2425 δὲ
838 2353 985 2443 χρησμός
999 2353 1058 2423 όδε
1069 2346 1130 2441 ήν·

157 2460 292 2548 Ὄλβιος
306 2452 406 2539 οὗτος
421 2457 525 2548 ἀνὴρ,
544 2458 581 2539 δς
595 2457 678 2547 έμδν
693 2457 799 2545 δόμον
814 2460 1055 2544 ἐσκαταβαίνει,

167 2559 323 2640 Κύψελος
335 2556 500 2648 Ἠετίδης,
522 2555 681 2647 βασιλεύς
694 2566 837 2626 κλειτοῖο
852 2561 1040 2644 Κορίνθου,

166 2656 279 2737 Αύτδς
293 2659 350 2726 καὶ
366 2663 498 2747 παῖδες,
514 2662 646 2728 παίδων
660 2682 700 2743 γε
713 2658 776 2742 μὲν
791 2653 903 2723 ούκέτι
916 2659 1040 2734 παῖδες.

124 2757 160 2825 τό
176 2759 238 2845 μὲν
252 2757 294 2847 δή
312 2756 515 2846 χρηστήριον
528 2764 629 2829 τοῦτο
642 2750 703 2844 ἦν,
726 2753 957 2839 τυραννεύσας
973 2754 1010 2821 δὲ
1025 2750 1042 2822 6
1059 2751 1132 2819 Κύ-

124 2865 224 2938 ψελος
234 2862 386 2935 τοιοῦτος
400 2858 442 2945 δή
451 2884 502 2937 τις
513 2853 599 2943 ἀνὴρ
612 2858 760 2941 ἐγένετο·
775 2852 922 2933 πολλοὺς
931 2858 994 2940 μὲν
1004 2860 1133 2938 Κοριν-

123 2960 213 3022 θέων
227 2956 357 3042 ἐδίωξε,
372 2953 519 3033 πολλούς
535 2957 572 3024 δὲ
587 2954 768 3043 χρημάτων
785 2951 1005 3038 ἀπεστέρησε,
1018 2956 1131 3040 πολλῷ

124 3056 167 3117 δέ
192 3076 224 3120 τι
246 3058 422 3133 πλείστους
444 3062 503 3142 τῆς
525 3062 642 3141 ψυχῆς.
677 3053 857 3140 ’Ἀρξαντος
880 3057 916 3118 δὲ
938 3050 1061 3117 τούτου
1078 3049 1164 3123 §aze

124 3148 303 3238 τριήκοντα
313 3158 387 3221 ἔτεα
401 3156 456 3222 καλ
465 3155 701 3235 διαπλέξαντος
714 3151 775 3221 τόν
786 3159 862 3240 βίον
876 3145 916 3219 εὖ
931 3148 1083 3237 διάδοχός
1097 3151 1132 3218 οἱ

125 3255 180 3337 τῆς
193 3254 393 3334 τυραννίδος
405 3250 423 3319 6
435 3266 512 3333 παῖς
522 3256 733 3338 Περίανδρος
743 3258 879 3337 γίνεται.
903 3247 1051 3317 ὁτοίνυν
1060 3254 1129 3316 Πε-

124 3350 281 3431 ρίανδρος
294 3345 367 3415 κατ’
385 3346 488 3436 ἀρχάς
502 3352 564 3437 μέν
576 3342 622 3437 ἦν
635 3347 819 3436 ἠπιώτερος
831 3351 893 3415 τού
900 3346 1035 3436 πατρός,
1042 3350 1131 3416 έπεί-

122 3470 157 3511 τε
171 3445 208 3513 δέ
222 3440 368 3531 ὡμίλησε
378 3445 425 3516 δι’
438 3445 589 3536 ἀγγέλων
600 3448 832 3539 Θρασυβούλῳ
842 3454 889 3539 τῷ
902 3447 1057 3533 Μιλήτου
1068 3473 1127 3515 τυ·
