2500 3925
325 247 410 305 τιε.
443 249 490 305 lv.
526 248 624 311 ονε.
659 256 799 315 τε-τε.
999 252 1063 321 σεο

81 406 212 490 σοντες),
233 404 363 474 τούτων
384 399 433 475 όν
453 414 521 477 τῶν
545 407 715 497 διηκόνων
734 410 837 483 ίπεάν
856 411 1063 501 ἀποπνίξωσι

81 502 266 590 πεντήκοντα
295 509 392 575 καλ”
376 532 501 587 ιππους
525 504 605 589 τούς
636 514 914 595 καλλιστεύουτας
940 517 1064 607 πεντή-

82 629 180 693 κοντα,
195 606 416 687 έξελόντες’
374 614 487 679 αυτόν
500 606 563 697 τήν
576 616 707 696 κοιλίην
717 614 774 681 καὶ
784 612 995 701 καθήραντες
1005 619 1065 703 έμ-

81 705 698 832 αιμαλάσιάχόρωνααλσυρράπτουσι
716 709 836 795 ἀήῑδος
849 708 1065 801 δάήμισυέπλ

79 806 130 875 δόο
150 807 230 891 ξόλα
251 809 433 898 στήσαντες
457 806 580 880 ὕπτιον
602 808 714 879 καὶ
680 836 717 879 το
744 813 861 899 ἕτερον
878 810 984 901 ἥμισυ
1006 820 1065 901 τῆς

78 906 179 989 ἁψῖδος
203 906 256 979 ἐπ’
285 912 381 997 ἕτερα
406 910 487 998 δόο,
514 910 761 997 καταπήξαντες
784 912 899 1003 τρόπῳ
922 910 1065 1003 τοιοότρι

76 1008 166 1081 τολλά
182 1017 304 1099 ταῦτα,
328 1018 457 1081 ἔπειτεν
478 1019 546 1081 τόν
560 1016 675 1081 ἵππων
694 1011 778 1081 κατὰ
795 1012 835 1083 τά
852 1013 959 1105 μήκεα
980 1015 1064 1097 ξύλα

76 1114 163 1197 παχέα
183 1112 397 1192 διελάσαντες
423 1113 518 1200 μέχρι
543 1119 611 1181 τῶν
631 1111 805 1201 τραχήλων
825 1111 1064 1204 ἀναβιβάζουσι

75 1209 182 1292 αότοάς
198 1214 253 1282 ἐπὶ
270 1210 330 1293 τάς
343 1209 481 1295 ἀψῖδας·
504 1211 623 1281 τῶνδέ
644 1217 682 1280 αλ
693 1215 757 1299 μὲν
772 1213 932 1303 πρότεραι
946 1210 1064 1297 ἀψῖδες

74 1309 219 1399 ὑπέχουσι
236 1309 318 1393 τούς
339 1310 451 1400 τόμους
471 1319 539 1380 τῶν
558 1314 689 1398 ἵππων,
710 1315 748 1379 αλ
768 1314 805 1381 δέ
826 1309 948 1381 ὄπισθε
973 1310 1064 1398 παρὰ

73 1414 139 1496 τούς
156 1413 288 1505 μηροάς
308 1413 368 1496 τάς
386 1417 549 1504 γαστέρας
569 1412 865 1502 ὑπολαμβάνουσι·
888 1417 1006 1484 σκέλεα
1027 1415 1065 1484 δλ

73 1514 232 1604 ἀμφότερα
246 1520 492 1607 κατακρέμαται
507 1520 671 1605 μετέωρα·
693 1513 852 1602 χαλινοὺς
865 1519 902 1584 δέ
916 1518 972 1585 καὶ
985 1514 1065 1586 στό-

73 1644 120 1701 μια
126 1615 327 1706 ἐμβαλόντες
334 1619 368 1698 ές
376 1614 456 1697 τούς
466 1620 590 1695 ἵππους
601 1621 832 1699 κατατείνουσι
840 1616 873 1693 ές
884 1612 920 1683 τό
932 1614 1065 1702 πρόσθε

73 1711 187 1802 αὐτῶν,
204 1718 261 1784 καλ
277 1720 407 1785 ἔπειτεν
417 1717 454 1785 έκ
464 1715 648 1783 πασσάλων
660 1717 782 1783 δέουσι.
806 1720 874 1781 τῶν
885 1713 921 1781 δέ
933 1710 973 1799 δή
984 1738 1065 1800 νεη-

71 1820 184 1881 νίσκων
198 1820 270 1883 τῶν
284 1811 588 1901 ἀποπεπνιγμένων
602 1821 671 1882 τόν
686 1813 893 1901 πεντήκοντα
910 1815 970 1880 ἕνα
985 1814 1064 1879 ἕκα-

70 1930 138 1980 στον
159 1909 402 2002 ἀναβιβάζουσι
424 1915 477 1983 ἐπὶ
496 1910 558 1982 τόν
578 1916 685 1984 ἵππον
705 1906 770 1983 ὦδε
790 1910 1062 2002 ἀναβιβάζοντες·

69 2011 158 2082 ἐπεὰν
172 2021 302 2105 νεκροῦ
316 2015 458 2085 ἑκάστου
473 2013 564 2105 παρά
579 2013 643 2105 τήν
658 2014 817 2085 ἄκανθαν
837 2013 939 2095 ξύλον
953 2007 1063 2099 ὀρθόν

65 2111 232 2183 διελάσωσι
254 2115 350 2202 μέχρι
366 2120 427 2182 τοῦ
450 2113 637 2203 τραχήλου,
660 2112 814 2182 κάτωθεν
835 2108 990 2198 ὑπερέχει
1004 2114 1066 2180 τοῦ

65 2210 157 2291 ξόλον
188 2213 334 2300 τούτου,
366 2213 404 2282 τό
429 2216 461 2293 ές
491 2213 617 2302 τόρμον
646 2213 834 2302 πηγνύουσι
862 2217 921 2282 τοῦ
953 2210 1067 2301 ἑτέρον

67 2315 160 2396 ξύλου
181 2321 246 2384 τοῦ
268 2311 324 2383 διά
346 2321 408 2384 τοῦ
430 2317 546 2386 λ’ππον.
580 2315 815 2403 ἐπιστήσαντες
835 2314 872 2382 δὲ
894 2310 1007 2403 κόκλρ)
1023 2306 1061 2378 τὸ

66 2422 143 2502 σῆμα
164 2417 288 2494 ίππέας
304 2417 478 2495 τοιούτους
497 2415 736 2486 ἀπελαύνουσι.
784 2411 884 2483 Οὕτω
900 2413 962 2498 μὲν
982 2405 1062 2487 τούς
1077 2423 1111 2481 λδ

64 2518 213 2601 βασιλέας
221 2513 394 2585 θαπτουσι
401 2542 503 2604 τους
514 2517 550 2584 δὲ
561 2514 685 2594 αλλονς
695 2514 848 2598 Σαυθας,
864 2506 997 2581 έπεαν
977 2533 1061 2577 απο-

64 2613 208 2700 θάνωσι,
245 2607 445 2702 περιάγουσι
471 2621 506 2685 σί
533 2613 704 2702 ἀγχοτάτω
728 2610 955 2700 προσήκοντες
978 2604 1063 2677 κατὰ

64 2713 134 2796 τούς
147 2721 273 2803 φίλους
284 2718 321 2785 έν
332 2713 477 2807 ἁμάξῃσι
491 2720 683 2804 κειμένους,
699 2721 767 2782 τῶν
782 2714 848 2781 δὲ”
829 2731 965 2789 εααστος
976 2733 1064 2777 υπο-

64 2816 239 2903 δεκόμενος
255 2814 388 2904 εὐωχέει
402 2844 481 2896 τους
497 2819 698 2903 ἑπομένους,
717 2817 773 2882 καὶ
790 2819 835 2903 τῷ
851 2816 960 2899 νεκρῷ
974 2808 1065 2875 πάν-

63 2942 122 2983 των
134 2925 323 3002 παρατιθεῑ
336 2923 405 2985 τόν
417 2921 472 2986 καὶ
488 2931 573 2985 τοῖσι
588 2914 736 2985 ἄλλοισι·
757 2910 883 3001 ἡμέρας
900 2912 936 2979 δέ
950 2928 1064 2978 τεσσε-

64 3039 206 3094 ρακοντα
218 3041 308 3084 ουτω
317 3021 351 3085 οί
354 3021 482 3085 ίδιωται
490 3040 719 3103 περιαγουται,
727 3009 1062 3082 ἔπειτευθαπτουται

62 3115 231 3196 θάψαντες
242 3116 278 3184 δέ
287 3141 318 3185 οι
311 3117 464 3186 Σλιυθαι
473 3122 694 3202 καθαίρονται
704 3137 818 3204 τροπω
828 3111 961 3199 τοιωδε
977 3126 1064 3191 σμη-

63 3212 200 3298 σάμενοι
213 3210 272 3293 τάς
286 3210 434 3301 κεφαλάς
448 3216 502 3280 καὶ
520 3211 767 3297 ἐκπλυνάμενοι
787 3212 920 3278 ποιεῦσι
935 3199 1059 3289 περὶ
1025 3225 1062 3269 το

62 3316 151 3397 σῶμα
165 3310 266 3380 τάδε·
289 3308 391 3380 ἐπεάν
406 3311 488 3391 ξύλα
506 3311 652 3399 στήσωσι
669 3315 744 3397 τρία
759 3311 792 3387 ές
809 3303 935 3390 ἀλληλα
950 3308 1064 3371 κεκλι-

63 3409 158 3495 μένα,
183 3410 259 3496 περὶ
273 3415 377 3479 ταῦτα
391 3416 509 3488 πίλους
527 3411 691 3498 εἰρινέους
711 3409 953 3492 περιτείνουσι,
976 3418 1051 3483 συμ

62 3505 249 3590 φράξαντες
264 3505 343 3576 δὲ’
321 3533 366 3588 ως
387 3507 530 3596 μάλιστα
550 3513 672 3584 λίθους
655 3507 729 3572 ἐκ
751 3497 859 3588 πυρός
881 3498 1063 3585 διαφανέας
