2500 3925
349 219 437 276 LIB,
468 218 514 274 λδ.
551 217 649 274 CAP.
681 223 822 279 50-53.
1050 219 1091 282 81

81 383 136 450 καὶ
150 375 187 446 τό
203 378 310 463 κόρτα
330 377 441 464 λέγειν
453 382 575 460 ταῦτα,
597 381 809 462 βουλομένην
826 379 877 460 δὲ,
896 388 931 448 ελ
942 405 1008 460 κως
1023 378 1089 458 ἀμ-

81 479 219 566 φότεροι
234 482 387 563 γενοίατο
402 477 561 561 βασιλέες.
583 470 664 552 τούς
679 467 728 540 όν
746 473 786 559 δη
801 481 1088 564 Λακεδαιμονίους
1122 565 1127 570 .

80 576 255 660 ἀπορέειν,
270 572 476 663 ἀπορέοντας
490 575 528 641 δὲ
542 575 684 658 πέμπειν
695 574 728 650 ἐς
738 574 897 659 Δελφούς
912 580 1088 665 ἐπειρησο-

79 681 218 762 μένους,
230 674 250 741 ό
260 702 292 743 τι
302 675 492 762 χρήσωνται
501 679 548 764 τῷ
559 671 737 758 πρήγματι.
760 671 822 757 την
833 675 870 741 δέ
879 682 1019 763 Πυθίην
1030 705 1088 747 κε-

79 774 194 841 λεύειν
208 773 314 858 σφέας
329 769 504 858 ἀμφότερα
523 767 564 836 τά
579 773 697 836 παιδία
712 768 905 856 Ιἡγήσασθαι
921 779 1088 864 βασιλέας,

78 875 181 956 τιμᾶν
202 869 387 955 δὲμᾶλλον
409 867 470 936 τόν
486 873 689 955 γεραίτερον.
723 866 786 954 την
805 871 868 954 μέν
888 872 929 958 δὴ
948 881 1089 959 Πυθίην

79 966 186 1036 ταύτό
203 987 264 1053 σφι
278 964 428 1054 ἀνελεῖν,
445 982 531 1035 τοῖσι
546 968 583 1034 δέ
595 971 891 1052 Λακεδαιμονίοισι
905 969 1089 1058 ἀπορέουσι

80 1066 183 1136 ούδέν
202 1071 318 1153 ἕσσον,
344 1067 432 1147 ὅκως
453 1068 614 1152 ἐξεύρωσι
634 1064 748 1135 αὐτῶν
766 1066 828 1137 τόν
847 1073 1088 1160 πρεσβύτερον,

78 1169 273 1237 ὑποθέσθαι
281 1167 393 1254 ἀνδρα
404 1169 660 1257 Μεσσηνιον,
628 1173 675 1234 τῶ
690 1166 819 1252 ούνομα
831 1162 915 1238 εἶναι
926 1179 1086 1259 Πανίτην.

78 1265 272 1336 ὑποθέσθαι
289 1268 326 1335 δὲ
342 1274 463 1334 τοῦτον
482 1265 544 1334 τὸν
558 1271 710 1367 Πανίτην
722 1266 803 1334 τάδε
822 1281 908 1336 τοῖσι
921 1275 1089 1338 Λακεδαι-

79 1372 241 1454 μονίοισι,
265 1367 412 1453 φυλάξαι
429 1393 494 1450 την
509 1353 764 1452 γειναμένην,“
749 1364 910 1448 οκότερον
925 1375 994 1436 τῶν
1009 1376 1089 1438 παί-

79 1470 150 1533 δων
160 1488 327 1548 προτερον
337 1466 432 1533 λουει
442 1468 498 1532 καὶ
509 1469 637 1543 σιτίζει
658 1455 754 1529 nal*
727 1487 776 1545 ην
794 1461 857 1549 μέν
880 1464 963 1534 κατὰ
980 1466 1087 1535 ταύτά

78 1568 295 1661 φαίνηταιί
258 1588 280 1628 α
281 1566 323 1652 ίεὶ
337 1569 495 1648 ποιεῦσα,
515 1560 596 1640 τούς
616 1562 653 1628 δὲ
674 1566 743 1626 πᾶν
768 1561 903 1640 &gast
882 1583 965 1630 οσον
985 1591 1017 1631 τι
1032 1568 1088 1632 καί

79 1653 226 1750 δίζηνται
238 1665 293 1729 καί
304 1664 460 1731 ἐθέλουσι
471 1657 729 1747 ἐξευρεῖν,ηνδὲ
739 1668 904 1730 πλανᾶται
915 1666 1087 1751 ααίέτιείνη

78 1762 219 1845 ἐναλλαξ
228 1771 370 1832 ποιευσα
371 1766 480 1853 ,δῆλοί
492 1785 554 1852 σφι
564 1761 743 1850 ἔσεσθαι,
720 1791 765 1844 ως
776 1762 854 1832 ούδέ
865 1769 974 1854 ἐκείνη
983 1773 1087 1840 πλέον

78 1861 180 1932 οὐδὲν
194 1861 274 1947 οἶδε,
286 1863 339 1930 ἐπ’
352 1863 459 1950 αλλην
467 1868 507 1933 τέ
514 1884 619 1950 σφεας
629 1863 816 1948 τρέπεσθαι
827 1863 918 1934 ὁδόν.
938 1871 1088 1937 ἐνθαῦτα

79 1959 120 2047 δὴ
136 1957 216 2039 τούς
226 1964 440 2049 Σπαρτιήτας
455 1961 539 2030 τιατά
549 1960 609 2041 τάς
622 1970 684 2029 τοῦ
695 1970 894 2049 Μεσσηνίου
909 1964 1087 2055 ὑποθήκας

79 2061 293 2147 φυλάξαντας
310 2062 373 2151 τὴν
391 2066 516 2151 μητέρα
532 2070 601 2131 τῶν
616 2062 856 2153 Ἀριστοδήμου
877 2074 1009 2138 παίδων
1026 2079 1088 2137 λοι-

78 2170 153 2247 βεῖν
169 2158 253 2227 κατά
271 2156 376 2228 ταύτά
387 2160 567 2247 τιμέουσαν
578 2159 640 2229 τόν
653 2164 820 2248 πρότερον
830 2170 886 2235 καί
897 2173 1017 2236 σίτοισι
1031 2170 1087 2237 καὶ

79 2267 259 2342 λουτροῖσι,
272 2257 335 2326 οὐκ
349 2264 480 2328 εἰδυῖαν
504 2268 573 2329 τῶν
588 2263 716 2327 εἵνεκεν
727 2263 944 2345 ἐφυλάσσετο.
960 2266 1087 2351 λαβόν-

79 2387 137 2439 τας
152 2362 188 2427 δὲ
202 2359 239 2425 τό
257 2365 394 2428 παιδίον
406 2360 444 2429 τό
459 2359 653 2447 τιμεόμενον
666 2358 750 2443 πρὸς
763 2368 820 2447 τῆς
830 2367 1028 2451 γειναμένης
1043 2364 1088 2445 ὥς

77 2460 137 2529 ἐόν
151 2459 317 2544 πρότερον
330 2465 467 2546 τρέφειν
478 2465 516 2529 ἐν
525 2469 571 2552 τῷ
587 2466 750 2550 δημοσίῳ·
773 2467 832 2527 καί
844 2466 879 2529 οί
887 2462 1017 2549 ούνομα
1031 2490 1087 2531 τε-

78 2568 185 2647 θῆναι
199 2557 439 2644 Εὐρυσθένεα,
464 2566 511 2647 τῷ
532 2562 569 2627 δέ
588 2562 741 2649 νεωτέρῳ
758 2564 922 2643 Προκλέα.
945 2561 1087 2640 τούτους

78 2658 316 2740 ἀνδρωθέντας
332 2657 457 2738 αύτούς
472 2685 509 2726 τε
525 2656 712 2743 ἀδελφεούς
732 2657 848 2737 ἐόντας
862 2662 998 2745 λέγουσι
1013 2666 1088 2729 δια-

79 2758 209 2844 φόρους
221 2756 306 2825 εἷναι
321 2755 382 2827 τόν
396 2759 506 2827 πάντα
518 2758 645 2846 χρόνον
661 2764 718 2843 τῆς
733 2757 807 2842 ζόης
821 2755 1009 2845 ἀλλήλοισι,
1031 2762 1087 2843 ναὶ

80 2852 157 2932 τούς
171 2852 237 2922 ἀπό
248 2856 380 2924 τούτων
391 2859 594 2945 γενομένους
606 2854 765 2935 ὡσαύτως
776 2860 965 2926 διατελέειν.
981 2864 1086 2927 ταῦτα
1100 2874 1137 2929 53

78 2954 141 3041 μέν
161 2957 422 3042 Λακεδαιμόνιοι
443 2960 580 3043 λέγουσι
600 2962 722 3041 μοῦνοι
738 2952 925 3042 Ἑλλήνων,
946 2957 1027 3023 τόδε
1050 2955 1087 3023 δέ

79 3051 162 3121 κατὰ
197 3051 238 3119 τοὶ
256 3056 419 3143 λεγόμενα
442 3050 506 3125 ἀπ’
536 3053 781 3143 Ἑλλήνωνέγά
793 3056 931 3141 γράφω·
946 3055 1087 3133 τούτους

82 3152 143 3237 νάρ
159 3149 198 3239 δὴ
217 3152 296 3233 τούς
312 3163 474 3239 Δωριέων
494 3161 650 3244 βασιλέας
670 3157 766 3243 μέχρι
787 3157 849 3241 μέν
864 3156 1011 3236 Περσέος
1024 3159 1086 3219 τοῦ

77 3251 228 3338 Δανύης,
242 3260 304 3319 τοῦ
314 3262 401 3322 θεοῦ
412 3253 586 3340 ἀπεόντος,
601 3258 889 3341 καταλεγομένους
900 3251 1014 3335 ὀρθῶς
1024 3249 1084 3319 ὑπ’

70 3352 241 3439 Ἑλλήνων
253 3354 309 3418 παλ
318 3351 661 3440 ἀποδεικνυμένους’
639 3360 724 3432 ωςεί
710 3354 771 3421 ίσὶ
771 3352 934 3439 Έλληνες·
946 3349 1009 3438 ἤδη
1020 3349 1085 3437 γάρ

79 3477 139 3538 την
139 3476 259 3517 ικαυτα
271 3449 325 3528 ές
321 3460 426 3537 Ελληι
424 3479 470 3531 ας
482 3447 576 3520 ούτοι
587 3454 725 3520 ἐτέλεον.
743 3456 836 3533 ἔλεξα
847 3456 884 3521 δέ
895 3454 989 3539 μέχρι
996 3458 1087 3533 Περ-

161 3563 261 3600 annon.
284 3548 316 3600 Π.
