2500 3925
168 237 229 302 138
544 234 796 293 ιίΕΙὶΟθΟΤί

166 397 388 489 καταβάλλειν
401 397 533 465 ἐκέλευε
545 396 604 461 ίνα
617 390 880 479 ἐπιτηδεότατον
892 405 954 482 είη,
969 391 1074 464 ἄλλον
1089 391 1175 482 άλλη

165 503 359 592 ἀγινέοντας
372 495 491 570 ὁλκάσι
502 521 538 564 τε
548 497 604 564 καί
614 501 835 583 πορθμηίοισι
846 499 933 566 ἐκ
893 523 951 585 της
961 493 1070 583 Ἀσίης
1084 518 1176 562 παν-

164 601 318 690 ταχόθεν.
341 595 403 668 τὸν
417 588 493 666 δὲ
465 621 515 665 ων
527 603 684 664 πλείστου
698 597 731 673 ἐς
742 593 909 684 Λευκην’
890 592 995 684 ακτήν
1009 597 1175 681 καλεομέ-

162 727 228 790 νην
241 705 299 786 τῆς
313 703 459 786 Θρηίκης
469 691 664 782 άγίνεον,οί
629 693 708 762 οίδλ
723 694 757 772 ἐς
771 691 1007 782 Τυρόδιζαν
970 721 1033 782 την
1043 702 1175 781 Περιν-

163 807 269 886 θίων,
287 801 321 866 οί
333 799 370 865 δέ
384 797 418 877 ἐς
430 800 520 886 Δορ
518 796 671 879 σειον,οί
636 794 720 861 οίδέ
734 794 768 871 ές
778 789 947 862 Ἠιονα
910 819 973 881 την
988 795 1039 862 ἐπί
1054 801 1175 880 Στρυ-

161 900 260 988 μόνι,
277 901 311 968 οί
324 897 360 967 δὲ
377 899 411 975 ἐς
423 897 645 979 Μακεδονίην
659 896 917 982 διατεταγμένοι.

113 1016 149 1074 26
241 998 296 1069 Ἐν
311 1025 337 1091 ω
324 986 444 1065 ‘¹6
400 1019 496 1064 ουτοι
504 1017 566 1062 τον
576 998 799 1080 προκείμενον
809 994 919 1064 πόνον
929 991 1174 1081 έργάξοντο,έν

159 1097 268 1217 τοῦτμ
279 1123 298 1166 ο
285 1065 443 1176 ’πεζῦς”
419 1115 507 1172 απας
519 1091 818 1178 σολλελεγμένος”
795 1119 863 1213 αμα
873 1094 978 1182 ,Ξέρξη
990 1089 1173 1178 ἐπορεύετο

160 1200 194 1276 ἐς
203 1193 341 1281 Σάρδις,
359 1195 395 1261 ἐκ
406 1189 604 1278 Κριτάλλων
618 1188 780 1279 ὁρμηθείς
792 1199 860 1261 τῶν
874 1195 912 1262 έν
926 1192 1173 1276 Καππαδοκίῃ·

160 1296 310 1364 ἐνθαῦτα
323 1288 388 1378 γάρ
404 1299 515 1378 είρητο
529 1292 754 1376 συλλέγεσθαι
767 1290 878 1359 πάντα
896 1287 959 1361 τὸν
978 1285 1051 1358 κατ’
1069 1285 1175 1375 ηπει-

160 1417 223 1481 ρον
237 1386 438 1478 μέλλοντα”
414 1415 483 1476 αμα
497 1383 589 1480 αῦτη)
573 1390 710 1478 ,Ξέρξη
724 1389 932 1477 πορεῦεσθαι
946 1388 1099 1477 στρατόν.
1132 1413 1174 1466 ος

159 1482 1171 1576 μέννυντῦνῦπάρχωνστρατὸνκάλλισταέσταλμένονάγα-

158 1585 230 1676 γοῦν
241 1582 282 1655 τά
297 1591 500 1673 προκείμενα
514 1583 606 1672 παρά
621 1589 775 1673 βασιλέος
791 1593 890 1677 ἔλαβε
904 1592 1007 1677 δῦρα,
1024 1585 1089 1657 οῦκ
1104 1592 1172 1674 ἔχω

159 1683 303 1772 φράσαι·
324 1680 480 1772 οῦδέγῦρ
493 1681 601 1773 ἀρχὴν
612 1686 646 1763 ἐς
656 1690 768 1774 κρίσιν
780 1686 904 1756 τοῦτου
915 1691 992 1777 πέρι
1004 1685 1173 1764 ἐλθόντας

158 1781 242 1852 οίδα.
265 1784 301 1850 oc
313 1780 350 1850 δὲ
370 1784 478 1852 ἐπείτε
495 1783 672 1870 διαβάντες
682 1781 744 1854 τὸν
756 1782 862 1854 ’Ἅλυν
871 1783 1024 1874 ποταμὸν
1039 1782 1170 1873 ὡμίλη-

157 1905 222 1951 σαν
237 1887 277 1973 τῇ
291 1888 441 2009 Φρυγίη,
464 1880 511 1951 δι’
530 1880 633 1971 αὐτῆς
648 1882 872 1972 πορευόμενοι
885 1887 1112 1975 παρεγένοντο
1132 1885 1169 1962 ἐς

156 1977 383 2066 Κελαινάς,”
367 2007 424 2049 ινα
444 1982 548 2070 πηγαί
566 1979 766 2052 ἀναδιδοῦσι
782 1985 988 2075 Μαιάνδρου
1010 1988 1169 2070 ποταμοῦ
1244 2002 1245 2005 ’

156 2082 212 2150 καί
233 2081 349 2166 ἐτέρου
376 2077 440 2149 οῦκ
461 2076 683 2170 ἐλάσσονοςη
706 2083 934 2208 Μαιάνδρου,
961 2093 1007 2178 τῷ
1033 2082 1169 2171 οῦνομα
1244 2084 1245 2093 ’

156 2178 313 2266 τυγχάνει
328 2176 386 2248 ίῦν
401 2178 694 2270 Καταρρήκτης,“
674 2208 712 2262 ος
725 2181 818 2264 ἐξ’
776 2191 878 2272 αυτῆς
894 2191 952 2274 τῆς
965 2182 1091 2272 άγορης
1106 2191 1169 2269 τῆς

155 2280 348 2347 Κελαινέων
368 2273 559 2349 ἀνατέλλων
584 2282 617 2360 ἐς
643 2276 705 2349 τὸν
725 2285 929 2370 Μαίανδρον
956 2283 1099 2368 ἐκδιδοῖ,
1126 2284 1169 2349 ἐν
1243 2352 1244 2369 ,

151 2405 193 2502 τη
220 2377 316 2447 καίο
300 2407 318 2449 ο
343 2383 404 2450 τοῦ
429 2384 579 2469 Σιληνοῦ
603 2380 777 2471 Μαρσύεω
803 2378 908 2461 ἀσκός
931 2376 1171 2468 άναιιρέμαται,
1243 2374 1244 2390 ’

151 2478 212 2549 τόν
228 2477 297 2551 ῦπῦ
313 2483 462 2572 Φρυγῶν
479 2480 578 2568 λόγος
596 2478 700 2569 ἐχει*
677 2481 747 2551 νπό
762 2477 971 2561 ’Λπόλλωνος
986 2479 1172 2569 ἐκδαρέντα
1242 2518 1243 2612 η

101 2599 135 2653 27
152 2579 458 2672 ἀνακρεμασθῆναι.
507 2580 564 2654 Ἐν
596 2580 704 2673 ταῦτη
733 2584 781 2672 τῇ
807 2581 886 2652 πόλι
914 2579 1170 2669 ὑποκατήμενος

150 2682 283 2763 Πόθιος
313 2681 467 2765 δ”Ατυος
493 2682 579 2773 ἀνὴρ
610 2682 726 2764 Λυδός
758 2684 894 2765 ἐξείνισε
922 2683 985 2770 τὴν
1013 2683 1170 2768 βασιλέος

151 2782 308 2873 στρατιὴν
325 2789 439 2854 πᾶσαν
455 2786 603 2867 ξεινίοισι
622 2791 806 2873 μεγίστοισι
822 2783 880 2853 καὶ
897 2780 1005 2853 αῦτὸν
1023 2783 1166 2874 Ξέρξην,

148 2884 301 2973 χρήματά
325 2910 362 2954 τε
388 2886 606 2974 ἐπηγγέλλετο
632 2884 838 2975 βουλόμενος
866 2887 900 2966 ἐς
924 2884 985 2954 τόν
1016 2882 1166 2973 πόλεμον

149 2986 316 3075 παρέχειν.
358 2987 647 3075 ἐπαγγελλομένου
672 2987 710 3057 δέ
733 2985 883 3078 χρήματα
900 2992 1039 3058 Πυθίου
1059 2995 1167 3076 είρετο

148 3088 274 3175 Ξέρξης
298 3089 461 3176 Περσέων
477 3085 558 3168 τοῦς
575 3086 780 3176 παρεόντας,
803 3095 855 3168 τίς
877 3113 913 3158 τε
939 3086 1005 3157 ἐόν
1023 3084 1165 3177 ἀνδρῶν
1239 3098 1240 3125 ³

150 3185 283 3268 Πύθιος
313 3188 370 3257 καί
399 3187 483 3258 κόσα
517 3188 672 3277 χρήματα
698 3191 898 3315 κεκτημένος
929 3190 1165 3314 ἐπαγγέλλοιτο

147 3292 263 3355 ταῦτα.
300 3291 336 3356 οί
351 3288 389 3357 δὲ
407 3287 520 3357 είπαυ
533 3281 574 3357 Ω
576 3295 750 3378 βασιλεῦ,
767 3282 867 3372 οῦτός
886 3288 1004 3408 ἐστι,”
983 3318 1021 3370 ος
1038 3316 1088 3359 τοι
1104 3287 1166 3359 τόν

149 3388 278 3476 πατέρα
287 3399 436 3477 Δαρείου
446 3386 687 3478 ἐδωρησατο
645 3416 686 3478 τη
697 3394 960 3484 πλατανίστω
917 3418 958 3481 τη
968 3392 1096 3481 χρυσεη
1105 3392 1163 3459 καί

215 3482 391 3579 ·πέλω,“
371 3514 410 3568 ος
422 3489 480 3557 καί
493 3494 560 3558 νῦν
578 3491 649 3559 ἐστὶ
667 3495 797 3576 πρῶτος
814 3487 1009 3582 άνθρόποον
1026 3491 1164 3587 πλοῦτοι
1237 3508 1238 3593 ,
