2500 3925
187 223 229 286 98
276 252 285 256 ·
564 224 817 282 HERODOTI

188 385 355 472 Σπάρτης.
379 383 467 452 οὕτω
478 379 612 468 ἀγαθόν
623 383 707 471 μηδὲ
719 385 934 453 διανοέεσθαι
948 387 1024 473 περὶ
1037 386 1206 471 παραθή-

187 510 248 569 κης
262 482 342 552 ἀλλο
357 509 395 568 γε
408 478 430 569 ή
442 478 671 551 ἀπαιτεόντων
682 477 892 549 ἀποδιδόναι.
914 487 1122 569 Λευτυχίδης
1138 482 1208 570 μὲν

188 590 282 660 εἰπας
301 587 421 666 ταῦτα,
443 577 487 658 ἀς
507 583 542 646 οἰ
559 575 639 647 οὐδὲ
662 574 751 645 οὕτω
773 577 939 665 ἐσήκουον
961 585 995 648 οί
1009 577 1204 667 Ἀθηναῖοι,

10 721 16 726 ‚
138 689 172 746 87
188 675 434 764 ἀπαλλάσσετο,
450 680 484 744 οί
496 677 534 744 δὲ
550 682 745 761 Αἰγινῆται,
762 678 842 762 πρὶν
855 683 923 744 τεόν
940 675 1106 764 πρότερον
1124 675 1204 746 ἀδι-

187 775 346 864 κημάτων
363 781 482 844 δοῦναι
498 779 608 861 δίκας,
622 780 692 842 τῶν
705 775 739 852 ἐς
749 771 951 860 Ἀθηναίους
964 774 1113 865 ὕβρισαν
1129 785 1203 862 Θη-

187 880 311 962 βαίοισι
321 874 541 962 χαριζόμενοι,
553 875 714 959 ἐποίησαν
724 870 872 940 τοιόνδε·
888 873 1099 961 μεμφόμενοι
1110 888 1202 942 τοῖσι

183 972 391 1060 Ἀθηυαίοισι
402 975 458 1041 καί
469 969 638 1053 άξιεόντες
651 968 855 1061 ἀδικέεσθαι,
871 971 916 1052 ὡς
929 975 1201 1063 τιμωρησόμενοι

186 1071 266 1153 τούς
282 1071 484 1159 Ἀθηναίους
503 1070 800 1155 παρεσκευάζοντο.
830 1075 886 1140 καί
905 1065 950 1161 ἦν
966 1071 1031 1161 γάρ
1053 1073 1094 1161 δή
1110 1089 1201 1142 τοῖσι

182 1170 391 1260 Ἀθηναίοισι
405 1166 595 1255 πεντετηρὶς
603 1168 658 1237 ἐπὶ
667 1175 821 1264 Σουνίφ,
847 1173 1046 1260 λοχήσαντες
1065 1169 1117 1243 ἀν
1136 1173 1200 1260 τὴν

186 1275 336 1359 θεωρίδα
352 1274 412 1339 νέα
430 1266 520 1340 εἷλον
540 1270 668 1357 πλήρεα
685 1266 823 1359 ἀνδρῶν
842 1279 911 1340 τῶν
931 1273 1075 1362 κρότων
1091 1273 1201 1360 Ἀθη-

138 1383 174 1438 88
187 1375 309 1458 ναίων,
325 1369 486 1471 λαβόνηες
503 1367 539 1437 δέ
552 1366 633 1447 τούς
647 1367 773 1456 ἀνδρας
788 1374 921 1456 ἔδησαν.
966 1372 1145 1460 Ἀθηναῖοι
1163 1373 1200 1442 δέ

185 1469 353 1546 παθόντες
364 1473 468 1535 ταῦτα
476 1464 776 1556 κρόςΑἰγινητέων
786 1465 898 1537 οὐκέτι
910 1466 1140 1558 ἀνεβάλλοντο
1152 1471 1198 1559 μή

185 1566 227 1636 οὐ
240 1565 277 1636 τό
289 1573 358 1634 πᾶν
366 1564 623 1654 μηχανήσασθαι
635 1563 688 1633 ἐπ’
700 1565 907 1654 Αἰγινήτῃσι.
931 1571 987 1638 καί
996 1561 1040 1656 ήν
1049 1567 1117 1657 γὰρ
1129 1579 1192 1639 Νι-

183 1665 350 1751 κόδρομος
363 1669 519 1731 Κνοάθου
535 1662 738 1750 καλεόμενος
753 1667 790 1732 ἐν
803 1672 844 1754 τῇ
860 1671 982 1756 Αἰγίνῃ
998 1665 1084 1756 ἀνὴρ
1100 1669 1198 1737 δόκι-

184 1790 262 1852 μος,
284 1754 383 1840 οὗτος
402 1760 618 1849 μεμφόμενος
634 1761 697 1849 μὲν
711 1776 796 1830 τοῖσι
813 1761 1012 1854 Αἰγινήτῃσι
1027 1769 1198 1854 προτέρην

185 1867 313 1933 ἑωυτοῦ
328 1865 478 1942 ἐξέλασιν
489 1864 526 1930 ἐκ
536 1868 594 1948 τῆς
603 1860 722 1949 νήσου,
734 1857 858 1948 μαθάν
868 1861 906 1930 δέ
915 1863 990 1932 τότε
1000 1860 1079 1944 τούς
1091 1860 1192 1950 Ἀθη

184 1971 301 2044 ναίους
313 1959 564 2051 ἀναρτημένους
580 1965 692 2050 ἕρδειν
705 1960 887 2049 Αἰγινήτας
893 1970 1017 2051 κακῶς,
1033 1971 1198 2033 συντιθε-
1244 1977 1245 2025 λ

184 2091 238 2133 ται
249 2060 457 2147 Ἀθηυαίοισι
467 2064 652 2148 προδοσίην
663 2065 812 2147 Αἰγίνης,
824 2059 956 2147 φράσας
967 2064 1005 2147 ἐν
1015 2070 1056 2153 τή
1065 2088 1102 2131 τε
1111 2060 1198 2151 ἡμέ-

185 2188 228 2251 ρῃ
246 2159 462 2247 ἐπιχειρήσει,
483 2162 539 2228 καί
559 2161 710 2238 ἐκείνους
726 2160 759 2239 ές
778 2156 841 2246 τήν
860 2156 957 2245 ήκειν
980 2161 1092 2248 δεήσει
1120 2168 1199 2248 βω·
1244 2178 1245 2251 3

184 2261 335 2352 θέοντας.
351 2254 545 2342 μετάταίπα
555 2257 802 2345 καταλαμβάνει
813 2256 876 2345 μὲν
887 2254 970 2325 κατά
980 2258 1198 2345 συνεθήκατο

182 2356 390 2443 Ἀθηναίοισι
407 2352 424 2424 ὁ
441 2354 656 2441 Νικόδρομος
669 2353 732 2442 τήν
746 2353 893 2443 παλαιὴν
906 2357 1115 2443 καλεομένην
1129 2357 1198 2425 πό-

135 2465 170 2521 89
184 2452 257 2545 λιν,
269 2453 443 2543 Ἀθηναῖοι
458 2456 494 2523 δὲ
509 2452 551 2522 οά
565 2464 807 2543 παραγίνονται
818 2458 851 2537 ἐς
863 2459 957 2525 δέον·
980 2453 1021 2525 οὐ
1037 2454 1103 2544 γάρ
1115 2462 1198 2525 ἐτυ-

183 2582 245 2643 χον
260 2557 374 2624 ἐοῦσαι
389 2557 462 2634 νέες
477 2573 538 2640 σφι
555 2551 727 2640 ἀξιόμαχοι
747 2560 822 2643 τήσι
838 2559 1046 2643 Αἰγινητέων
1060 2564 1197 2644 συμβα-

183 2663 264 2721 λεῖν.
294 2656 332 2719 ἐν
346 2645 374 2744 ᾧ
388 2646 437 2720 όν
451 2659 649 2740 Κορινθίων
670 2654 803 2721 ἐδέοντο
819 2660 942 2741 χρῆσαί
958 2674 1019 2741 σφι
1038 2656 1135 2741 νέας,
1157 2658 1197 2723 ἐν

183 2751 292 2841 τοότφ
303 2752 474 2838 διεφθάρη
485 2749 526 2818 τά
537 2750 722 2838 πρήγματα.
737 2757 771 2820 οἰ
781 2752 817 2821 δὲ
824 2759 1014 2841 Κορίνθιοι,
1026 2747 1114 2841 ἦσαν
1126 2755 1195 2841 γάρ

184 2870 246 2936 σφι
262 2856 383 2917 τοῦτον
397 2847 457 2917 τόν
471 2847 596 2936 χρόνον
611 2856 704 2937 φίλοι
716 2852 749 2928 ἐς
762 2847 803 2918 τά
817 2850 969 2938 μάλιστα,
984 2848 1195 2939 Ἀθηναίοισι

132 2945 134 2949 ’
184 2955 314 3019 διδοῦσι
326 2952 513 3037 δεομένοισι
524 2954 724 3037 εἰκοσινέας,
733 2954 865 3019 διδοῦσι
876 2950 1194 3039 δὲπενταδράχμους

188 3052 406 3140 ἀποδόμενοι·
428 3057 574 3139 δωτίνην
589 3050 655 3141 γάρ
672 3056 709 3121 ἐν
723 3060 769 3145 τῷ
783 3052 876 3146 νόμφ
892 3051 954 3121 οάκ
969 3056 1045 3141 ἐξῆν
1060 3058 1191 3123 δοῦναι.
1244 3076 1245 3145 η

185 3152 305 3232 ταύτας
320 3178 356 3220 τε
377 3150 417 3240 δή
439 3154 599 3241 λαβόντες
618 3158 654 3222 οἰ
668 3150 841 3241 Ἀθηναίοι
862 3156 917 3222 καὶ
938 3150 997 3231 τάς
1017 3156 1193 3243 σφετέρας,

181 3251 417 3338 πληρώσαντες
429 3253 657 3340 ἑβδομήκοντα
670 3254 748 3332 νέας
758 3249 818 3331 τὰς
828 3250 976 3339 ἁπάσας,
992 3257 1124 3322 ἔπλωον
1138 3255 1194 3322 ἐπὶ
1244 3292 1245 3337 1

155 3344 160 3351 ’
183 3346 247 3434 τήν
261 3357 407 3434 Αἰγιναν
422 3354 478 3418 καί
494 3354 680 3438 υστέρησαν
695 3349 802 3441 ήμέρῃ
815 3358 874 3441 μιή
889 3358 946 3439 τής
961 3356 1193 3441 συγκειμένης.
1244 3354 1245 3405 ¹

133 3460 170 3516 90
183 3445 397 3534 Νικόδρομος
414 3450 467 3538 δέ,
491 3449 535 3530 ὡς
551 3458 585 3521 οί
593 3450 766 3540 Ἀθηναῖοι
780 3454 813 3531 ἐς
828 3449 890 3519 τόν
907 3448 1027 3541 καιρόν
1047 3450 1089 3522 οὗ
1103 3478 1196 3543 παρ-
