<?xml version="1.0" encoding="UTF-8"?>
<!DOCTYPE html PUBLIC "-//W3C//DTD XHTML 1.0 Transitional//EN"
    "http://www.w3.org/TR/xhtml1/DTD/xhtml1-transitional.dtd">
<html xmlns="http://www.w3.org/1999/xhtml" xml:lang="en" lang="en">
 <head>
  <title>
</title>
<meta http-equiv="Content-Type" content="text/html;charset=utf-8" />
  <meta name='ocr-system' content='tesseract 3.04.00' />
  <meta name='ocr-capabilities' content='ocr_page ocr_carea ocr_par ocr_line ocrx_word'/>
</head>
<body>
  <div class='ocr_page' id='page_1' title='image "./herodotihistori00dietgoog_0648.png"; bbox 0 0 2500 3925; ppageno 0'>
   <div class='ocr_carea' id='block_1_1' title="bbox 128 176 756 242">
    <p class='ocr_par' dir='ltr' id='par_1_1' title="bbox 128 176 756 242">
     <span class='ocr_line' id='line_1_1' title="bbox 128 176 756 242; baseline -0.005 0"><span class='ocrx_word' id='word_1_1' title='bbox 128 176 190 242; x_wconf 74' lang='grc'><strong><em>228</em></strong></span> <span class='ocrx_word' id='word_1_2' title='bbox 518 182 756 241; x_wconf 79' lang='grc' dir='ltr'><strong><em>λλΕλλΟδΟΤΙ</em></strong></span> 
     </span>
    </p>
   </div>
   <div class='ocr_carea' id='block_1_2' title="bbox 128 349 1149 646">
    <p class='ocr_par' dir='ltr' id='par_1_2' title="bbox 128 349 1149 646">
     <span class='ocr_line' id='line_1_2' title="bbox 128 349 1145 442; baseline -0.002 -23"><span class='ocrx_word' id='word_1_3' title='bbox 128 354 187 439; x_wconf 82' lang='grc' dir='ltr'><strong><em>τῆς</em></strong></span> <span class='ocrx_word' id='word_1_4' title='bbox 204 350 319 441; x_wconf 79' lang='grc' dir='ltr'><strong><em>ἀντίης</em></strong></span> <span class='ocrx_word' id='word_1_5' title='bbox 333 353 547 442; x_wconf 84' lang='grc' dir='ltr'><strong><em>προσπλάειν</em></strong></span> <span class='ocrx_word' id='word_1_6' title='bbox 559 352 602 425; x_wconf 83' lang='grc' dir='ltr'><strong><em>οό</em></strong></span> <span class='ocrx_word' id='word_1_7' title='bbox 614 351 664 423; x_wconf 85' lang='grc' dir='ltr'><strong><em>ιιιό</em></strong></span> <span class='ocrx_word' id='word_1_8' title='bbox 677 373 735 441; x_wconf 87' lang='grc' dir='ltr'><strong><em>σφι</em></strong></span> <span class='ocrx_word' id='word_1_9' title='bbox 748 349 861 422; x_wconf 78' lang='grc' dir='ltr'><strong><em>ἐδόκεε</em></strong></span> <span class='ocrx_word' id='word_1_10' title='bbox 873 352 981 419; x_wconf 83' lang='grc' dir='ltr'><strong><em>τάνδε</em></strong></span> <span class='ocrx_word' id='word_1_11' title='bbox 994 352 1145 434; x_wconf 77' lang='grc' dir='ltr'><strong><em>εἵνεκεν,</em></strong></span> 
     </span>
     <span class='ocr_line' id='line_1_3' title="bbox 130 442 1145 546; baseline -0.002 -26"><span class='ocrx_word' id='word_1_12' title='bbox 130 442 1145 546; x_wconf 74' lang='grc' dir='ltr'><strong><em>μήκουςίδόντεςοίἝλληνεςπροσπλάονταςἐςφυγηνόρμή·</em></strong></span> 
     </span>
     <span class='ocr_line' id='line_1_4' title="bbox 131 549 1149 646; baseline -0.004 -25"><span class='ocrx_word' id='word_1_13' title='bbox 131 573 234 641; x_wconf 90' lang='grc' dir='ltr'><strong><em>σειαν,</em></strong></span> <span class='ocrx_word' id='word_1_14' title='bbox 247 554 433 642; x_wconf 76' lang='grc' dir='ltr'><strong><em>φεύγοντάς</em></strong></span> <span class='ocrx_word' id='word_1_15' title='bbox 446 582 480 624; x_wconf 89' lang='grc' dir='ltr'><strong><em>τε</em></strong></span> <span class='ocrx_word' id='word_1_16' title='bbox 493 551 645 646; x_wconf 86' lang='grc' dir='ltr'><strong><em>εόφρόνη</em></strong></span> <span class='ocrx_word' id='word_1_17' title='bbox 655 549 909 643; x_wconf 78' lang='grc' dir='ltr'><strong><em>καταλαμβάνῃ·</em></strong></span> <span class='ocrx_word' id='word_1_18' title='bbox 927 551 985 621; x_wconf 83' lang='grc' dir='ltr'><strong><em>καλ</em></strong></span> <span class='ocrx_word' id='word_1_19' title='bbox 998 557 1149 639; x_wconf 80' lang='grc' dir='ltr'><strong><em>ἔμελλον</em></strong></span> 
     </span>
    </p>
   </div>
   <div class='ocr_carea' id='block_1_3' title="bbox 94 648 1236 3512">
    <p class='ocr_par' dir='ltr' id='par_1_3' title="bbox 94 648 1236 3512">
     <span class='ocr_line' id='line_1_5' title="bbox 131 648 1151 738; baseline -0.004 -18"><span class='ocrx_word' id='word_1_20' title='bbox 131 656 238 738; x_wconf 82' lang='grc' dir='ltr'><strong><em>δῆθεν</em></strong></span> <span class='ocrx_word' id='word_1_21' title='bbox 253 650 493 736; x_wconf 78' lang='grc' dir='ltr'><strong><em>ἐκφεύξεσθαι,</em></strong></span> <span class='ocrx_word' id='word_1_22' title='bbox 516 653 587 715; x_wconf 80' lang='grc' dir='ltr'><strong><em>ἔδεε</em></strong></span> <span class='ocrx_word' id='word_1_23' title='bbox 598 650 634 715; x_wconf 76' lang='grc' dir='ltr'><strong><em>δὲ</em></strong></span> <span class='ocrx_word' id='word_1_24' title='bbox 650 650 733 731; x_wconf 72' lang='grc' dir='ltr'><strong><em>μηδὲ</em></strong></span> <span class='ocrx_word' id='word_1_25' title='bbox 745 648 925 735; x_wconf 79' lang='grc' dir='ltr'><strong><em>πυρφόρον</em></strong></span> <span class='ocrx_word' id='word_1_26' title='bbox 935 655 983 738; x_wconf 79' lang='grc' dir='ltr'><strong><em>τῷ</em></strong></span> <span class='ocrx_word' id='word_1_27' title='bbox 1000 650 1151 716; x_wconf 82' lang='grc' dir='ltr'><strong><em>ἐκείνων</em></strong></span> 
     </span>
     <span class='ocr_line' id='line_1_6' title="bbox 98 739 1152 844; baseline -0.006 -24"><span class='ocrx_word' id='word_1_28' title='bbox 98 762 111 820; x_wconf 83' lang='grc' dir='ltr'><strong><em>λ</em></strong></span> <span class='ocrx_word' id='word_1_29' title='bbox 128 751 217 844; x_wconf 76' lang='grc' dir='ltr'><strong><em>λόγῳ</em></strong></span> <span class='ocrx_word' id='word_1_30' title='bbox 225 749 416 837; x_wconf 76' lang='grc' dir='ltr'><strong><em>ἐκφυγόντα</em></strong></span> <span class='ocrx_word' id='word_1_31' title='bbox 427 747 673 834; x_wconf 80' lang='grc' dir='ltr'><strong><em>περιγενέσθαι.</em></strong></span> <span class='ocrx_word' id='word_1_32' title='bbox 686 743 779 832; x_wconf 86' lang='grc' dir='ltr'><strong><em>Πρός</em></strong></span> <span class='ocrx_word' id='word_1_33' title='bbox 789 752 892 813; x_wconf 87' lang='grc' dir='ltr'><strong><em>ταῦτα</em></strong></span> <span class='ocrx_word' id='word_1_34' title='bbox 905 739 954 813; x_wconf 76' lang='grc' dir='ltr'><strong><em>όν</em></strong></span> <span class='ocrx_word' id='word_1_35' title='bbox 965 746 1052 814; x_wconf 88' lang='grc' dir='ltr'><strong><em>τάδε</em></strong></span> <span class='ocrx_word' id='word_1_36' title='bbox 1063 748 1152 834; x_wconf 84' lang='grc' dir='ltr'><strong><em>ἐμη-</em></strong></span> 
     </span>
     <span class='ocr_line' id='line_1_7' title="bbox 128 841 1152 936; baseline -0.004 -19"><span class='ocrx_word' id='word_1_37' title='bbox 128 852 303 936; x_wconf 84' lang='grc' dir='ltr'><strong><em>χανέουτο·</em></strong></span> <span class='ocrx_word' id='word_1_38' title='bbox 331 854 400 915; x_wconf 82' lang='grc' dir='ltr'><strong><em>τῶν</em></strong></span> <span class='ocrx_word' id='word_1_39' title='bbox 415 852 503 915; x_wconf 82' lang='grc' dir='ltr'><strong><em>νεῶν</em></strong></span> <span class='ocrx_word' id='word_1_40' title='bbox 523 842 682 912; x_wconf 76' lang='grc' dir='ltr'><strong><em>ἁπασέων</em></strong></span> <span class='ocrx_word' id='word_1_41' title='bbox 703 841 945 931; x_wconf 77' lang='grc' dir='ltr'><strong><em>ἀποκρίναντες</em></strong></span> <span class='ocrx_word' id='word_1_42' title='bbox 965 848 1152 931; x_wconf 78' lang='grc' dir='ltr'><strong><em>διηκοσίας</em></strong></span> 
     </span>
     <span class='ocr_line' id='line_1_8' title="bbox 128 935 1232 1032; baseline -0.004 -19"><span class='ocrx_word' id='word_1_43' title='bbox 128 948 356 1032; x_wconf 75' lang='grc' dir='ltr'><strong><em>περιέπεμπον</em></strong></span> <span class='ocrx_word' id='word_1_44' title='bbox 373 947 501 1024; x_wconf 83' lang='grc' dir='ltr'><strong><em>ίξωθεν</em></strong></span> <span class='ocrx_word' id='word_1_45' title='bbox 514 942 690 1029; x_wconf 92' lang='grc' dir='ltr'><strong><em>Σκιάθου,</em></strong></span> <span class='ocrx_word' id='word_1_46' title='bbox 714 938 758 1021; x_wconf 81' lang='grc' dir='ltr'><strong><em>τός</em></strong></span> <span class='ocrx_word' id='word_1_47' title='bbox 775 935 819 1008; x_wconf 87' lang='grc' dir='ltr'><strong><em>άν</em></strong></span> <span class='ocrx_word' id='word_1_48' title='bbox 835 937 879 1028; x_wconf 79' lang='grc' dir='ltr'><strong><em>μὴ</em></strong></span> <span class='ocrx_word' id='word_1_49' title='bbox 895 937 1054 1027; x_wconf 84' lang='grc' dir='ltr'><strong><em>όφθέωσι</em></strong></span> <span class='ocrx_word' id='word_1_50' title='bbox 1077 939 1150 1010; x_wconf 84' lang='grc' dir='ltr'><strong><em>ὑπδ</em></strong></span> <span class='ocrx_word' id='word_1_51' title='bbox 1231 940 1232 945; x_wconf 60' lang='grc'>’</span> 
     </span>
     <span class='ocr_line' id='line_1_9' title="bbox 127 1036 1211 1131; baseline -0.004 -21"><span class='ocrx_word' id='word_1_52' title='bbox 127 1050 197 1110; x_wconf 78' lang='grc' dir='ltr'><strong><em>τῶν</em></strong></span> <span class='ocrx_word' id='word_1_53' title='bbox 212 1048 381 1131; x_wconf 89' lang='grc' dir='ltr'><strong><em>πολεμίων</em></strong></span> <span class='ocrx_word' id='word_1_54' title='bbox 395 1040 647 1129; x_wconf 80' lang='grc' dir='ltr'><strong><em>περιπλάσυσαι</em></strong></span> <span class='ocrx_word' id='word_1_55' title='bbox 658 1036 810 1127; x_wconf 78' lang='grc' dir='ltr'><strong><em>Εὔβοιαν</em></strong></span> <span class='ocrx_word' id='word_1_56' title='bbox 825 1038 908 1105; x_wconf 88' lang='grc' dir='ltr'><strong><em>κατά</em></strong></span> <span class='ocrx_word' id='word_1_57' title='bbox 924 1064 960 1107; x_wconf 89' lang='grc' dir='ltr'><strong><em>τε</em></strong></span> <span class='ocrx_word' id='word_1_58' title='bbox 972 1040 1151 1127; x_wconf 78' lang='grc' dir='ltr'><strong><em>Καφηρέα</em></strong></span> <span class='ocrx_word' id='word_1_59' title='bbox 1209 1106 1211 1125; x_wconf 35' lang='lat' dir='ltr'><strong><em>s</em></strong></span> 
     </span>
     <span class='ocr_line' id='line_1_10' title="bbox 128 1134 1152 1226; baseline -0.005 -17"><span class='ocrx_word' id='word_1_60' title='bbox 128 1146 183 1209; x_wconf 84' lang='grc' dir='ltr'><strong><em>καλ</em></strong></span> <span class='ocrx_word' id='word_1_61' title='bbox 197 1138 380 1226; x_wconf 84' lang='grc' dir='ltr'><strong><em>Γεραιστόν</em></strong></span> <span class='ocrx_word' id='word_1_62' title='bbox 394 1144 428 1219; x_wconf 91' lang='grc' dir='ltr'><strong><em>ές</em></strong></span> <span class='ocrx_word' id='word_1_63' title='bbox 442 1138 503 1208; x_wconf 88' lang='grc' dir='ltr'><strong><em>τόν</em></strong></span> <span class='ocrx_word' id='word_1_64' title='bbox 517 1136 687 1224; x_wconf 82' lang='grc' dir='ltr'><strong><em>Εὔριπον,</em></strong></span> <span class='ocrx_word' id='word_1_65' title='bbox 710 1140 768 1205; x_wconf 80' lang='grc' dir='ltr'><strong><em>ίνα</em></strong></span> <span class='ocrx_word' id='word_1_66' title='bbox 792 1134 831 1223; x_wconf 82' lang='grc' dir='ltr'><strong><em>δὴ</em></strong></span> <span class='ocrx_word' id='word_1_67' title='bbox 849 1136 1091 1225; x_wconf 74' lang='grc' dir='ltr'><strong><em>περιλάβοιεν,</em></strong></span> <span class='ocrx_word' id='word_1_68' title='bbox 1118 1142 1152 1205; x_wconf 83' lang='grc' dir='ltr'><strong><em>οἱ</em></strong></span> 
     </span>
     <span class='ocr_line' id='line_1_11' title="bbox 127 1232 1213 1328; baseline -0.003 -19"><span class='ocrx_word' id='word_1_69' title='bbox 127 1241 189 1327; x_wconf 65' lang='grc' dir='ltr'><strong><em>μέν</em></strong></span> <span class='ocrx_word' id='word_1_70' title='bbox 203 1238 308 1328; x_wconf 83' lang='grc' dir='ltr'><strong><em>ταότη</em></strong></span> <span class='ocrx_word' id='word_1_71' title='bbox 328 1236 526 1326; x_wconf 87' lang='grc' dir='ltr'><strong><em>άπικόμενοι</em></strong></span> <span class='ocrx_word' id='word_1_72' title='bbox 540 1243 595 1306; x_wconf 86' lang='grc' dir='ltr'><strong><em>καλ</em></strong></span> <span class='ocrx_word' id='word_1_73' title='bbox 610 1238 797 1326; x_wconf 82' lang='grc' dir='ltr'><strong><em>φράξαντες</em></strong></span> <span class='ocrx_word' id='word_1_74' title='bbox 818 1234 930 1303; x_wconf 80' lang='grc' dir='ltr'><strong><em>αὐτῶν</em></strong></span> <span class='ocrx_word' id='word_1_75' title='bbox 949 1236 1014 1325; x_wconf 76' lang='grc' dir='ltr'><strong><em>τὴν</em></strong></span> <span class='ocrx_word' id='word_1_76' title='bbox 1031 1236 1149 1306; x_wconf 84' lang='grc' dir='ltr'><strong><em>ὀπίσω</em></strong></span> <span class='ocrx_word' id='word_1_77' title='bbox 1209 1232 1213 1251; x_wconf 56' lang='grc'><em>“</em></span> 
     </span>
     <span class='ocr_line' id='line_1_12' title="bbox 128 1334 1214 1427; baseline -0.002 -20"><span class='ocrx_word' id='word_1_78' title='bbox 128 1340 300 1427; x_wconf 83' lang='grc' dir='ltr'><strong><em>φέρουσαν</em></strong></span> <span class='ocrx_word' id='word_1_79' title='bbox 313 1334 406 1425; x_wconf 84' lang='grc' dir='ltr'><strong><em>δδδν,</em></strong></span> <span class='ocrx_word' id='word_1_80' title='bbox 419 1351 515 1424; x_wconf 72' lang='grc' dir='ltr'><strong><em>σφεῖς</em></strong></span> <span class='ocrx_word' id='word_1_81' title='bbox 526 1338 562 1405; x_wconf 76' lang='grc' dir='ltr'><strong><em>δέ</em></strong></span> <span class='ocrx_word' id='word_1_82' title='bbox 574 1335 790 1423; x_wconf 76' lang='grc' dir='ltr'><strong><em>ἐπισπόμενοι</em></strong></span> <span class='ocrx_word' id='word_1_83' title='bbox 803 1337 835 1415; x_wconf 88' lang='grc' dir='ltr'><strong><em>ἐξ</em></strong></span> <span class='ocrx_word' id='word_1_84' title='bbox 847 1338 1007 1423; x_wconf 88' lang='grc' dir='ltr'><strong><em>ἐναντίης.</em></strong></span> <span class='ocrx_word' id='word_1_85' title='bbox 1034 1346 1149 1407; x_wconf 83' lang='grc' dir='ltr'><strong><em>ταῦτα</em></strong></span> <span class='ocrx_word' id='word_1_86' title='bbox 1213 1382 1214 1385; x_wconf 60' lang='lat'><em>=</em></span> 
     </span>
     <span class='ocr_line' id='line_1_13' title="bbox 127 1431 1147 1526; baseline -0.003 -20"><span class='ocrx_word' id='word_1_87' title='bbox 127 1436 394 1526; x_wconf 79' lang='grc' dir='ltr'><strong><em>βουλευσάμενοι</em></strong></span> <span class='ocrx_word' id='word_1_88' title='bbox 405 1434 602 1522; x_wconf 78' lang='grc' dir='ltr'><strong><em>ἀπέπεμπον</em></strong></span> <span class='ocrx_word' id='word_1_89' title='bbox 612 1441 680 1502; x_wconf 80' lang='grc' dir='ltr'><strong><em>τῶν</em></strong></span> <span class='ocrx_word' id='word_1_90' title='bbox 690 1441 779 1503; x_wconf 81' lang='grc' dir='ltr'><strong><em>νεάν</em></strong></span> <span class='ocrx_word' id='word_1_91' title='bbox 792 1431 852 1513; x_wconf 84' lang='grc' dir='ltr'><strong><em>τάς</em></strong></span> <span class='ocrx_word' id='word_1_92' title='bbox 867 1440 1060 1523; x_wconf 78' lang='grc' dir='ltr'><strong><em>ταχθείσας,</em></strong></span> <span class='ocrx_word' id='word_1_93' title='bbox 1078 1434 1147 1503; x_wconf 78' lang='grc' dir='ltr'><strong><em>αὐ-</em></strong></span> 
     </span>
     <span class='ocr_line' id='line_1_14' title="bbox 128 1526 1146 1631; baseline 0.001 -25"><span class='ocrx_word' id='word_1_94' title='bbox 128 1543 178 1607; x_wconf 85' lang='grc' dir='ltr'><strong><em>τολ</em></strong></span> <span class='ocrx_word' id='word_1_95' title='bbox 192 1536 256 1607; x_wconf 82' lang='grc' dir='ltr'><strong><em>οὐκ</em></strong></span> <span class='ocrx_word' id='word_1_96' title='bbox 272 1526 310 1607; x_wconf 79' lang='grc' dir='ltr'><strong><em>έν</em></strong></span> <span class='ocrx_word' id='word_1_97' title='bbox 324 1539 394 1631; x_wconf 84' lang='grc' dir='ltr'><strong><em>νόφ</em></strong></span> <span class='ocrx_word' id='word_1_98' title='bbox 410 1544 539 1625; x_wconf 71' lang='grc' dir='ltr'><strong><em>ἔχοντες</em></strong></span> <span class='ocrx_word' id='word_1_99' title='bbox 553 1538 676 1623; x_wconf 84' lang='grc' dir='ltr'><strong><em>ταύτης</em></strong></span> <span class='ocrx_word' id='word_1_100' title='bbox 695 1544 753 1625; x_wconf 82' lang='grc' dir='ltr'><strong><em>τῆς</em></strong></span> <span class='ocrx_word' id='word_1_101' title='bbox 765 1532 889 1623; x_wconf 79' lang='grc' dir='ltr'><strong><em>ἡμέρης</em></strong></span> <span class='ocrx_word' id='word_1_102' title='bbox 903 1551 988 1606; x_wconf 76' lang='grc' dir='ltr'><strong><em>τοῖσι</em></strong></span> <span class='ocrx_word' id='word_1_103' title='bbox 998 1535 1146 1626; x_wconf 82' lang='grc' dir='ltr'><strong><em>Ἕλλησι</em></strong></span> 
     </span>
     <span class='ocr_line' id='line_1_15' title="bbox 128 1631 1216 1725; baseline 0.003 -20"><span class='ocrx_word' id='word_1_104' title='bbox 128 1637 369 1724; x_wconf 81' lang='grc' dir='ltr'><strong><em>ἐπιθήσεσθαι,</em></strong></span> <span class='ocrx_word' id='word_1_105' title='bbox 391 1634 470 1705; x_wconf 81' lang='grc' dir='ltr'><strong><em>οόδδ</em></strong></span> <span class='ocrx_word' id='word_1_106' title='bbox 484 1635 651 1723; x_wconf 87' lang='grc' dir='ltr'><strong><em>πρότερον</em></strong></span> <span class='ocrx_word' id='word_1_107' title='bbox 671 1631 744 1722; x_wconf 80' lang='grc' dir='ltr'><strong><em>ἢτδ</em></strong></span> <span class='ocrx_word' id='word_1_108' title='bbox 761 1636 920 1724; x_wconf 84' lang='grc' dir='ltr'><strong><em>σύνθημά</em></strong></span> <span class='ocrx_word' id='word_1_109' title='bbox 936 1656 997 1725; x_wconf 90' lang='grc' dir='ltr'><strong><em>σφι</em></strong></span> <span class='ocrx_word' id='word_1_110' title='bbox 1019 1643 1145 1725; x_wconf 76' lang='grc' dir='ltr'><strong><em>ἔμελλε</em></strong></span> <span class='ocrx_word' id='word_1_111' title='bbox 1214 1704 1216 1709; x_wconf 89' lang='grc'><strong><em>,</em></strong></span> 
     </span>
     <span class='ocr_line' id='line_1_16' title="bbox 128 1732 1144 1822; baseline 0.004 -21"><span class='ocrx_word' id='word_1_112' title='bbox 128 1734 342 1821; x_wconf 82' lang='grc' dir='ltr'><strong><em>φανήσεσθαι</em></strong></span> <span class='ocrx_word' id='word_1_113' title='bbox 357 1733 448 1822; x_wconf 84' lang='grc' dir='ltr'><strong><em>παρά</em></strong></span> <span class='ocrx_word' id='word_1_114' title='bbox 459 1741 528 1802; x_wconf 78' lang='grc' dir='ltr'><strong><em>τῶν</em></strong></span> <span class='ocrx_word' id='word_1_115' title='bbox 538 1733 800 1820; x_wconf 86' lang='grc' dir='ltr'><strong><em>περιπλωόντων</em></strong></span> <span class='ocrx_word' id='word_1_116' title='bbox 813 1732 857 1814; x_wconf 81' lang='grc' dir='ltr'><strong><em>ὡς</em></strong></span> <span class='ocrx_word' id='word_1_117' title='bbox 866 1732 1031 1822; x_wconf 78' lang='grc' dir='ltr'><strong><em>ἡκόντων.</em></strong></span> <span class='ocrx_word' id='word_1_118' title='bbox 1054 1740 1144 1805; x_wconf 84' lang='grc' dir='ltr'><strong><em>ταύ-</em></strong></span> 
     </span>
     <span class='ocr_line' id='line_1_17' title="bbox 126 1832 1143 1925; baseline 0.004 -25"><span class='ocrx_word' id='word_1_119' title='bbox 126 1859 184 1913; x_wconf 91' lang='grc' dir='ltr'><strong><em>τας</em></strong></span> <span class='ocrx_word' id='word_1_120' title='bbox 204 1832 323 1923; x_wconf 78' lang='grc' dir='ltr'><strong><em>μὲνδὴ</em></strong></span> <span class='ocrx_word' id='word_1_121' title='bbox 338 1835 581 1923; x_wconf 85' lang='grc' dir='ltr'><strong><em>περιέπεμπον,</em></strong></span> <span class='ocrx_word' id='word_1_122' title='bbox 605 1839 675 1901; x_wconf 77' lang='grc' dir='ltr'><strong><em>τῶν</em></strong></span> <span class='ocrx_word' id='word_1_123' title='bbox 690 1833 726 1901; x_wconf 75' lang='grc' dir='ltr'><strong><em>δέ</em></strong></span> <span class='ocrx_word' id='word_1_124' title='bbox 740 1836 885 1902; x_wconf 76' lang='grc' dir='ltr'><strong><em>λοιπέων</em></strong></span> <span class='ocrx_word' id='word_1_125' title='bbox 899 1840 988 1902; x_wconf 73' lang='grc' dir='ltr'><strong><em>νεῶν</em></strong></span> <span class='ocrx_word' id='word_1_126' title='bbox 1001 1838 1042 1903; x_wconf 80' lang='grc' dir='ltr'><strong><em>έν</em></strong></span> <span class='ocrx_word' id='word_1_127' title='bbox 1062 1843 1143 1925; x_wconf 82' lang='grc' dir='ltr'><strong><em>τῇσι</em></strong></span> 
     </span>
     <span class='ocr_line' id='line_1_18' title="bbox 94 1933 1143 2030; baseline -0.001 -26"><span class='ocrx_word' id='word_1_128' title='bbox 94 1934 278 2025; x_wconf 72' lang='grc' dir='ltr'><strong><em>λἍφετησι</em></strong></span> <span class='ocrx_word' id='word_1_129' title='bbox 292 1940 466 2008; x_wconf 76' lang='grc' dir='ltr'><strong><em>ἐποιεῦντο</em></strong></span> <span class='ocrx_word' id='word_1_130' title='bbox 482 1934 640 2024; x_wconf 78' lang='grc' dir='ltr'><strong><em>ἀριθμόν.</em></strong></span> <span class='ocrx_word' id='word_1_131' title='bbox 658 1933 713 2006; x_wconf 78' lang='grc' dir='ltr'><strong><em>Ἑν</em></strong></span> <span class='ocrx_word' id='word_1_132' title='bbox 728 1935 764 2005; x_wconf 72' lang='grc' dir='ltr'><strong><em>δέ</em></strong></span> <span class='ocrx_word' id='word_1_133' title='bbox 777 1934 885 2030; x_wconf 84' lang='grc' dir='ltr'><strong><em>τοότφ</em></strong></span> <span class='ocrx_word' id='word_1_134' title='bbox 899 1943 945 2028; x_wconf 74' lang='grc' dir='ltr'><strong><em>τῷ</em></strong></span> <span class='ocrx_word' id='word_1_135' title='bbox 959 1933 1087 2024; x_wconf 80' lang='grc' dir='ltr'><strong><em>χρόνῳ,</em></strong></span> <span class='ocrx_word' id='word_1_136' title='bbox 1105 1938 1143 2003; x_wconf 84' lang='grc' dir='ltr'><strong><em>ἐν</em></strong></span> 
     </span>
     <span class='ocr_line' id='line_1_19' title="bbox 127 2029 1142 2127; baseline -0.001 -23"><span class='ocrx_word' id='word_1_137' title='bbox 127 2044 172 2127; x_wconf 74' lang='grc' dir='ltr'><strong><em>τῷ</em></strong></span> <span class='ocrx_word' id='word_1_138' title='bbox 192 2044 288 2104; x_wconf 74' lang='grc' dir='ltr'><strong><em>οὗτοι</em></strong></span> <span class='ocrx_word' id='word_1_139' title='bbox 308 2035 458 2125; x_wconf 85' lang='grc' dir='ltr'><strong><em>άριθμδν</em></strong></span> <span class='ocrx_word' id='word_1_140' title='bbox 474 2039 648 2106; x_wconf 80' lang='grc' dir='ltr'><strong><em>ἐποιεῦντο</em></strong></span> <span class='ocrx_word' id='word_1_141' title='bbox 669 2042 738 2104; x_wconf 78' lang='grc' dir='ltr'><strong><em>τῶν</em></strong></span> <span class='ocrx_word' id='word_1_142' title='bbox 757 2042 846 2106; x_wconf 75' lang='grc' dir='ltr'><strong><em>νεῶν</em></strong></span> <span class='ocrx_word' id='word_1_143' title='bbox 867 2029 925 2125; x_wconf 79' lang='grc' dir='ltr'><strong><em>’ἦν</em></strong></span> <span class='ocrx_word' id='word_1_144' title='bbox 945 2034 1011 2124; x_wconf 78' lang='grc' dir='ltr'><strong><em>γάρ</em></strong></span> <span class='ocrx_word' id='word_1_145' title='bbox 1033 2041 1072 2104; x_wconf 89' lang='grc' dir='ltr'><strong><em>ἐν</em></strong></span> <span class='ocrx_word' id='word_1_146' title='bbox 1095 2040 1142 2125; x_wconf 77' lang='grc' dir='ltr'><strong><em>τφ</em></strong></span> 
     </span>
     <span class='ocr_line' id='line_1_20' title="bbox 125 2134 1142 2229; baseline -0.002 -25"><span class='ocrx_word' id='word_1_147' title='bbox 125 2139 337 2228; x_wconf 88' lang='grc' dir='ltr'><strong><em>στρατοπέδφ</em></strong></span> <span class='ocrx_word' id='word_1_148' title='bbox 351 2137 459 2229; x_wconf 82' lang='grc' dir='ltr'><strong><em>τοάτφ</em></strong></span> <span class='ocrx_word' id='word_1_149' title='bbox 473 2142 642 2223; x_wconf 84' lang='grc' dir='ltr'><strong><em>Σκυλλίης</em></strong></span> <span class='ocrx_word' id='word_1_150' title='bbox 656 2143 845 2215; x_wconf 77' lang='grc' dir='ltr'><strong><em>Σκιωναῖος</em></strong></span> <span class='ocrx_word' id='word_1_151' title='bbox 859 2134 960 2222; x_wconf 83' lang='grc' dir='ltr'><strong><em>δύτης</em></strong></span> <span class='ocrx_word' id='word_1_152' title='bbox 973 2141 1043 2202; x_wconf 80' lang='grc' dir='ltr'><strong><em>τῶν</em></strong></span> <span class='ocrx_word' id='word_1_153' title='bbox 1062 2135 1142 2203; x_wconf 90' lang='grc' dir='ltr'><strong><em>τότε</em></strong></span> 
     </span>
     <span class='ocr_line' id='line_1_21' title="bbox 125 2231 1140 2325; baseline 0.002 -25"><span class='ocrx_word' id='word_1_154' title='bbox 125 2233 321 2319; x_wconf 71' lang='grc' dir='ltr'><strong><em>ἀνθρώπων</em></strong></span> <span class='ocrx_word' id='word_1_155' title='bbox 332 2232 483 2321; x_wconf 87' lang='grc' dir='ltr'><strong><em>άριστος,</em></strong></span> <span class='ocrx_word' id='word_1_156' title='bbox 497 2232 534 2314; x_wconf 81' lang='grc' dir='ltr'><strong><em>ὃς</em></strong></span> <span class='ocrx_word' id='word_1_157' title='bbox 544 2237 599 2304; x_wconf 86' lang='grc' dir='ltr'><strong><em>καὶ</em></strong></span> <span class='ocrx_word' id='word_1_158' title='bbox 610 2237 648 2303; x_wconf 88' lang='grc' dir='ltr'><strong><em>ἐν</em></strong></span> <span class='ocrx_word' id='word_1_159' title='bbox 658 2241 699 2325; x_wconf 78' lang='grc' dir='ltr'><strong><em>τῇ</em></strong></span> <span class='ocrx_word' id='word_1_160' title='bbox 710 2241 855 2325; x_wconf 79' lang='grc' dir='ltr'><strong><em>ναυηγίη</em></strong></span> <span class='ocrx_word' id='word_1_161' title='bbox 865 2242 905 2324; x_wconf 78' lang='grc' dir='ltr'><strong><em>τῇ</em></strong></span> <span class='ocrx_word' id='word_1_162' title='bbox 917 2232 1000 2303; x_wconf 78' lang='grc' dir='ltr'><strong><em>κατὰ</em></strong></span> <span class='ocrx_word' id='word_1_163' title='bbox 1012 2231 1051 2302; x_wconf 87' lang='grc' dir='ltr'><strong><em>τό</em></strong></span> <span class='ocrx_word' id='word_1_164' title='bbox 1062 2235 1140 2320; x_wconf 84' lang='grc' dir='ltr'><strong><em>Πή-</em></strong></span> 
     </span>
     <span class='ocr_line' id='line_1_22' title="bbox 126 2332 1141 2423; baseline 0.002 -22"><span class='ocrx_word' id='word_1_165' title='bbox 126 2342 201 2401; x_wconf 89' lang='grc' dir='ltr'><strong><em>λιον</em></strong></span> <span class='ocrx_word' id='word_1_166' title='bbox 210 2336 375 2423; x_wconf 77' lang='grc' dir='ltr'><strong><em>γενομένη</em></strong></span> <span class='ocrx_word' id='word_1_167' title='bbox 383 2332 490 2404; x_wconf 85' lang='grc' dir='ltr'><strong><em>πολλά</em></strong></span> <span class='ocrx_word' id='word_1_168' title='bbox 497 2333 559 2422; x_wconf 70' lang='grc' dir='ltr'><strong><em>μὲν</em></strong></span> <span class='ocrx_word' id='word_1_169' title='bbox 570 2340 675 2404; x_wconf 80' lang='grc' dir='ltr'><strong><em>ἔσωσε</em></strong></span> <span class='ocrx_word' id='word_1_170' title='bbox 685 2343 753 2402; x_wconf 75' lang='grc' dir='ltr'><strong><em>τῶν</em></strong></span> <span class='ocrx_word' id='word_1_171' title='bbox 764 2334 942 2422; x_wconf 87' lang='grc' dir='ltr'><strong><em>χρημάτων</em></strong></span> <span class='ocrx_word' id='word_1_172' title='bbox 952 2349 1039 2402; x_wconf 83' lang='grc' dir='ltr'><strong><em>τοῖσι</em></strong></span> <span class='ocrx_word' id='word_1_173' title='bbox 1046 2336 1141 2421; x_wconf 87' lang='grc' dir='ltr'><strong><em>Πέρ-</em></strong></span> 
     </span>
     <span class='ocr_line' id='line_1_23' title="bbox 125 2428 1140 2522; baseline 0.004 -23"><span class='ocrx_word' id='word_1_174' title='bbox 125 2450 220 2520; x_wconf 87' lang='grc' dir='ltr'><strong><em>σησι,</em></strong></span> <span class='ocrx_word' id='word_1_175' title='bbox 241 2429 348 2500; x_wconf 86' lang='grc' dir='ltr'><strong><em>πολλά</em></strong></span> <span class='ocrx_word' id='word_1_176' title='bbox 363 2432 400 2501; x_wconf 72' lang='grc' dir='ltr'><strong><em>δέ</em></strong></span> <span class='ocrx_word' id='word_1_177' title='bbox 417 2436 473 2501; x_wconf 87' lang='grc' dir='ltr'><strong><em>καλ</em></strong></span> <span class='ocrx_word' id='word_1_178' title='bbox 486 2431 588 2514; x_wconf 86' lang='grc' dir='ltr'><strong><em>αότδς</em></strong></span> <span class='ocrx_word' id='word_1_179' title='bbox 601 2434 849 2522; x_wconf 74' lang='grc' dir='ltr'><strong><em>περιεβάλετο,</em></strong></span> <span class='ocrx_word' id='word_1_180' title='bbox 870 2428 969 2513; x_wconf 83' lang='grc' dir='ltr'><strong><em>οὗτος</em></strong></span> <span class='ocrx_word' id='word_1_181' title='bbox 984 2431 1001 2503; x_wconf 90' lang='grc' dir='ltr'>ὁ</span> <span class='ocrx_word' id='word_1_182' title='bbox 1018 2443 1140 2504; x_wconf 88' lang='grc' dir='ltr'><strong><em>Σκυλ-</em></strong></span> 
     </span>
     <span class='ocr_line' id='line_1_24' title="bbox 125 2530 1138 2624; baseline 0.003 -26"><span class='ocrx_word' id='word_1_183' title='bbox 125 2537 197 2615; x_wconf 88' lang='grc' dir='ltr'><strong><em>λίης</em></strong></span> <span class='ocrx_word' id='word_1_184' title='bbox 211 2533 249 2600; x_wconf 87' lang='grc' dir='ltr'><strong><em>ἐν</em></strong></span> <span class='ocrx_word' id='word_1_185' title='bbox 263 2530 333 2624; x_wconf 85' lang='grc' dir='ltr'><strong><em>νόφ</em></strong></span> <span class='ocrx_word' id='word_1_186' title='bbox 347 2536 409 2619; x_wconf 75' lang='grc' dir='ltr'><strong><em>μέν</em></strong></span> <span class='ocrx_word' id='word_1_187' title='bbox 424 2531 489 2619; x_wconf 75' lang='grc' dir='ltr'><strong><em>εἶχε</em></strong></span> <span class='ocrx_word' id='word_1_188' title='bbox 502 2532 568 2620; x_wconf 91' lang='grc' dir='ltr'><strong><em>άρα</em></strong></span> <span class='ocrx_word' id='word_1_189' title='bbox 584 2535 639 2601; x_wconf 78' lang='grc' dir='ltr'><strong><em>καὶ</em></strong></span> <span class='ocrx_word' id='word_1_190' title='bbox 656 2533 822 2619; x_wconf 88' lang='grc' dir='ltr'><strong><em>πρότερον</em></strong></span> <span class='ocrx_word' id='word_1_191' title='bbox 838 2531 1087 2620; x_wconf 82' lang='grc' dir='ltr'><strong><em>αὐτομολήσειν</em></strong></span> <span class='ocrx_word' id='word_1_192' title='bbox 1104 2536 1138 2612; x_wconf 89' lang='grc' dir='ltr'><strong><em>ἐς</em></strong></span> 
     </span>
     <span class='ocr_line' id='line_1_25' title="bbox 122 2628 1140 2726; baseline 0.003 -29"><span class='ocrx_word' id='word_1_193' title='bbox 122 2628 380 2720; x_wconf 79' lang='grc' dir='ltr'><strong><em>τοδςἝλληνας,</em></strong></span> <span class='ocrx_word' id='word_1_194' title='bbox 396 2631 471 2702; x_wconf 74' lang='grc' dir='ltr'><strong><em>ἀλλ’</em></strong></span> <span class='ocrx_word' id='word_1_195' title='bbox 485 2630 527 2701; x_wconf 80' lang='grc' dir='ltr'><strong><em>οὐ</em></strong></span> <span class='ocrx_word' id='word_1_196' title='bbox 537 2633 603 2719; x_wconf 76' lang='grc' dir='ltr'><strong><em>γάρ</em></strong></span> <span class='ocrx_word' id='word_1_197' title='bbox 618 2639 653 2701; x_wconf 89' lang='grc' dir='ltr'><strong><em>οί</em></strong></span> <span class='ocrx_word' id='word_1_198' title='bbox 661 2635 804 2719; x_wconf 78' lang='grc' dir='ltr'><strong><em>παρέσχε</em></strong></span> <span class='ocrx_word' id='word_1_199' title='bbox 816 2629 860 2713; x_wconf 80' lang='grc' dir='ltr'><strong><em>ὡς</em></strong></span> <span class='ocrx_word' id='word_1_200' title='bbox 870 2634 954 2702; x_wconf 88' lang='grc' dir='ltr'><strong><em>τότε.</em></strong></span> <span class='ocrx_word' id='word_1_201' title='bbox 976 2631 1061 2726; x_wconf 81' lang='grc' dir='ltr'><strong><em>ότεφ</em></strong></span> <span class='ocrx_word' id='word_1_202' title='bbox 1072 2635 1140 2719; x_wconf 77' lang='grc' dir='ltr'><strong><em>μὲν</em></strong></span> 
     </span>
     <span class='ocr_line' id='line_1_26' title="bbox 122 2727 1139 2822; baseline 0.007 -25"><span class='ocrx_word' id='word_1_203' title='bbox 122 2727 164 2815; x_wconf 77' lang='grc' dir='ltr'><strong><em>δη</em></strong></span> <span class='ocrx_word' id='word_1_204' title='bbox 179 2731 294 2821; x_wconf 86' lang='grc' dir='ltr'><strong><em>τρόπφ</em></strong></span> <span class='ocrx_word' id='word_1_205' title='bbox 308 2729 345 2799; x_wconf 91' lang='grc' dir='ltr'><strong><em>τδ</em></strong></span> <span class='ocrx_word' id='word_1_206' title='bbox 362 2736 523 2801; x_wconf 79' lang='grc' dir='ltr'><strong><em>ἐνθεῦτεν</em></strong></span> <span class='ocrx_word' id='word_1_207' title='bbox 537 2740 585 2802; x_wconf 81' lang='grc' dir='ltr'><strong><em>ἐτι</em></strong></span> <span class='ocrx_word' id='word_1_208' title='bbox 599 2733 736 2802; x_wconf 86' lang='grc' dir='ltr'><strong><em>άπίκετο</em></strong></span> <span class='ocrx_word' id='word_1_209' title='bbox 748 2737 782 2813; x_wconf 89' lang='grc' dir='ltr'><strong><em>ές</em></strong></span> <span class='ocrx_word' id='word_1_210' title='bbox 796 2731 1055 2822; x_wconf 83' lang='grc' dir='ltr'><strong><em>τοδςἝλληνας,</em></strong></span> <span class='ocrx_word' id='word_1_211' title='bbox 1071 2733 1139 2804; x_wconf 79' lang='grc' dir='ltr'><strong><em>οὐκ</em></strong></span> 
     </span>
     <span class='ocr_line' id='line_1_27' title="bbox 123 2825 1138 2920; baseline 0.007 -25"><span class='ocrx_word' id='word_1_212' title='bbox 123 2833 186 2911; x_wconf 84' lang='grc' dir='ltr'><strong><em>ἐχω</em></strong></span> <span class='ocrx_word' id='word_1_213' title='bbox 208 2825 296 2895; x_wconf 77' lang='grc' dir='ltr'><strong><em>εἶπαι</em></strong></span> <span class='ocrx_word' id='word_1_214' title='bbox 312 2825 491 2915; x_wconf 78' lang='grc' dir='ltr'><strong><em>ἀτρεκέως,</em></strong></span> <span class='ocrx_word' id='word_1_215' title='bbox 531 2831 673 2918; x_wconf 78' lang='grc' dir='ltr'><strong><em>θωμάζω</em></strong></span> <span class='ocrx_word' id='word_1_216' title='bbox 700 2834 752 2915; x_wconf 79' lang='grc' dir='ltr'><strong><em>δὲ,</em></strong></span> <span class='ocrx_word' id='word_1_217' title='bbox 775 2839 805 2900; x_wconf 89' lang='grc' dir='ltr'><strong><em>εί</em></strong></span> <span class='ocrx_word' id='word_1_218' title='bbox 824 2830 864 2899; x_wconf 88' lang='grc' dir='ltr'><strong><em>τά</em></strong></span> <span class='ocrx_word' id='word_1_219' title='bbox 879 2831 1047 2920; x_wconf 81' lang='grc' dir='ltr'><strong><em>λεγόμενά</em></strong></span> <span class='ocrx_word' id='word_1_220' title='bbox 1065 2835 1138 2902; x_wconf 89' lang='grc' dir='ltr'><strong><em>ἐστι</em></strong></span> 
     </span>
     <span class='ocr_line' id='line_1_28' title="bbox 123 2921 1236 3017; baseline 0.009 -28"><span class='ocrx_word' id='word_1_221' title='bbox 123 2921 260 3009; x_wconf 80' lang='grc' dir='ltr'><strong><em>ἀληθέα.</em></strong></span> <span class='ocrx_word' id='word_1_222' title='bbox 283 2926 413 3009; x_wconf 74' lang='grc' dir='ltr'><strong><em>λέγεται</em></strong></span> <span class='ocrx_word' id='word_1_223' title='bbox 426 2925 504 3012; x_wconf 75' lang='grc' dir='ltr'><strong><em>γάρ,</em></strong></span> <span class='ocrx_word' id='word_1_224' title='bbox 523 2925 567 3006; x_wconf 80' lang='grc' dir='ltr'><strong><em>ὡς</em></strong></span> <span class='ocrx_word' id='word_1_225' title='bbox 582 2931 615 3006; x_wconf 84' lang='grc' dir='ltr'><strong><em>ἐξ</em></strong></span> <span class='ocrx_word' id='word_1_226' title='bbox 625 2927 790 3016; x_wconf 87' lang='grc' dir='ltr'><strong><em>Ἀφετέων</em></strong></span> <span class='ocrx_word' id='word_1_227' title='bbox 802 2926 863 3008; x_wconf 79' lang='grc' dir='ltr'><strong><em>δός</em></strong></span> <span class='ocrx_word' id='word_1_228' title='bbox 874 2933 907 3008; x_wconf 86' lang='grc' dir='ltr'><strong><em>ές</em></strong></span> <span class='ocrx_word' id='word_1_229' title='bbox 921 2926 984 3017; x_wconf 79' lang='grc' dir='ltr'><strong><em>τήν</em></strong></span> <span class='ocrx_word' id='word_1_230' title='bbox 999 2931 1138 2998; x_wconf 88' lang='grc' dir='ltr'><strong><em>θάλασ-</em></strong></span> <span class='ocrx_word' id='word_1_231' title='bbox 1235 2995 1236 3008; x_wconf 66' lang='grc'><strong><em>,</em></strong></span> 
     </span>
     <span class='ocr_line' id='line_1_29' title="bbox 121 3013 1236 3113; baseline 0.007 -26"><span class='ocrx_word' id='word_1_232' title='bbox 121 3042 187 3087; x_wconf 91' lang='grc' dir='ltr'><strong><em>σαν</em></strong></span> <span class='ocrx_word' id='word_1_233' title='bbox 201 3016 243 3088; x_wconf 85' lang='grc' dir='ltr'><strong><em>οό</em></strong></span> <span class='ocrx_word' id='word_1_234' title='bbox 259 3020 426 3105; x_wconf 88' lang='grc' dir='ltr'><strong><em>πρότερον</em></strong></span> <span class='ocrx_word' id='word_1_235' title='bbox 439 3019 568 3110; x_wconf 81' lang='grc' dir='ltr'><strong><em>άνέσχε,</em></strong></span> <span class='ocrx_word' id='word_1_236' title='bbox 584 3021 698 3113; x_wconf 78' lang='grc' dir='ltr'><strong><em>πρλνῆ</em></strong></span> <span class='ocrx_word' id='word_1_237' title='bbox 711 3023 847 3108; x_wconf 74' lang='grc' dir='ltr'><strong><em>ἀπίκετο</em></strong></span> <span class='ocrx_word' id='word_1_238' title='bbox 865 3029 917 3095; x_wconf 85' lang='grc' dir='ltr'><strong><em>ἐπλ</em></strong></span> <span class='ocrx_word' id='word_1_239' title='bbox 932 3023 970 3094; x_wconf 85' lang='grc' dir='ltr'><strong><em>ιδ</em></strong></span> <span class='ocrx_word' id='word_1_240' title='bbox 982 3024 1135 3113; x_wconf 85' lang='grc' dir='ltr'><strong><em>Ἀρτεμί-</em></strong></span> <span class='ocrx_word' id='word_1_241' title='bbox 1234 3013 1236 3066; x_wconf 57' lang='lat'><em>²</em></span> 
     </span>
     <span class='ocr_line' id='line_1_30' title="bbox 122 3120 1138 3210; baseline 0.008 -27"><span class='ocrx_word' id='word_1_242' title='bbox 122 3127 219 3202; x_wconf 72' lang='grc' dir='ltr'><strong><em>σιον,</em></strong></span> <span class='ocrx_word' id='word_1_243' title='bbox 236 3120 392 3196; x_wconf 79' lang='grc' dir='ltr'><strong><em>σταδίους</em></strong></span> <span class='ocrx_word' id='word_1_244' title='bbox 412 3120 555 3204; x_wconf 84' lang='grc' dir='ltr'><strong><em>μάλιστά</em></strong></span> <span class='ocrx_word' id='word_1_245' title='bbox 580 3149 622 3210; x_wconf 87' lang='grc' dir='ltr'><strong><em>κη</em></strong></span> <span class='ocrx_word' id='word_1_246' title='bbox 644 3123 786 3202; x_wconf 84' lang='grc' dir='ltr'><strong><em>τούτους</em></strong></span> <span class='ocrx_word' id='word_1_247' title='bbox 806 3127 839 3202; x_wconf 90' lang='grc' dir='ltr'><strong><em>ἐς</em></strong></span> <span class='ocrx_word' id='word_1_248' title='bbox 860 3121 1054 3210; x_wconf 81' lang='grc' dir='ltr'><strong><em>όμδάκοντα</em></strong></span> <span class='ocrx_word' id='word_1_249' title='bbox 1076 3123 1138 3191; x_wconf 86' lang='grc' dir='ltr'><strong><em>διά</em></strong></span> 
     </span>
     <span class='ocr_line' id='line_1_31' title="bbox 120 3214 1236 3306; baseline 0.004 -25"><span class='ocrx_word' id='word_1_250' title='bbox 120 3222 178 3300; x_wconf 82' lang='grc' dir='ltr'><strong><em>τῆς</em></strong></span> <span class='ocrx_word' id='word_1_251' title='bbox 187 3214 362 3302; x_wconf 88' lang='grc' dir='ltr'><strong><em>θαλάσσης</em></strong></span> <span class='ocrx_word' id='word_1_252' title='bbox 378 3219 571 3299; x_wconf 75' lang='grc' dir='ltr'><strong><em>διεξελθών.</em></strong></span> <span class='ocrx_word' id='word_1_253' title='bbox 593 3225 723 3306; x_wconf 77' lang='grc' dir='ltr'><strong><em>λέγεται</em></strong></span> <span class='ocrx_word' id='word_1_254' title='bbox 734 3224 796 3306; x_wconf 87' lang='grc' dir='ltr'><strong><em>μέν</em></strong></span> <span class='ocrx_word' id='word_1_255' title='bbox 808 3248 873 3289; x_wconf 91' lang='grc' dir='ltr'><strong><em>νυν</em></strong></span> <span class='ocrx_word' id='word_1_256' title='bbox 884 3226 939 3290; x_wconf 81' lang='grc' dir='ltr'><strong><em>καὶ</em></strong></span> <span class='ocrx_word' id='word_1_257' title='bbox 951 3221 1035 3293; x_wconf 86' lang='grc' dir='ltr'><strong><em>άλλα</em></strong></span> <span class='ocrx_word' id='word_1_258' title='bbox 1046 3236 1138 3303; x_wconf 84' lang='grc' dir='ltr'><strong><em>ψευ-</em></strong></span> <span class='ocrx_word' id='word_1_259' title='bbox 1235 3273 1236 3286; x_wconf 44' lang='lat'>2</span> 
     </span>
     <span class='ocr_line' id='line_1_32' title="bbox 122 3313 1236 3408; baseline 0.013 -32"><span class='ocrx_word' id='word_1_260' title='bbox 122 3313 192 3378; x_wconf 89' lang='grc' dir='ltr'><strong><em>δέσι</em></strong></span> <span class='ocrx_word' id='word_1_261' title='bbox 204 3319 300 3379; x_wconf 83' lang='grc' dir='ltr'><strong><em>ἐκελα</em></strong></span> <span class='ocrx_word' id='word_1_262' title='bbox 308 3316 456 3400; x_wconf 75' lang='grc' dir='ltr'><strong><em>περὶτοῦ</em></strong></span> <span class='ocrx_word' id='word_1_263' title='bbox 466 3313 591 3402; x_wconf 87' lang='grc' dir='ltr'><strong><em>άνδρδς</em></strong></span> <span class='ocrx_word' id='word_1_264' title='bbox 604 3318 738 3404; x_wconf 84' lang='grc' dir='ltr'><strong><em>τούτου,</em></strong></span> <span class='ocrx_word' id='word_1_265' title='bbox 745 3317 786 3386; x_wconf 85' lang='grc' dir='ltr'><strong><em>τά</em></strong></span> <span class='ocrx_word' id='word_1_266' title='bbox 799 3319 836 3386; x_wconf 74' lang='grc' dir='ltr'><strong><em>δὲ</em></strong></span> <span class='ocrx_word' id='word_1_267' title='bbox 846 3322 1037 3406; x_wconf 80' lang='grc' dir='ltr'><strong><em>μετεξέτερα</em></strong></span> <span class='ocrx_word' id='word_1_268' title='bbox 1048 3318 1137 3408; x_wconf 59' lang='grc' dir='ltr'><strong><em>άληψ</em></strong></span> <span class='ocrx_word' id='word_1_269' title='bbox 1234 3319 1236 3350; x_wconf 79' lang='lat'><strong>¹</strong></span> 
     </span>
     <span class='ocr_line' id='line_1_33' title="bbox 121 3411 1138 3512; baseline 0.018 -39"><span class='ocrx_word' id='word_1_270' title='bbox 121 3413 196 3475; x_wconf 86' lang='grc' dir='ltr'><strong><em>θέα.</em></strong></span> <span class='ocrx_word' id='word_1_271' title='bbox 218 3413 294 3492; x_wconf 81' lang='grc' dir='ltr'><strong><em>περὶ</em></strong></span> <span class='ocrx_word' id='word_1_272' title='bbox 311 3411 426 3496; x_wconf 85' lang='grc' dir='ltr'><strong><em>μέντοι</em></strong></span> <span class='ocrx_word' id='word_1_273' title='bbox 440 3413 563 3483; x_wconf 82' lang='grc' dir='ltr'><strong><em>τούτου</em></strong></span> <span class='ocrx_word' id='word_1_274' title='bbox 578 3415 697 3502; x_wconf 73' lang='grc' dir='ltr'><strong><em>μνάμα</em></strong></span> <span class='ocrx_word' id='word_1_275' title='bbox 712 3444 768 3501; x_wconf 85' lang='grc' dir='ltr'><strong><em>μοι</em></strong></span> <span class='ocrx_word' id='word_1_276' title='bbox 790 3416 1006 3506; x_wconf 72' lang='grc' dir='ltr'><strong><em>ἀποδεδέχθω</em></strong></span> <span class='ocrx_word' id='word_1_277' title='bbox 1025 3429 1138 3512; x_wconf 76' lang='grc' dir='ltr'><strong><em>πλοίῳ</em></strong></span> 
     </span>
    </p>
   </div>
   <div class='ocr_carea' id='block_1_4' title="bbox 0 0 1254 3925">
    <p class='ocr_par' dir='ltr' id='par_1_4' title="bbox 0 0 1254 3925">
     <span class='ocr_line' id='line_1_34' title="bbox 0 0 1254 3925; baseline 0 2"><span class='ocrx_word' id='word_1_278' title='bbox 0 0 1254 3925; x_wconf 95' lang='lat' dir='ltr'><strong><em> </em></strong></span> 
     </span>
    </p>
   </div>
  </div>
 </body>
</html>
