2500 3925
378 281 465 341 ΗΒ.
497 283 517 340 Ι.
550 283 648 341 CAP.
680 288 819 345 δῖε-67.
1059 281 1102 347 33
1213 293 1214 354 1

101 448 212 511 Ταῦτα
242 438 287 521 ὡς
321 437 562 529 ἀπενειχθέντα
588 438 740 527 ἥκουσαν
771 446 806 511 οί
827 443 1101 533 Λακεδαιμόνιοι,

97 535 266 627 Ἀρκάδων
282 536 427 627 μέν’τῶν
440 538 557 610 ἀλλων
573 534 767 629 ἀπείχοντο,
784 544 820 610 οί
831 539 868 610 δέ
881 542 982 622 πέδας
997 540 1102 631 φερό-
1216 565 1217 576 ’

99 668 193 727 μενοι
219 644 272 711 ἐπὶ
298 643 463 731 Τεγεήτας
492 643 755 732 ἐστρατεύοντο,
786 650 924 736 χρησμῷ
954 645 1103 737 κιβδήλῳ

101 746 246 828 πίσυνοι,
261 739 307 822 ’ὥς
325 741 364 832 δή
379 743 740 831 έξανδραποδιειίμενοι
753 740 833 823 τοὺς
848 742 1019 833 Τεγεήτας.
1048 744 1104 812 έσ-

102 845 266 923 σωθέντες
281 845 317 913 δέ
333 850 372 935 τῇ
382 848 546 934 συμβολή,
560 841 637 913 ’όσοι
651 841 765 912 αὐτῶν
779 844 1029 935 ἐζωγρήθησαν,
1044 847 1104 912 πέ-

79 1029 80 1034 ¹
103 946 159 1021 δας
172 968 209 1011 τε
227 948 356 1029 ἔχοντες
370 940 428 1023 τάς
444 944 603 1030 έφέροντο
619 938 714 1011 αίποί
726 946 781 1011 καί
793 949 913 1037 σχοίνηο
925 947 1104 1031 διαμετρη-
1220 949 1221 952 ’

101 1041 239 1128 σάμενοι
254 1041 290 1111 τό
307 1046 424 1113 πεδίον
441 1042 478 1113 τό
492 1046 686 1134 Τεγεητέων
702 1043 889 1131 ἐργάζοντο.
907 1048 943 1111 αί
956 1043 992 1112 δέ
1006 1046 1104 1113 πέδαι

101 1133 216 1228 αόται,
239 1142 276 1209 έν
295 1148 370 1233 τήσι
392 1144 563 1230 ἐδεδέατο,
593 1147 641 1210 ἐτι
661 1142 716 1210 καὶ
733 1142 766 1220 ές
790 1144 846 1229 έμέ
862 1133 950 1232 ἦσαν
970 1139 1046 1211 σόαι
1067 1141 1106 1207 έν

105 1242 220 1330 Τεγέη,
235 1244 310 1326 περὶ
327 1239 388 1309 τ’δν
402 1238 487 1329 νηόν
503 1246 562 1329 τής
574 1237 687 1329 Ἀλέης
694 1236 874 1328 Ἀθηναίης
888 1241 1103 1330 κρεμάμεναι.

103 1336 194 1405 Κατά
212 1338 275 1425 μὲν
291 1336 330 1427 δή
347 1336 407 1408 τόν
429 1340 597 1429 πρότερον
617 1338 766 1426 πόλεμον
787 1341 950 1427 συνεχέως
966 1342 1029 1409 αἰεί
1043 1350 1148 1407 urz-6²

101 1442 166 1515 κῶς
187 1433 333 1506 ἀέθλεον
352 1436 437 1527 πρός
460 1435 539 1519 τούς
560 1438 746 1527 Τεγεήτας,
772 1435 856 1507 κατά
877 1439 914 1507 δέ
937 1436 998 1509 τόν
1020 1434 1104 1507 κατά

102 1542 252 1625 Κροῖσον
265 1537 391 1627 χρόνον
406 1542 462 1607 καλ
482 1536 544 1629 τήν
556 1534 821 1625 Ἀναξανδρίδεώ
835 1562 870 1607 τε
882 1541 938 1607 καὶ
949 1535 1106 1626 Ἀρίστω-
1183 1606 1188 1611 .

103 1660 158 1715 νος
171 1642 352 1725 βασιληίην
368 1640 405 1707 έν
420 1642 647 1725 Λακεδαίμονι
661 1634 724 1725 ήδη
736 1641 770 1705 οί
781 1644 987 1727 Σπαρτιῆται
1002 1663 1105 1706 κατυ-

100 1739 255 1825 πέρτεροι
272 1744 317 1829 τῷ
338 1742 472 1831 πολέμῳ
488 1738 707 1826 ἐγεγόνεσαν,
730 1739 844 1830 τρόπῳ
867 1744 984 1831 τοιῷδε
1006 1738 1106 1826 γενό-

101 1860 214 1921 μενοι·
246 1834 358 1925 ἐπειδή
375 1834 438 1907 αίὲὶ
452 1844 498 1930 τῷ
510 1840 643 1931 πολέμρι
655 1840 814 1905 ἑσσοῦντο
827 1833 893 1905 ὑπὸ
906 1837 1105 1924 Τεγεητέων,

102 1938 292 2024 πέμψαντες
313 1939 530 2026 θεοπρόπους
555 1941 589 2019 ἐς
609 1934 770 2025 Δελφοὺς
790 1936 1005 2027 έπειροίτεον,
1030 1944 1105 2008 τίνα

102 2031 144 2104 ἀν
160 2044 257 2107 θεῶν
272 2041 468 2129 ίλασάμενοι
491 2041 683 2125 κατύπερθε
698 2046 744 2132 τῷ
764 2045 897 2133 πολέμῳ
916 2042 1106 2130 Τεγεητέων

102 2142 265 2221 γενοίατο.
288 2133 308 2226 ἡ
324 2141 358 2208 δέ
367 2145 483 2227 Πυθίη
501 2159 562 2226 σφι
577 2145 694 2228 ἐχρησε
707 2136 748 2209 τά
761 2136 919 2228 Ὀρέστεω
934 2146 995 2208 τοῦ
1009 2137 1107 2226 ’Λγα-

103 2238 269 2323 μέμνονος
296 2236 393 2307 ὀστέα
422 2241 701 2328 ἐπαγαγομένους.
738 2236 783 2320 ὥς
804 2240 841 2308 δέ
864 2236 1022 2328 ἀνευρεῖν
1043 2235 1106 2308 οάκ

104 2330 170 2404 οἷοί
182 2361 219 2405 τε
234 2338 385 2423 ἐγίνοντο
398 2336 459 2426 τήν
473 2339 586 2426 θήκην
603 2344 663 2406 τοῦ
672 2335 840 2427 Ὀρέστεω,
852 2344 1001 2427 ἔπεμπον
1012 2331 1108 2416 αὖτις

105 2438 135 2514 ές
149 2434 237 2505 θεόν
255 2439 534 2526 ἐπειρησομένους
548 2435 608 2506 τόν
624 2443 746 2525 χῶρον,
761 2437 798 2504 ἐν
812 2441 858 2528 τῷ
868 2438 976 2504 κέοιτο
989 2430 1106 2522 ὁὈρέ-

105 2533 459 2630 στης.1είρωτέονσιδδ
477 2543 581 2605 ταῦτα
610 2550 697 2604 τοῖσι
724 2534 947 2624 θεοπρόποισι
972 2535 1061 2621 λέγει
1087 2529 1107 2619 ἡ

108 2639 220 2722 Πυθίη
239 2636 337 2704 τόδε·

122 2731 289 2816 ,”Εστι’τις
301 2734 474 2825 Ἀρκαδίης
488 2739 591 2824 Τεγέη
607 2742 717 2828 λευρῷ
732 2737 783 2805 ἐνί
795 2732 903 2826 χιόρηι,

138 2832 236 2906 Ἔνθ’
255 2835 373 2922 ἀνεμοι
389 2842 543 2904 πνείουσι
560 2835 622 2904 δύο
640 2841 802 2924 κρατερῆς
818 2831 876 2902 ὑπ’
892 2831 1052 2922 ἀνάγκης,

152 2939 214 3004 Καὶ
229 2935 333 3014 τόπος
351 2931 540 3022 ἀντίτυπος,
556 2937 610 3004 καί
626 2931 704 3022 πῆμ’
721 2937 773 3004 ἐπὶ
787 2933 910 3024 πήματι
927 2949 1041 3004 κεῖται.

140 3029 236 3102 Ἔνθ’
250 3031 537 3122 Ἀγαμεμνονίδην
550 3037 679 3120 κατέχει
694 3039 851 3122 φυσίζοος
868 3031 939 3100 αἶα·

157 3128 222 3200 Τόν
238 3129 281 3200 σδ
297 3133 543 3220 κομισσάμενος
564 3135 685 3222 Τεγέης
700 3133 922 3221 έπιτάρροθος
938 3137 1026 3223 έσση.

35 3235 38 3322 ἶἱ
114 3233 162 3307 Ως
175 3229 210 3298 δέ
225 3232 279 3298 καὶ
293 3237 398 3300 ταῦτα
412 3229 562 3320 ἥκουσαν
577 3237 611 3301 οί
620 3231 890 3322 Άακεδαιμόνιοι,
905 3228 1042 3318 ἀπεῖχον
1052 3237 1111 3319 τῆς

114 3328 289 3416 ἐξευρέσιος
312 3326 413 3400 οὐδέν
429 3327 722 3416 έλασσον,“πάντα
743 3330 926 3419 διζήμενοι,
948 3332 981 3410 ές
1003 3322 1045 3399 οὗ
1069 3327 1109 3417 δή

118 3426 1110 3518 ΛίχηςτῶνάγαθοεργῶνκαλεομένωνΣπαρτιητέωνἀνεῦρε.

119 3525 148 3588 σέ
161 3527 194 3592 δέ
208 3524 416 3678 ἀγαθοιεργοί
435 3534 497 3598 είσι
518 3537 587 3598 τῶν
611 3527 741 3615 ἀστῶν,
759 3528 901 3608 ἐξιόντες
921 3530 1040 3674 ἐκὸτοδν
1057 3528 1113 3592 ίπ-

193 3639 286 3679 εοεαε.
321 3663 329 3677 .
979 3645 982 3648 ·
