2500 3925
326 274 414 331 ΗΒ
446 274 490 329 m.
523 274 621 331 CAP.
654 278 794 336 57-·61
1013 274 1076 337 243

86 459 132 499 και
120 416 393 521 εὐδαιμόνησαν
415 428 468 500 ἐπ’
491 436 564 499 ἐτεα
587 433 706 519 πέντε,
731 430 814 502 ῶστε
834 433 875 503 τά
896 436 952 524 ίρὰ
976 435 1017 507 τά
1038 440 1076 509 ἐν

88 536 227 621 Κυδωνίῃ
241 531 339 601 ἐόντα
360 537 427 598 νῦν
447 522 540 597 οὗτοι
535 534 626 597 ἐίσι
648 534 683 599 ολ
700 531 917 620 ποιήσαντες,
939 532 1049 603 καὶ
1015 561 1075 605 τον

85 654 131 712 της
138 629 304 715 Δικτυνης
314 628 412 717 νηόν.
433 628 516 717 έκτφ
530 628 567 695 δὲ
582 632 835 716 ἐτελΑίγινήται
852 627 976 711 αύτούς
989 658 1075 701 ναν-

84 728 168 814 μαχίη
194 725 391 814 νικήσαντες
416 722 710 813 ἠνδραποδίσαντο
733 725 814 814 μετά
836 735 987 817 Κρητῶν.
1020 735 1075 800 καλ

83 830 139 889 τῶν
147 831 232 891 νεῶν
246 830 410 908 καπρίους
425 824 590 907 ἐχουσέων
601 819 660 901 τὰς
671 823 808 915 πρῴρας
818 820 1074 913 ἠκρωτηρίασαν

81 923 126 988 καλ
139 918 305 989 ἀνέθεσαν
319 923 352 999 ἐς
362 917 400 989 τό
415 917 492 1007 ίρόν
502 927 560 1007 τῆς
573 917 754 1008 Ἀθηναίης
767 923 805 989 έν
815 928 946 1012 Αἰγίνη.
970 934 1075 993 ταῦτα

81 1018 110 1084 δὲ
123 1021 280 1105 ἐποίησαν
297 1024 435 1104 ἐγκοτον
449 1024 581 1103 ἔχοντες
594 1025 754 1105 Σαμίοισι
769 1026 954 1108 Αἰγινῆται.
988 1025 1075 1110 πρό-

79 1139 155 1200 τεροι
175 1115 241 1203 γάρ
268 1115 393 1203 Σάμιοι
421 1113 473 1182 ἐπ’
499 1112 738 1204 Ἀμφικράτεος
765 1117 1004 1206 βασιλεύοντος
1037 1123 1074 1189 ἐν

79 1212 169 1303 Σάμφ
184 1212 468 1300 στρατευσάμενοι
483 1210 535 1281 ἐπ’
547 1223 696 1300 Αίγιναν
712 1214 840 1301 μεγάλα
854 1216 940 1285 κακά
959 1222 1073 1307 ἐποίη-

78 1335 132 1381 σαν
145 1316 328 1403 Αίγινήτας
352 1318 406 1383 καὶ
431 1320 563 1385 ἔπαθον
584 1312 646 1381 ὑπ’
676 1317 823 1383 ἐκείνων.
858 1312 961 1403 ἡμὲν
984 1324 1071 1403 αἰτίη

77 1440 156 1500 αντη.

145 1513 312 1601 Ἐμήκννα
324 1513 361 1581 δὲ
374 1515 450 1598 περὶ
461 1518 601 1598 Σαμίων
616 1518 761 1597 μᾶλλον,
778 1509 830 1579 ὀτι
844 1532 905 1597 σφι
916 1518 990 1597 τρία
1005 1514 1072 1581 ἐστὶ
1086 1532 1121 1587 οο

77 1617 197 1697 μέγιστα
232 1610 396 1681 ἁπάντων
421 1608 591 1697 Ἑλλήνων
617 1612 857 1698 ἐξεργασμένα,
889 1608 1009 1699 ούρεός
1035 1638 1071 1680 τε

75 1705 193 1797 ὑψηλοῦ
224 1715 261 1789 ἐς
288 1710 495 1797 πεντήκοντα
522 1711 578 1777 καὶ
605 1708 726 1778 ἐκατόυ
756 1705 915 1797 ὀργυιάς,
947 1710 1071 1779 τούτου

76 1808 192 1897 ὄρυγμα
207 1814 367 1879 κάτωθεν
380 1806 581 1897 ἀρξάμενον,
596 1808 817 1899 άμφίστομον.
840 1810 878 1881 τό
891 1814 953 1897 μλν
967 1818 1072 1899 μῆκος

75 1915 124 1976 τοῦ
137 1906 328 1997 ὀρύγματος
349 1906 430 1977 ἑπτά
446 1910 578 1979 στάδιοί
589 1916 669 1997 είσι,
691 1907 727 1980 τό
745 1910 781 1980 δὲ
797 1908 884 1994 ὕψος
898 1912 953 1980 καὶ
971 1904 1069 1996 εύρος

74 2003 146 2074 ὀκτῶ
160 2010 323 2094 ἑκάτερον
337 2007 447 2087 πόδες.
471 2005 526 2076 διά
541 2006 667 2088 παντός
677 2009 714 2078 δὲ
726 2007 832 2080 αὐτοῦ
843 2009 925 2080 άλλο
936 2009 1068 2098 ὄρυγμα

73 2110 252 2194 εἰκοσίπηχυ
267 2105 377 2194 βάθος
391 2104 597 2194 ὀρύρνιιται,
620 2117 763 2193 τρίπουν
779 2111 815 2179 δὲ
832 2108 869 2178 τό
886 2104 996 2196 εύρος,
1019 2108 1064 2178 δι’

74 2198 107 2271 οὗ
119 2206 153 2274 τό
167 2207 265 2291 ὕδωρ
287 2205 525 2293 ὀχετευόμενον
541 2207 598 2277 διά
619 2211 782 2296 σωλήνων
799 2217 1016 2297 παραγίνεται
1033 2211 1067 2288 ἐς

73 2305 121 2395 τήν
133 2311 234 2378 πόλιν
249 2306 419 2396 ἀγόμενον
433 2307 499 2378 άπδ
510 2311 658 2397 μεγάλης
673 2317 788 2397 πηγής.
812 2309 1012 2396 ἀρχιτέκτων
1029 2311 1068 2379 δὲ

75 2419 124 2477 τοῦ
148 2410 340 2498 ὀρύγματος
363 2411 487 2479 τούτου
512 2413 644 2496 ἐγένετο
672 2407 853 2497 Μεγαρεύς
877 2407 1068 2488 Εὐπαλῖνος

72 2509 302 2596 Ναυστρόφου.
332 2516 431 2576 τοῦτο
450 2511 513 2595 μὲν
529 2507 569 2595 δή
586 2514 624 2576 ἓν
641 2517 708 2577 τῶν
724 2501 829 2595 τριῶν
849 2512 932 2595 ἐστὶ,
951 2508 1066 2576 δεύτε-

73 2609 167 2686 ρονδέ
177 2610 256 2694 περὶ
267 2609 385 2693 λιμένα
394 2615 488 2695 χῶμα
498 2610 536 2676 ἐν
549 2609 722 2698 θαλάσση,
738 2608 848 2696 βάθος
862 2606 945 2678 κατά
960 2617 1066 2677 εἴκοσι

73 2701 241 2794 ὀργυιέων,
264 2714 368 2795 μῆκος
390 2706 427 2774 δὲ
448 2712 510 2775 τοῦ
532 2732 683 2794 χιιματος
703 2711 801 2795 μέζον
826 2707 888 2776 δύο
908 2710 1062 2774 σταδίων.

72 2812 169 2887 τρίτον
190 2810 230 2874 δέ
248 2826 311 2892 σφι
331 2807 521 2892 ἐξέργασται
543 2803 624 2892 νηός
641 2809 793 2892 μέγιστος
813 2806 951 2876 πάντων
971 2812 1063 2892 νηῶν

71 2913 127 2974 τῶν
142 2905 238 2996 ἡμεῖς
255 2911 368 2993 ίδμεν,
389 2914 449 2974 τοῦ
471 2903 673 2992 ἀρχιτέκτων
690 2914 821 2993 πρῶτος
837 2909 967 2992 ἐγένετο
980 2903 1060 2972 Ῥοῖ-

72 3033 118 3086 κος
137 3015 247 3078 Φίλεω
272 3007 455 3094 ἐπιχώριος.
488 3006 669 3074 τούτων”
637 3032 765 3074 εινεκεν
785 3005 914 3090 μᾶλλόν
934 3030 966 3072 τι
987 3006 1062 3086 περὶ

71 3115 196 3194 Σαμίων
212 3108 371 3196 ἐμήκυνα

140 3209 308 3297 Καμβύση
325 3210 361 3276 δε
381 3215 427 3296 τῷ
446 3209 564 3295 Κύρου
584 3215 768 3295 χρονίζοντι
789 3208 863 3290 περὶ
887 3213 1061 3289 Αἴγυπτον
1078 3226 1109 3283 51

72 3313 116 3376 καλ
139 3307 441 3397 παραφρονήσαντι
464 3311 694 3377 ἐπανιστέαται
721 3304 842 3391 ἄνδρες
868 3300 970 3388 μάγοι
996 3301 1060 3370 δύο

73 3397 231 3495 ἆδελφεοί,
251 3417 320 3478 τῶν
334 3406 395 3477 τόν
408 3410 524 3492 ἕτερον
540 3411 772 3475 καταλελοίπεε
786 3407 854 3468 τῶν
869 3406 984 3468 οἰκίων
1000 3427 1062 3485 οε·

72 3504 239 3576 λεδωνόνό
259 3507 448 3596 Καμβύσης
478 3498 577 3583 οὗτος
592 3495 680 3591 δή
653 3525 734 3569 ωνο
735 3501 925 3649 ίέπανέβέη
939 3498 1063 3582 μαθων
