2500 3925
337 230 421 287 ΗΒ.
453 230 501 285 Ν.
534 228 633 287 cm.
665 234 839 293 175-180.
1026 224 1088 291 371

108 388 203 475 ἑωυτῷ
215 391 332 455 δοῦναι
348 384 409 455 τόν
423 390 582 474 τρίποδα,
597 386 754 473 φάμενόν
764 410 826 477 σφι
836 394 892 461 καλ
904 388 967 462 τόν
979 389 1090 476 πόρον

106 486 196 563 δέξειν
214 487 268 553 καλ
290 482 464 573 ἀπήμονας
484 483 706 555 άποστελέειν.
738 494 946 575 πειθομένου
967 490 1004 559 δέ
1027 496 1089 559 τοῦ

103 578 226 668 Ἰήσονος
241 582 329 651 οὕτω
344 581 385 672 δή
401 584 463 654 τόν
472 610 508 651 τε
518 586 698 652 διέκπλοον
707 592 777 652 νῦν
786 591 939 673 βραχέων
953 587 1090 655 δεικνύ-

105 706 149 746 ναι
162 678 222 749 ’τόν
245 682 398 768 Τρίτωνά
423 703 501 770 σφι,
527 685 583 750 καλ
605 680 667 751 τόν
686 688 827 769 τρίποδα
846 694 962 754 θεῖναι
981 687 1019 753 έν
1042 691 1089 774 τῷ

103 785 213 848 ἑωυτοῦ
233 786 294 871 ίρῷ
310 782 572 853 έπυθεσπίσαντά
586 807 622 849 τε
642 788 690 872 τῷ
702 787 835 869 τρίποδι
851 788 908 853 καλ
920 798 1007 853 τοῖσι
1022 781 1089 853 σῦν

99 876 202 965 Ἰήσονι
217 879 411 969 σημήναντα
425 880 486 950 τόν
500 881 610 949 πάντα
625 881 745 967 λόγον,
768 879 813 960 ὡς
827 880 930 950 έπεᾶν
943 880 1003 951 τόν
1017 891 1090 971 τρί-
1175 883 1184 901 ’

101 982 173 1044 τοδα
185 986 361 1066 κομίσηται
374 988 443 1049 νῦν
456 1006 506 1059 τις
520 978 672 1066 ἐκγόνων
684 987 753 1047 τῦν
773 985 811 1049 ἐν
824 988 864 1070 τῇ
877 979 992 1070 Ἀργολ
1002 1001 1090 1067 συμ-

101 1077 286 1164 πλωόντων,
307 1079 383 1148 τότε
404 1079 524 1149 ἑκατόν
555 1077 652 1158 πόλις
678 1086 811 1167 οίνήσαι
832 1084 910 1167 περὶ
929 1077 992 1167 τήν
1008 1087 1091 1167 Τρι-

101 1180 206 1244 τωνίδα
223 1184 347 1265 λίμνην
361 1176 554 1266 Ἑλληνίδας
568 1186 673 1246 πᾶσαν
694 1177 779 1247 εἶναι
793 1175 956 1266 ἀνάγκην.
984 1185 1089 1247 ταῦτα

100 1270 295 1355 ἀκούσαντας
315 1278 395 1357 τοῦς
417 1280 613 1365 ἐπιχωρίους
632 1284 701 1344 τῶν
720 1278 859 1365 Λιβύων
880 1277 1008 1363 κρύψαι
1027 1273 1088 1344 τόν

99 1378 231 1458 τρίποδα.

173 1472 315 1540 Τούτων
328 1472 365 1541 δέ
382 1478 512 1560 ἔχονται
527 1479 596 1540 τῦν
609 1471 785 1559 Μαχλύων
799 1481 832 1540 A
837 1470 933 1543 ύσέε
940 1501 965 1553 ς.
994 1464 1089 1541 οὗτοι
1107 1491 1156 1547 ιω

99 1571 128 1637 δέ
144 1574 197 1640 καλ
216 1576 253 1641 οί
270 1572 431 1659 Μάχλυες
452 1576 546 1656 πέριξ
563 1569 625 1659 τήν
650 1577 834 1657 Τριτωνίδα
856 1577 979 1660 λίμνην
999 1575 1090 1641 υίκέ·

98 1690 177 1756 ονσι,
205 1668 243 1739 τδ
267 1674 371 1758 μέσον
395 1674 433 1739 δέ
452 1690 514 1757 σφι
533 1668 656 1756 ούρίζει
677 1667 695 1739 ὁ
716 1676 854 1757 Τρίτων.
887 1672 1001 1739 καλοί
1025 1672 1089 1756 μέν

97 1768 245 1855 Μάχλυες
262 1768 303 1838 τὰ
318 1766 424 1839 ὀπίσω
437 1772 597 1857 κομέουσι
610 1776 668 1857 τῆς
682 1776 846 1857 κεφαλῆς,
862 1774 897 1837 οί
910 1772 947 1837 δέ
961 1766 1089 1847 Αύσέες

96 1863 127 1932 τά
142 1873 322 1955 ἔμπροσθε.
346 1866 427 1958 ὁρτῇ
448 1870 485 1937 δέ
500 1870 653 1953 ένιαυσίη
668 1864 848 1955 Ἀθηναίης
867 1870 905 1933 αί
920 1866 1087 1951 παρθένοι

96 1967 195 2036 αὐτῶν
216 1974 293 2056 δίχα
309 1974 484 2039 διαστᾶσαι
507 1969 669 2055 μάχονται
689 1962 775 2053 πρὸς
798 1960 942 2054 ἀλλήλας
963 1970 1092 2033 λίθοισί

96 2069 196 2136 τεκαὶ
217 2069 366 2154 ξύλοισι,
387 2075 428 2156 τῇ
449 2066 617 2153 αύτιγενέλ
634 2071 706 2156 θεῷ
726 2067 883 2151 λέγουσαι
902 2061 944 2132 τῦ
963 2062 1088 2149 πάτρια

96 2163 294 2252 ἀποτελέειν,
315 2162 377 2252 τήν
392 2163 578 2252 Ἀθηναίην
597 2166 768 2250 καλέομεν.
801 2159 861 2242 τὰς
881 2163 918 2232 δέ
934 2159 1092 2248 άποθνη-

96 2264 231 2344 σκούσας
245 2270 314 2332 τῶν
329 2267 510 2352 παρθένων
524 2266 561 2332 έκ
575 2269 644 2330 τῶν
654 2261 838 2349 τρωμάτων
852 2262 1090 2346 ψευδοπαρθέ-

95 2387 166 2441 νους
191 2365 361 2432 καλέουσι.
395 2365 475 2451 πρὶν
497 2357 529 2430 δ’
555 2358 687 2429 άνεῐναι
702 2356 806 2440 αύτὰς
825 2360 991 2446 μάχεσθαι
1010 2357 1091 2425 τάδε

96 2470 235 2532 ποιεῦσι·
259 2470 357 2550 κοινῇ
371 2465 546 2548 παρθένον
560 2457 623 2548 τήν
637 2458 922 2528 καλλιστεύουσαν
936 2457 1091 2526 ἑκάστοτε

94 2563 314 2649 κοσμήσαντες
324 2567 429 2650 κυνέη
439 2585 475 2628 τε
485 2566 656 2648 Κορινθίη
671 2561 726 2626 καλ
739 2564 907 2645 πανοπλίη
915 2554 1092 2642 Ἑλληνικῇ

95 2664 143 2728 καλ
168 2659 222 2730 ἐπ’
250 2659 340 2747 ἅρμα
365 2657 632 2748 ἀναβιβάσαντες
655 2657 855 2743 περιάγουσι
880 2652 942 2742 τήν
968 2660 1092 2741 λίμνην

95 2760 209 2850 κύκλφ.
243 2755 366 2827 ὁτέοισι
390 2755 481 2827 δέ
446 2784 485 2826 το
507 2758 610 2827 πάλαι
630 2754 792 2842 ἐκόσμεον
817 2750 876 2832 τάς
896 2755 1091 2840 παρθένους

95 2857 202 2948 πρλνή
216 2880 277 2984 σφι
284 2855 447 2947 Ἕλληνας
459 2864 741 2947 παροικισθῆναι,
756 2852 819 2922 ούκ
833 2859 896 2939 ἔχω
913 2850 1012 2938 είπαι,
1031 2857 1091 2919 δο-

96 2958 199 3029 κέωδ’
221 2953 270 3028 τόν
284 2965 497 3047 Αἰγυπτίοισι
512 2959 646 3028 ὅπλοισι
660 2959 863 3042 κοσμέεσθαι
878 2949 999 3030 αύτύς·
1023 2945 1088 3017 άπδ

94 3057 152 3144 γὰρ
166 3059 343 3145 Αίγύπτον
358 3056 461 3127 καὶ
425 3084 488 3145 την
502 3055 625 3125 άσπίδα
642 3051 746 3124 καὶ
712 3081 749 3122 το
765 3051 890 3140 κράνος
911 3045 1030 3136 φημλ’
1012 3060 1090 3115 απῑ-

95 3167 167 3236 χθαι
188 3160 221 3237 ές
235 3155 316 3236 τοῦς
330 3155 499 3241 Έλληνας.
528 3153 590 3241 τήν
610 3155 648 3224 δέ
664 3152 848 3240 Ἀθηναίην
868 3149 951 3234 φασί
966 3153 1091 3214 Ποσει-

95 3250 212 3336 δέννος
226 3254 311 3324 είναι
325 3260 497 3341 θυγατέρα
512 3257 567 3322 καλ
586 3263 645 3342 τῆς
662 3254 864 3342 Τριτωνίδος
878 3253 1014 3335 λίμνης,
1036 3250 1096 3312 καί

96 3378 148 3434 μιν
163 3353 377 3441 μεμφθεῖσάν
389 3379 421 3422 τι
435 3379 481 3444 τφ
467 3357 595 3440 πατρλ
608 3357 731 3420 δοῦναι
742 3344 912 3437 ἑωυτήν
881 3372 926 3414 τω
912 3343 1014 3432 Διί,
1031 3340 1093 3411 τόν

97 3449 128 3517 δε
149 3457 215 3520 Δία
234 3456 363 3520 ἑωυτοῦ
383 3479 442 3538 μιν
461 3453 669 3538 ποιήσασθαι
689 3449 870 3534 θυγατέρα
893 3449 1009 3593 ἃηαῂῦτα
1029 3439 1094 3526 μέν
