2500 3925
157 271 218 336 112
436 326 441 339 ,
535 275 786 337 νεεοοοτι
832 257 837 266 ’

155 438 191 505 οί
202 436 434 524 ἐπιβουλεύειν
449 442 541 524 έλεγε
554 437 650 524 τάδε,
672 444 719 528 τῷ
733 436 802 508 ἀὲὸ
819 442 947 526 δαίμων
964 442 1156 528 προέφαινε,

87 567 91 571 ’
156 531 202 614 οἱς
216 531 317 614 αῦτῦς
327 538 390 622 μὲν
399 535 610 624 τελευτήσειν
624 533 731 605 αύτοῦ
744 534 851 626 ταότη
861 538 992 624 μέλλοι,
1013 534 1034 626 ἡ
1050 538 1087 606 δὲ
1097 543 1156 625 βα-

155 639 267 720 σιληίη
280 631 387 702 αῦτοῦ
400 635 596 723 περιχωρέοι
611 638 644 716 ές
655 645 812 723 Δαρεῖον.
865 632 1032 723 ἀμείβεται
1050 626 1099 714 ἀν
1115 631 1154 719 δὴ

155 731 174 800 ὁ
190 731 374 820 Ὑστάσπης
387 739 529 804 τοισίσε·
555 728 596 803 Ὦ
611 741 767 823 βασιλεῦ,
790 733 835 824 μη
855 745 907 823 εἴη
926 732 1013 822 ἀνὴρ
1029 735 1167 822 Πέρσης,

155 830 318 920 γεγονός,
342 831 433 914 ὅστις
455 859 507 902 τοι
522 833 771 922 ἐπιβουλεύσει,
794 840 824 902 εί
840 831 872 902 θ’
891 839 978 921 ἔστι,
999 829 1156 902 ἀπόλοιτο

155 929 200 1011 ὥς
215 931 368 1019 τάχιστα·
395 929 434 1012 ῦς
451 928 526 1002 ἀντί
541 931 604 1019 μέν
624 933 759 1002 δούλων
780 935 936 1021 ἐποίησας
959 931 1159 1018 ἐλευθέρους

154 1034 286 1118 Πέρσας
302 1029 403 1119 εἶναι,
426 1028 500 1101 ἀντὶ
514 1034 551 1099 δέ
570 1038 632 1099 τοῦ
649 1029 811 1119 ἀρχεσθαι
836 1028 896 1100 ὑπ’
912 1030 1025 1100 ἀλλων
1046 1027 1160 1116 άρχειν

154 1125 323 1198 ἁπάντων.
353 1136 384 1199 εί
397 1133 437 1199 δέ
447 1136 497 1212 τίς
510 1155 561 1199 τοι
580 1129 657 1213 όύις
671 1129 870 1219 ἀπαγγέλλει
885 1136 987 1200 παῖσα
1003 1126 1064 1199 τόν
1078 1123 1159 1214 έμόν

153 1228 301 1317 νεότερα
314 1230 493 1318 βουλεύειν
509 1232 585 1319 περὶ
598 1234 673 1318 σέο,
700 1231 765 1318 έγό
782 1255 833 1300 τοι
850 1233 1061 1316 παραδίδωμι
1077 1229 1160 1312 χρῦ-

155 1338 237 1397 σθαι
251 1325 343 1420 αύτῷ
359 1336 459 1398 τοῦτο
500 1329 566 1399 ὅτι
576 1327 620 1400 σῦ
631 1329 777 1419 βούλεαι.
809 1326 992 1414 Ὑστάσπης
1006 1327 1069 1412 μέν
1078 1320 1160 1392 τού-

153 1447 241 1497 τοισι
251 1424 478 1515 ἀμειψάμενος
489 1429 545 1499 καλ
556 1426 675 1517 ῦιαβάς
688 1424 749 1497 τόν
761 1425 904 1514 Ἀράξην
915 1423 967 1514 ἤϊε
984 1427 1017 1504 ές
1026 1425 1160 1511 Πέρσας

86 1543 136 1599 ²11
154 1526 316 1614 φυλάξων
332 1526 438 1619 Κύρφ
459 1524 521 1596 τόν
535 1531 637 1596 παῖδα
650 1536 807 1614 Δαρεῖον.
852 1531 965 1614 Κῦρος
986 1525 1023 1593 θλ
1037 1527 1160 1609 προελ-

153 1621 231 1694 θών
246 1621 313 1692 ἀπό
328 1625 395 1693 τοῦ
403 1623 547 1713 Ἀράξεω
562 1624 689 1715 ἡμέρης
703 1623 787 1695 ὁδόν
806 1628 914 1696 ἐποίεε
935 1620 994 1702 τάς
1009 1626 1161 1706 Κροίσου

153 1725 339 1814 υποθηκας.
363 1724 445 1811 μετά
466 1726 503 1794 δέ
531 1731 636 1793 ταῦτα
661 1724 780 1812 Κύρου
799 1749 835 1792 τε
851 1724 906 1792 καὶ
919 1722 1078 1809 Περσέων
1097 1720 1160 1785 τοῦ

154 1830 309 1908 καθαροῦ
324 1832 469 1908 στρατοῦ
490 1822 718 1904 ἀπελάσαντος
740 1821 845 1918 ὀπίσω
866 1825 920 1892 έπλ
938 1818 1000 1890 τόν
1010 1817 1159 1907 Ἀράξην,

154 1922 351 2009 λειφθέντος
370 1923 408 1991 θλ
424 1928 485 1991 τοῦ
505 1920 661 2013 ἀχρηίου,
684 1923 874 1993 ἐπελθοῦσα
893 1928 961 1992 τῶν
975 1929 1159 2007 Μασσαγε-

153 2028 237 2091 τέων
259 2025 449 2111 τριτημορὶς
473 2028 534 2091 τοῦ
560 2028 704 2106 στρατοῦ
728 2022 808 2102 τούς
823 2048 860 2091 τε
880 2022 1081 2109 λειφθέντας
1102 2024 1162 2105 τῆς

153 2123 274 2208 Κύρου
287 2130 441 2210 στρατιῆς
456 2123 599 2208 έφόνενε
611 2121 849 2210 ἀλεξομένους,
871 2124 926 2191 καλ
942 2118 1005 2210 την
1020 2144 1162 2210 προκει-

153 2226 259 2311 μένην
279 2222 408 2302 ίόόντες
433 2227 546 2308 δαῖτα,
568 2219 614 2300 ὡς
639 2220 857 2309 ἐχειρώσαντο
878 2216 957 2299 τοῦς
974 2222 1162 2304 έναντίους,

152 2321 326 2400 κλιθέντες
337 2322 530 2407 ἐδαίνυντο,
548 2321 783 2407 πληρωθέντες
799 2322 836 2388 δέ
851 2325 980 2406 φορβῆς
994 2318 1051 2387 καί
1062 2326 1165 2387 οίνου
1247 2320 1248 2328 ’

154 2411 264 2487 εῦθου.
295 2421 330 2486 οί
352 2420 390 2486 δέ
408 2421 537 2505 Πέρσαι
559 2416 760 2497 ἐπελθόντες
783 2413 929 2496 πολλοῦς
953 2419 1016 2503 μέν
1042 2436 1165 2503 σφεων
1246 2430 1247 2451 λ

153 2516 360 2602 ἐφόνευσαν,
383 2523 496 2607 πολλῷ
511 2513 543 2582 θ’
562 2521 610 2584 ἔτι
632 2522 778 2594 πλεῦνας
799 2514 1005 2602 ἐζώγρησαν,
1028 2514 1084 2581 καλ
1098 2510 1166 2581 ἀλ·
1245 2548 1246 2576 ι

151 2622 232 2692 λους
255 2616 312 2681 καλ
329 2610 391 2681 τόν
410 2619 468 2700 τῆς
489 2620 658 2701 βασιλείης
680 2614 848 2701 Τομύριος
868 2618 987 2701 παῖδα,
1015 2633 1168 2699 στρατη-

82 2725 135 2780 ²12
150 2713 270 2798 γέοντα
283 2711 549 2797 Μασσαγετέων,
571 2718 618 2803 τῷ
632 2708 763 2797 οῦνομα
776 2704 822 2798 ἦν
835 2715 1088 2798 Σπαργαπίσης.
1120 2708 1167 2777 ‘H

151 2808 188 2877 δέ
208 2808 386 2893 πυθομένη
401 2807 444 2875 τά
459 2833 496 2876 τε
514 2804 591 2896 ’περὶ
609 2807 672 2896 την
686 2806 845 2897 στρατιὴν
858 2808 1023 2896 γεγονότα
1039 2811 1098 2878 καὶ
1117 2804 1166 2877 τά

150 2907 226 2992 περὶ
249 2902 310 2973 τόν
335 2910 438 2974 παῖδα
457 2910 636 2994 πέμπουσα
658 2909 789 2997 κήρυκα
812 2905 903 2992 παρά
924 2914 1043 2995 Κῦρον
1064 2912 1168 2993 έλεγε

149 3005 244 3074 τάδε·
270 3003 487 3091 ’Ἀπληστε”
449 3032 586 3124 φιματος
599 3012 711 3125 Κῦρε,
733 3008 838 3093 μηθὲν
852 3009 1021 3125 ἐπαερθῇς
1036 3013 1085 3097 τῷ
1102 3033 1169 3095 γε·

147 3099 316 3191 γονότι
283 3104 369 3167 τῶδε
392 3102 576 3190 πρήγματι,
604 3107 636 3170 εί
657 3101 827 3196 ἀμπελίνῳ
864 3108 1002 3229 καρπῷ,
1041 3108 1168 3197 τῷπερ

149 3195 244 3267 αύτολ
257 3200 500 3288 ἐμπιπλάμενοι
518 3208 681 3288 μαίνεσθε
698 3202 786 3272 οῦτοι
805 3202 889 3275 ἀστε
905 3205 1083 3325 κατιόντος
1097 3216 1168 3277 τοῦ

148 3305 246 3365 οίνον
261 3293 344 3375 έςτὸ
359 3306 454 3386 σωμα
469 3298 733 3370 έπαναπλάειν’
715 3316 797 3389 υμῖν
817 3308 899 3375 ἔπεα
912 3302 1016 3393 κακά,
1038 3304 1169 3376 τοιού-

147 3418 194 3484 τφ
179 3394 374 3513 φαρμάκῳ
388 3396 538 3477 θολόσας
552 3398 736 3522 ἐκράτησας
748 3399 867 3482 παιδός
880 3428 941 3472 τον
926 3406 1062 3494 ”έμοῦ,
1087 3401 1166 3476 ἀλλ’

149 3488 190 3558 ού
203 3490 291 3580 μάχη
306 3493 389 3564 κατὰ
405 3492 443 3565 τό
458 3498 631 3586 καρτερόν.
655 3506 721 3567 νῦν
737 3494 786 3569 τόν
806 3527 870 3588 μευ
884 3493 925 3571 εύ
945 3506 1166 3592 παραινεού·
