2500 3925
317 227 403 282 ιιο.
434 226 479 282 111.
513 223 612 284 σεε.
645 228 787 288 το-ιε.
994 220 1051 291 9³1

81 379 124 460 τός
139 379 192 467 ἀγά
209 380 352 468 κατερέω
373 379 459 467 πρός
478 378 540 450 τόν
554 379 675 468 μα’γον.
719 380 818 469 Λέγει
842 380 927 465 πρός
948 390 1051 451 ταῦτα
1068 396 1102 451 λιι

80 473 202 566 Ὀτάνης,
227 478 393 567 ἐκειδή”
365 505 438 566 ωρα
463 478 695 566 σπερχόμενον
713 489 880 564 Δαρείου
926 474 1054 551 ’nutu

80 578 388 668 ήμέαςσυνταχύνειν
410 580 606 668 ἀναγκάζεις
626 582 682 649 καλ
702 576 975 667 ὑπερβάλλεσθαι
991 576 1055 647 οόκ

78 680 133 767 ε’ᾶς,
151 688 196 747 ίθι
211 682 325 767 ἐξηγέο
361 677 462 759 αότδς
481 677 565 767 ὅτεῳ
586 679 699 771 τρόπω
719 679 866 797 πάριμεν
887 674 972 759 ές
935 705 976 746 τα
990 686 1054 766 βα-

76 776 164 865 σιλήια
178 780 229 847 καλ
243 778 495 866 ἐπιχειρήσομεν
510 776 649 846 αότολσι.
675 775 830 863 φνλακάς
846 775 912 901 γάρ
927 774 967 865 δή
984 781 1056 845 διε-

76 877 193 955 σιεόσας
203 874 294 955 οἷδάς
307 903 372 945 κου
382 882 438 947 καλ
450 875 566 962 αύτὸς,
583 882 614 945 εί
626 903 671 964 μη
661 874 784 963 ίδοίν,
796 873 870 946 ἀλλ’
888 872 1053 954 ἀκούσας·

74 974 118 1053 τάς
128 980 181 1066 τέω
193 976 305 1068 τρόπω
321 978 527 1065 περήσομενς
558 974 742 1063 Ἀμείβεται
752 985 897 1059 Δαρεῖος
912 977 1052 1043 τοισίδε·

73 1070 180 1161 Ὀτάνη,
201 1068 345 1164 ήπολλά
360 1078 427 1143 ἐστι
442 1073 482 1143 τά
496 1075 586 1165 λόγῳ
600 1076 663 1161 μὲν
681 1071 743 1157 οὐκ
764 1071 819 1143 οἷό
837 1098 873 1143 τε
894 1077 1052 1159 δηλῶσαι,

74 1180 140 1264 ἔργῳ
155 1175 201 1242 δέ·
234 1174 320 1244 ἄλλα
341 1172 373 1243 δ’
400 1177 469 1243 ἐστὶ
489 1171 529 1241 τά
551 1171 641 1264 λόγῳ
661 1174 723 1259 μὲν
743 1167 798 1241 old
817 1197 869 1257 τε,
891 1176 993 1258 ἔργον
1015 1172 1052 1237 δὲ

72 1270 151 1340 οὐδὲν
164 1270 218 1340 ἀπ’
234 1270 349 1341 αὐτῶν
363 1270 520 1359 λαμπρόν
533 1278 670 1359 γίνεται.
697 1268 792 1357 ὑμεῖς
806 1272 843 1339 δὲ
856 1278 926 1339 ίστε
940 1275 1052 1354 φνλα·

73 1370 118 1449 κάς
135 1368 188 1450 τάς
205 1371 433 1450 κατεστεώσας
449 1370 570 1450 έούσας
582 1366 685 1438 οάδδν
697 1365 842 1457 χαλεπός
855 1375 1048 1455 παρελθεῖν.

71 1480 146 1540 τοῦτο
161 1475 221 1559 μὲν
238 1472 307 1561 γάρ
327 1471 440 1562 ἡμέων
460 1472 587 1542 ἐόντων
606 1474 747 1539 τοιῶνδε
766 1466 876 1547 οὐδεὶς
897 1464 989 1545 ὅστις
1008 1462 1050 1533 οὐ

68 1573 201 1701 τηρήσει,
222 1573 266 1641 τό
286 1575 348 1660 μέν
363 1598 428 1641 κον
445 1568 702 1657 καταιδεόμενος
724 1564 844 1657 ἡμέας,
868 1562 909 1633 τά
927 1567 967 1633 δέ
987 1586 1052 1633 κον

68 1677 109 1741 καὶ
131 1678 323 1761 δειμαίνων,
344 1680 443 1741 τοῦτο
468 1673 506 1741 δὲ
531 1678 595 1758 ἔχω
620 1668 721 1748 αὐτὸς
741 1674 866 1755 σκῆψιν
888 1662 1052 1751 εὐπρεπε-

67 1773 181 1860 στάτην,
196 1781 237 1863 τῇ
251 1771 415 1860 πάριμεν,
438 1769 506 1858 φάς
522 1770 597 1855 ἀρτι
611 1796 648 1837 τε
663 1767 757 1855 ήκειν
772 1770 808 1836 ἐκ
822 1763 983 1850 Περσέων
996 1764 1052 1829 καί

65 1869 229 1954 βούλεσθαί
238 1898 273 1940 τι
286 1877 365 1950 ἔντος
378 1868 469 1957 ααρά
483 1876 546 1938 τοῦ
559 1868 686 1954 πατρὸς
696 1872 884 1953 σημῆναι
853 1889 899 1930 τω
885 1861 1047 1948 βασιλει·

66 1976 132 2038 ἔνθα
142 1971 205 2059 γάρ
215 1999 250 2040 τι
263 1976 316 2039 δει
326 1975 449 2052 ψεῦδος
463 1974 639 2058 λέγεσθαι,
653 1969 814 2054 λεγέσθω.
838 1967 898 2030 τοῦ
909 1956 974 2047 γάρ
988 1954 1043 2026 αό

66 2094 112 2134 του
99 2070 354 2156 γλιχόμεθα”
318 2097 351 2138 οι
371 2097 408 2138 τε
420 2068 624 2155 ψευδόμενοι
639 2070 694 2136 καὶ
709 2072 744 2135 ολ
759 2072 798 2155 τῇ
819 2061 962 2150 ἀληθείῃ
977 2062 1045 2126 δια·

64 2169 223 2256 χρεόμενοι.
256 2175 290 2239 οδ
302 2174 364 2257 μέν
379 2196 417 2257 γε
432 2169 615 2251 ψεύδονται
628 2167 719 2252 τότε,
745 2161 848 2232 έπεάν
861 2188 893 2230 τι
907 2160 1049 2246 μέλλωσι

64 2270 282 2352 τοῖσιψεύδεσι
301 2277 475 2350 πείσαντες
497 2268 795 2356 κερδήσεσθαι,οί
761 2260 846 2333 οί’δ
869 2260 1048 2347 ἀληθίζον·

63 2394 116 2453 ται,
129 2396 181 2436 ινα
195 2397 228 2437 τι
243 2396 283 2459 τη
269 2367 440 2460 ἀληθείῃ
454 2369 703 2438 ἐπισπάσωνται
717 2368 833 2451 κέρδος
848 2367 907 2430 καί
918 2387 948 2428 τι
963 2364 1049 2443 μᾶλ·

63 2467 112 2534 λόν
123 2489 180 2556 σφι
193 2470 423 2557 ἐπιτράπηται.
447 2466 536 2538 οὕτω
550 2466 592 2537 ού
609 2463 713 2535 ταύαα
702 2462 904 2540 ἀσκέοντες
917 2455 1048 2528 τώυτοῦ

62 2568 274 2654 περιεχόμεθα
299 2593 315 2636 ε
315 2569 496 2656 δεμηδδν
506 2566 731 2654 κερδησεσδαι
742 2565 911 2650 μέλλοιεν
927 2554 1049 2643 ὁμοίως

62 2660 95 2730 ἀν
105 2665 124 2734 ὅ
134 2694 168 2736 τε
183 2665 426 2756 ἀληθιζόμενος
440 2665 566 2753 ψευδής
581 2676 632 2752 είη
648 2660 728 2732 καλ
714 2689 732 2732 ο
744 2659 951 2747 ψευδόμενος
965 2652 1045 2738 ἀλη-

62 2765 158 2887 δήςἺ
140 2795 175 2847 ος
191 2765 238 2835 ἀν
259 2772 322 2856 μέν
341 2796 409 2837 νυν
426 2777 496 2837 τῶν
515 2767 731 2850 πυλουρῶν
715 2789 801 2832 εκων
815 2767 934 2850 καρίη,
960 2750 1050 2843 αὐτῷ

60 2862 230 2950 οἰόμεινον
251 2869 284 2946 ές
301 2868 427 2956 χρόνον
448 2874 555 2937 ἔσται
576 2865 614 2944 ὃς
635 2860 710 2933 δ’
690 2891 733 2931 αν
754 2861 961 2948 ἀντιβαίνειν
976 2878 1051 2921 πει-

61 2968 155 3048 ρᾱται,
171 2966 422 3036 διαδεικνόσθω
438 2969 592 3036 ἐνθαῦτα
602 2961 668 3031 ίάν
682 2963 837 3050 πολέμιος
852 2961 907 3027 καλ
923 2959 1051 3021 ἔπειτεν

61 3055 210 3146 όσάμενοι
233 3069 299 3154 ἔσω
320 3072 423 3153 ἔργου
445 3064 608 3184 ἐχόμεθα,
659 3064 758 3148 Λέγει
777 3054 942 3146 Γωβρύης
966 3053 1049 3137 μετὰ
1068 3071 1100 3123 73

60 3167 160 3227 ταῦτα·
184 3147 325 3250 Ἀνδρες
340 3171 450 3251 φίλοι,
471 3161 553 3250 ἡμῖν
568 3161 645 3230 κότε
660 3160 799 3229 κάλλιον
813 3151 985 3234 παρέξει’
966 3179 1031 3220 ανα

60 3258 218 3328 σείσασθαι
232 3259 295 3348 τήν
308 3259 433 3350 ἀρχήν,
455 3258 478 3349 ή
494 3272 528 3330 εί
537 3289 577 3379 γε
592 3287 637 3346 μη
625 3255 765 3328 οἷοίτε
781 3253 858 3339 ἐσομ
883 3256 930 3320 δα
944 3249 1050 3339 αότήν

60 3351 259 3446 ἀναλαβὲειν,
306 3356 498 3429 ἀποθανείν
537 3358 592 3428 ὅτε
612 3366 652 3445 γε
668 3355 841 3444 ἀρχόμεθα
863 3359 926 3439 μεν
941 3349 1051 3430 ἐόντες

61 3453 206 3539 δέμνι’
188 3480 254 3524 υπο
243 3455 392 3545 Μήδου
407 3455 531 3544 ἀνδρός
547 3461 675 3544 μάγου,
697 3456 752 3520 καί
766 3447 891 3517 τούτου
907 3477 974 3516 ωτα
989 3447 1051 3514 οόκ
