2500 3925
339 270 424 329 κιο.
453 275 500 330 1v.
530 276 629 334 οΑο.
662 282 748 340 ει-
760 287 804 344 σε.
1013 284 1076 353 m

93 450 206 614 σονρρι·
239 434 308 519 χείρ
342 432 380 501 δὲ
409 439 450 522 τῇ
477 428 523 500 ἀν
557 438 643 524 πίση
677 439 802 530 κέεται,
838 448 894 515 καί
925 452 1024 535 χωρίς
1050 446 1079 520 ὁ

94 554 141 597 νετ
176 556 199 608 ς.

158 635 274 699 Θυσίαι
307 636 370 717 μέν
394 656 460 699 νυν
491 624 591 700 αὗταί
621 652 683 719 σφι
720 640 911 733 κατεστᾶσι,
950 638 1007 711 ὑσὶ
1035 644 1074 715 δέ
1089 651 1127 707 οδ

92 719 168 796 οὗτοι
178 726 278 798 οὐδὲν
292 735 487 817 νομίζουσι,
496 727 576 799 ούδέ
592 736 730 819 τρέφειν
744 737 782 802 ἐν
794 743 835 825 τῇ
843 736 937 903 χάρη
953 738 991 807 τδ
1006 764 1074 807 πα-

90 827 183 910 ράπαν
201 830 365 897 ἐθέλουσι.
392 826 490 898 Τάδ’
507 829 701 916 έςπόλεμον
712 836 830 917 ἔχοντα
843 826 912 904 άδί
923 857 984 922 σφι
998 842 1074 907 δια-
1091 855 1125 911 σε

88 929 195 994 κέεται·
216 924 371 997 ἐπεάν
335 952 398 995 τον
408 934 543 1013 πρῶτον
564 926 675 1015 ἄνδρα
689 930 894 1021 καταβάλη’
874 932 962 1021 ανὴρ
977 938 1074 1005 Σκύ-

87 1034 155 1111 θης,
181 1034 243 1095 τοῦ
265 1030 403 1114 αιματος
431 1029 577 1147 ἐμπίνει·
607 1024 764 1105 ὃσονςδ’
791 1025 837 1097 ἀν
855 1032 1008 1122 φονεύσῃ
1033 1034 1073 1102 ἐν

88 1130 118 1211 τῇ
135 1125 233 1215 μάχη,
261 1125 393 1194 τούτων
419 1121 478 1203 τάς
500 1123 649 1211 κεφαλάς
668 1122 831 1213 ἀποφέρει
855 1136 902 1220 τῷ
927 1131 1071 1218 βασιλέι·

86 1218 246 1303 ἀπενείκας
272 1222 392 1310 μὲν
351 1248 418 1310 γαρ
438 1221 590 1311 κεφαλὴν
615 1230 674 1310 της
697 1230 792 1312 ληίης
816 1231 1071 1316 μεταλαμβάνει,

85 1317 135 1406 τὴν
153 1317 194 1388 ἀν
216 1322 363 1410 λάβωσι,
387 1347 432 1408 μη
421 1319 575 1401 ἐνείκας
596 1321 691 1390 δὲ’
647 1348 698 1390 ον
729 1320 899 1410 ἀποδείρει
913 1329 951 1394 δὲ
965 1324 1073 1413 αὐτὴν

85 1420 180 1512 τρόπῳ
204 1426 341 1513 τοιῷδε·
363 1417 555 1508 περιταμων
568 1422 684 1513 κύκλφ
697 1424 774 1510 περί
791 1420 833 1490 τά
850 1414 919 1491 άτα
936 1427 991 1492 καί
1010 1432 1072 1493 λα-

83 1518 210 1605 βόμενος
229 1528 290 1608 τῆς
309 1527 456 1606 κεφαλῆς
480 1521 615 1605 ἐκσείει,
647 1517 730 1606 μετά
752 1521 789 1589 δέ
812 1527 972 1607 σαρκίσας
992 1518 1074 1609 βοὸς

82 1626 194 1707 πλευρῇ
209 1620 304 1701 δέψει
315 1626 389 1705 τῇσι
399 1622 506 1706 χερσὶ,
522 1615 669 1704 ὀργάσας
681 1620 718 1687 δὲ
728 1614 811 1686 αύτδ
822 1616 881 1688 ἅτε
894 1620 1073 1707 χειρόμακ-

81 1715 321 1801 τρονκέκτηται,
334 1720 369 1785 ἐκ
384 1718 421 1785 δὲ
434 1724 501 1785 τῶν
516 1722 664 1803 χαλινῶν
677 1722 739 1785 τοῦ
752 1720 875 1804 ἵππον,
895 1717 957 1787 τὸν
971 1714 1074 1796 αὐτὸς

82 1815 217 1904 ἐλαύνει,
245 1820 283 1885 ἐκ
304 1816 428 1884 τούτου
448 1816 578 1896 ἐξάπτει
595 1817 652 1884 καί
667 1813 863 1903 ἀγάλλεται·
893 1815 930 1895 ὃς
945 1815 1012 1904 γάρ
1027 1811 1073 1883 ἀν

80 1924 203 1986 πλείστα
220 1920 368 2005 δέρματα
391 1915 613 2003 χειρόμακτρα
630 1920 703 2006 ἐχη,
722 1912 810 2003 ἀνὴρ
825 1914 960 2004 ἀριστος
973 1906 1073 1995 οὗτος

81 2019 222 2103 κέκριται.
264 2018 381 2084 πολλοί
403 2018 439 2083 δέ
463 2012 576 2082 αὐτῶν
603 2017 640 2082 ἐκ
659 2021 727 2082 τάν
746 2012 990 2104 ἀποδερμάτων
1016 2017 1072 2082 καί

80 2120 201 2197 χλαίνας
227 2117 428 2182 ἐπείνυσθαι
455 2119 603 2198 ποιεῦσι,
634 2111 882 2200 συρράπτοντες
922 2110 1072 2200 κατάπερ

80 2219 196 2297 βαίτας·
230 2215 350 2281 πολλοὶ
376 2215 413 2279 δὲ
432 2208 569 2298 ἀνδρῶν
591 2214 724 2298 ἐχθρῶν
747 2209 807 2290 τάς
829 2209 939 2291 δεξιάς
960 2225 1072 2298 χεῖρας

79 2318 197 2398 νεκρῶν
213 2313 342 2380 ἐόντων
367 2310 603 2399 ἀποδείραντες
623 2309 753 2378 αύτολσι
767 2309 864 2391 ὄνυξι
880 2310 1072 2396 καλύπτρας

80 2417 136 2476 τῶν
162 2412 361 2501 φαρετρέων
386 2416 576 2477 ποιεῦνται·
614 2412 719 2495 δέρμα
747 2408 784 2476 δέ
806 2405 995 2495 ἀνθρώπων
1016 2409 1071 2476 καί

77 2511 154 2598 ταχύ
170 2515 228 2582 καί
248 2508 405 2598 λαμπρὸν
424 2502 470 2596 ἦν
479 2507 571 2594 ἀρα,
608 2504 730 2594 σχεδὸν
744 2507 919 2594 δερμάτων
933 2505 1071 2575 πάντων

80 2614 306 2700 λαμπρότατον
330 2609 512 2696 λευκότητι.
549 2612 668 2676 πολλοὶ
691 2610 729 2676 δέ
754 2609 809 2676 καὶ
825 2605 927 2686 ὅλους
946 2607 1073 2693 ἄνδρας

77 2714 276 2801 έκδείραυτες
297 2714 352 2780 καί
367 2716 590 2787 διατείναντες
610 2711 664 2776 ἐπί
680 2707 792 2788 ξύλων
808 2706 861 2776 ἐπ’
884 2711 997 2776 ἵππων
1010 2734 1073 2778 αε-

78 2815 257 2897 ριφέρουσι.
287 2817 393 2879 ταῦτα
409 2805 526 2897 μὲνδὴ
550 2804 640 2874 οὕτω
650 2826 713 2891 σφι
730 2806 941 2893 νενόμισται,
967 2802 1072 2885 αύτάς
1086 2820 1122 2877 ⁶⁶

77 2908 106 2976 δὲ
131 2908 190 2988 τάς
214 2907 379 2994 κεφαλάς,
410 2907 484 2976 οὔτι
509 2906 663 2991 πάντων,
692 2900 776 2973 ἀλλὰ
805 2911 875 2972 τῶν
891 2905 1072 2992 ἐχθίστων,

75 3021 194 3084 ποιεῦσι
217 3023 314 3083 τάδε
337 3017 526 3098 ἀποπρίσας
550 3014 619 3078 πάν
642 3008 681 3078 τὸ
705 3013 826 3096 ἔνερθε
841 3013 912 3076 τῶν
935 3003 1076 3092 ὀφρύων

76 3115 280 3201 ἐκκαθαίρει·
322 3109 439 3182 καί
418 3141 462 3198 ην
503 3102 621 3195 μέν
599 3138 620 3196 η
657 3105 835 3195 πένης,”
817 3135 837 3177 ο
878 3106 917 3174 δέ
952 3108 1078 3186 ἐξωθεν

76 3211 242 3306 ωμοβοέην
266 3213 400 3301 μούνην
424 3214 611 3294 περιτείνας
640 3203 731 3274 οὕτω
757 3211 891 3291 χράται,
926 3229 971 3290 ην
991 3196 1070 3292 δέᾖ

74 3314 238 3398 πλούσιος,
249 3311 362 3399 τηνμέ
363 3339 385 3380 ν
398 3310 570 3397 ὠμοβοέην
581 3311 768 3390 περιτείνει,
780 3307 911 3370 ἔσωθεν
924 3304 961 3368 δέ
975 3324 1072 3389 περι-

75 3414 242 3533 χρυσάσας
267 3409 358 3480 οὕτω
378 3417 495 3499 χρᾶται
511 3411 667 3495 ποτηρίμ.
700 3407 834 3469 ποιεῦσι
848 3400 885 3468 δέ
899 3407 999 3468 τοῦτο
1013 3403 1069 3470 καὶ

76 3512 105 3577 έκ
117 3518 186 3578 τῶν
201 3515 396 3659 Zlnunllmvm
375 3507 411 3593 ηε
435 3527 495 3589 σφι
510 3505 669 3588 διάφοροι
692 3501 855 3585 γένωνται
869 3493 961 3645 angl*
939 3522 984 3583 ην
997 3499 1070 3563 ἐπι-

150 3623 205 3660 ΗΕΒ
