2500 3925
199 163 263 226 δίη
578 162 833 221 ΗΕΒΟΒΟΤῙ

195 320 365 412 Ἀργείους
383 323 581 412 γενόμενος,
603 318 687 410 μετὰ
701 317 771 388 δὲό
789 321 828 389 έν
842 328 1040 389 Διπαιεῦσι
1057 320 1179 410 πρόςἎ

199 423 304 502 ιιάδας
318 423 446 504 πάντας
461 419 549 510 πλὴν
563 424 784 507 Μαντινέων,
809 421 862 488 ἐπί
882 423 919 486 δέ
936 417 957 487 ὁ
976 427 1185 509 Μεσσηνίων

199 517 283 608 πρός
294 517 435 610 Ἰθώμη,
451 518 593 598 ὕστατος
606 520 643 586 δέ
658 515 727 587 δέν
740 516 899 607 Τανάγρῃ
913 516 1005 602 πρός
1019 518 1135 606 Ἀθηυ
1160 527 1168 546 ’

198 645 234 686 τε
255 622 311 688 καί
329 616 500 706 Ἀργείους
522 616 713 705 γενόμενος.
749 608 848 694 οὗτος
871 618 908 684 δὲ
929 614 1091 697 ὕστατος
1111 645 1168 686 τιατ

198 717 312 805 γάσθη
328 724 397 785 τῶν
411 719 510 785 πέντε
524 713 679 802 άγάνων.
1038 713 1042 718 ’

149 825 184 880 86
287 807 396 894 Οὗτος
411 812 452 903 δὴ
469 815 544 884 τότε
564 829 649 882 τοῖσι
660 812 795 901 Ἕλλησι
815 809 834 882 ὁ
852 811 1054 900 Τισαμενός
1071 811 1199 901 άγόνιοι

198 914 512 998 τῶνΣπαρτιητέων
523 909 820 1000 ἐμυντεύετοέντῇ
830 915 1021 979 Πλαταιίδι.
1054 918 1155 980 Τοῖσι
1163 915 1199 997 μέι

197 1039 264 1080 νυν
273 1011 408 1098 Ἕλλησι
423 1009 509 1080 καλά
524 1013 651 1097 ἐγίνετο
665 1007 707 1077 τά
721 1006 778 1093 ίρά
791 1007 1066 1098 ἀμυνομένοισι,
1091 1017 1199 1099 διαβᾶο

150 1119 184 1176 37
202 1113 238 1180 δέ
249 1109 309 1180 τόν
319 1108 472 1180 Ἀσαπδν
481 1111 536 1178 καί
547 1110 653 1197 μάχης
663 1108 804 1197 ἄρχουσι
815 1104 868 1194 ού,
875 1113 1081 1200 Μαρδονίῳ
1093 1112 1133 1177 δὲ
1142 1134 1199 1192 προ

196 1211 398 1301 θυμεομένῳ
414 1209 521 1298 μάχης
535 1209 651 1297 ἄρχειν
668 1205 732 1277 ούιι
752 1208 907 1296 ἐπιτήδεα
928 1211 1073 1295 ἐγίνετο
1096 1209 1140 1278 τά
1157 1205 1199 1293 foi.

197 1308 397 1401 ἀμυνομένῳ
412 1312 448 1378 δὲ
469 1312 523 1380 aaz
537 1309 647 1400 τούτῳ
661 1308 757 1378 καλά.
784 1311 839 1377 ιιαλ
858 1305 924 1395 γάρ
940 1301 1051 1388 οὖτος
1068 1307 1199 1393 Ἐλληνι-

196 1425 284 1480 ιιολσι
305 1413 406 1495 ίροίσι
422 1411 556 1502 ἐχρᾶτο,
577 1409 701 1494 μάντιν
716 1413 801 1495 έχων
815 1404 1097 1494 Ἡγησίστρατον
1117 1407 1198 1489 ἀνδρι

192 1505 323 1577 Ἠλεῖόν
335 1533 372 1576 τε
386 1511 441 1576 καὶ
456 1514 524 1576 τῶν
543 1508 751 1574 Τελλιαδέων
763 1504 862 1574 ἐόντα
875 1505 1144 1596 λογιμώτατον,
1163 1506 1199 1574 τοι

196 1603 237 1694 δὴ
259 1607 425 1694 πρότερον
445 1605 576 1675 τούτων
596 1611 804 1691 Σπαρτιῆται
824 1601 987 1691 λαβόντες
1011 1609 1151 1692 ἔδησαν
1168 1609 1198 1671 ἐπ’

195 1701 334 1794 θανάτῳ
353 1700 398 1780 ὡς
420 1701 629 1780 πεπονθότες
650 1699 758 1769 πολλά
772 1724 808 1768 τε
827 1701 883 1768 καί
903 1697 1059 1785 ἀνάρσια
1077 1702 1144 1772 ὑπ’
1160 1701 1197 1769 οό

195 1809 266 1870 τού.
288 1798 306 1871 ὁ
324 1804 360 1870 δὲ
372 1801 526 1894 ἐντούτῳ
541 1808 588 1893 τῳ
601 1807 694 1892 κακῷ
708 1799 881 1886 ἐχόμενος,
897 1798 982 1869 ὥστε
994 1805 1138 1892 τρέχων
1147 1807 1199 1886 περὶ

195 1907 252 1987 τῆς
268 1907 375 1989 ψυχῆς
389 1899 456 1989 πρό
470 1905 579 1969 τετοῦ
593 1899 748 1967 θανάτου
762 1898 960 1985 πεισόμενος
974 1903 1099 1971 πολλά
1116 1930 1152 1972 τε
1165 1905 1199 1971 κά

195 1998 315 2087 λυγρά,
333 2004 434 2086 ἔργον
445 1997 609 2086 ἐργάσατο
624 2001 723 2084 μέζον
736 1995 851 2083 λόγου.
875 1994 920 2077 ὡς
933 1994 1000 2083 γὰρ
1021 1998 1068 2085 δὴ
1088 2004 1199 2069 ἐδέδετο

195 2102 232 2167 ἐν
246 2096 334 2187 ξύλῳ
350 2099 569 2187 σιδηροδέτῳ,
587 2097 834 2181 ἐσενειχθέντος
848 2122 914 2175 κως
930 2101 1101 2185 σιδηρίου
1119 2100 1198 2187 ἐιιρά·

194 2214 288 2281 τησε,
306 2191 425 2261 αύτίιια
439 2196 476 2262 δὲ
487 2196 673 2281 ἐμηχανᾶτο
687 2191 935 2282 ἀνδρηιότατον
949 2201 1058 2281 έργον
1075 2200 1198 2267 πάντων

193 2298 262 2360 τῶν
278 2288 372 2378 ἡμεῖς
386 2288 494 2378 ῒδμεν.
518 2292 799 2379 σταθμησάμενος
813 2291 879 2379 γάρ
895 2292 981 2371 ὅπως
997 2297 1199 2375 ἐξελεύσεταί

195 2398 229 2461 οί
247 2389 284 2460 τό
305 2388 426 2460 λοιπόν
442 2400 503 2461 τού
525 2391 645 2479 ποδὸς,
672 2391 817 2479 ἀπέταμε
833 2391 894 2462 τόν
914 2391 1047 2479 ταρσόν
1070 2400 1197 2467 ἑωυτοῦ.

192 2501 297 2564 ταῦτα
314 2496 350 2563 δέ
371 2495 529 2582 ποιήσας,
555 2492 640 2563 ὥστε
661 2493 915 2581 φυλασσόμενος
933 2490 1000 2560 ύπὸ
1027 2497 1197 2582 φυλάκων,

194 2596 350 2677 διορύξας
362 2591 424 2661 τόν
438 2610 550 2681 τοῖχον
565 2590 693 2678 ἀπέδρη
708 2595 741 2671 ἐς
761 2595 903 2679 Τεγέην,
928 2590 986 2670 τάς
1000 2591 1070 2677 μέν
1085 2596 1198 2672 νύκτας

192 2690 435 2777 πορευόμενος,
453 2691 512 2771 τάς
528 2693 563 2760 δὲ
574 2689 701 2779 ἡμέρας
715 2691 914 2759 καταδύνων
925 2693 959 2770 ές
972 2689 1067 2778 ύλην
1077 2699 1139 2764 καί
1149 2693 1198 2763 αύ

191 2786 377 2874 λιζόμενος,
393 2786 482 2856 οὕτω
498 2789 583 2857 ὥστε
596 2793 874 2875 Λακεδαιμονίων
890 2793 1060 2876 πανδημεὶ
1076 2796 1198 2880 διζημέ-

191 2910 262 2950 νων
275 2889 368 2974 τρίτη
384 2882 535 2975 εύῳρόνη
550 2891 710 2973 γενέσθαι
722 2892 759 2957 έν
773 2892 888 2978 Τεγέη,
904 2887 984 2967 τούς
1005 2889 1047 2958 δέ
1074 2896 1117 2963 έν
1141 2897 1197 2965 θέε

191 3007 269 3067 ματι
284 2983 416 3076 μεγάλῳ
431 2988 604 3074 ἐνέχεσθαι
617 2997 675 3075 τῆς
689 3015 725 3057 τε
739 2989 877 3077 τόλμης,
899 2985 1062 3076 ὁρέοντας
1074 2990 1117 3060 τό
1131 2991 1195 3080 ἡμί-

191 3106 296 3166 τομον
311 3089 373 3148 τού
388 3082 491 3165 ποδὸς
504 3092 671 3174 κείμενον,
686 3085 844 3157 ιιάιιείνον
859 3085 903 3154 ού
916 3091 1136 3173 δυναμένους
1149 3091 1195 3160 εό-

191 3192 272 3263 ρετν.
288 3175 363 3246 τότε
372 3181 435 3267 μὲν
446 3180 535 3251 ούτω
544 3182 1017 3273 διαφυγάνΛακεδαιμονίους
1027 3191 1193 3277 καταφεύ

190 3303 243 3363 γει
254 3278 287 3355 ές
297 3280 423 3365 Τεγέην
441 3282 565 3350 έοῦσαν
576 3280 640 3351 ούιι
651 3281 803 3372 ἀρθμίην
812 3288 1113 3370 Λακεδαιμονίοισι
1123 3298 1192 3359 τού

192 3399 251 3441 τον
260 3372 320 3441 τόν
329 3376 463 3463 χρόνον,
476 3376 574 3466 ύγιὴς
584 3380 620 3449 δέ
630 3383 813 3471 γενόμενος
822 3387 878 3451 ιιαί
886 3384 1192 3471 προσποιησάμενος
