2500 3925
151 275 216 338 262
528 285 777 346 HERODOTI

152 442 300 528 νομένου
318 438 500 530 ἀργυρίου,
521 439 559 510 τό
575 447 701 531 ἐγίνετο
718 446 754 514 έκ
774 452 842 514 τῶν
863 445 1011 532 ἰχθύων·
1033 445 1153 515 τούτου
1228 456 1229 485 ³

152 566 188 607 τε
202 537 242 626 δὴ
257 544 356 627 χωρὶς
368 548 430 610 τοῦ
445 538 610 629 ἀργυρίου
624 544 751 612 καὶτοῦ
766 546 1048 634 ἐπιμετρουμένου
1062 551 1153 613 σίτου
1228 542 1229 565 ³

151 642 292 730 προσήιε
307 643 487 712 ἑπτακόσια
501 644 663 713 τάλαντα·
685 649 779 713 σίτου
792 641 858 733 γάρ
874 649 1077 714 δυοκαίδεκα
1091 671 1154 731 μυ-
1228 700 1229 703 ι

151 740 268 827 ριάδας
278 744 438 829 Περσέων
448 766 483 809 τε
494 752 580 811 τοίσι
591 744 628 811 έν
638 748 683 833 τῷ
696 749 814 834 Λευκῷ
825 748 924 829 τείχεϊ
933 748 979 834 τῷ
990 745 1154 829 ένΜέμφι
1228 810 1229 815 ,

151 842 419 928 κατοικημένοισι
436 843 696 930 καταμετρέουσι
710 846 764 912 καὶ
775 858 860 912 τοῖσι
874 843 1006 911 τούτων
1018 841 1153 911 έπικού-

92 949 95 955 ’
152 962 256 1032 ροισι·
279 937 382 1028 νομός
396 941 490 1020 ἕκτος
505 933 611 1019 οὗτος.
657 942 870 1028 Σατταγύδαι
891 940 928 1009 δὲ
949 941 1005 1009 καὶ
1020 938 1154 1010 Γανδά-
1227 946 1229 979 ³

151 1067 219 1126 ριοι
234 1044 290 1109 καί
302 1043 448 1109 Δαδίκαι
462 1064 498 1107 τε
515 1040 571 1107 καί
582 1036 762 1126 Ἀπαρύται
785 1042 818 1119 ές
834 1035 942 1108 τώυτό
960 1039 1154 1125 τεταγμένοι

151 1138 379 1226 ἑβδομήκοντα
402 1140 457 1206 καί
477 1135 598 1207 ἑκατόν
618 1140 763 1207 τάλαντα
789 1142 1018 1226 προσέφερον·
1050 1134 1155 1224 νομός

151 1230 251 1316 οὗτος
265 1236 414 1325 ἕβδομος.
444 1233 509 1305 ἀπὸ
526 1236 672 1306 Σούσων
694 1242 731 1306 δὲ
745 1241 870 1325 καὶτῆς
888 1234 990 1325 ἀλλης
1003 1244 1156 1306 Κισσίων
1227 1244 1229 1289 ³

103 1353 137 1407 92
150 1334 259 1424 χύρης
271 1336 462 1422 τριηκόσια·
484 1333 587 1422 νομός
602 1334 721 1424 ὄγδοος
737 1328 844 1415 οὗτος.
867 1333 933 1405 ἀπό
950 1342 1156 1423 Βαβυλῶνος

151 1435 187 1505 δὲ
210 1435 339 1522 καὶτῆς
358 1442 475 1522 λοιπῆς
491 1431 665 1523 Ἀσσυρίης
681 1436 771 1523 χίλιαί
792 1439 825 1506 ol
847 1433 987 1524 προσήιε
1007 1435 1155 1502 τάλαντα

150 1532 316 1620 ἀργυρίου
331 1536 387 1603 καί
398 1537 514 1612 παῖδες
529 1535 675 1620 ἐκτομίαι
690 1534 920 1604 πεντακόσιοι·
931 1529 1047 1619 νομός
1063 1540 1156 1601 είνα·

149 1664 205 1717 τος
221 1627 327 1715 οὗτος.
356 1629 422 1705 ἀπό
440 1636 477 1705 δὲ
487 1633 701 1725 Ἀγβατάνων
715 1637 771 1705 καί
791 1642 848 1723 τῆς
863 1638 981 1721 λοιπῆς
995 1636 1155 1720 Μηδικῆς

150 1737 206 1805 καὶ
222 1742 438 1820 Παρικανίων
458 1739 512 1805 καὶ
531 1733 866 1823 Ὀρθοκορυβαντίων
888 1731 1100 1822 πεντήκοντά
1120 1758 1156 1799 τε

149 1835 205 1903 καί
219 1832 414 1920 τετρακόσια
428 1833 589 1901 τάλαντα·
611 1828 714 1916 νομός
729 1833 864 1910 δέκατος
876 1823 983 1911 οὗτος.
1004 1830 1155 1899 Κάσπιοι
1228 1876 1229 1887 ι

149 1933 186 2001 δὲ
200 1932 255 1999 καὶ
269 1930 400 1997 Παυσοί
414 1931 469 1999 καὶ
479 1935 695 2017 Παντίμαθοί
705 1955 741 1998 τε
755 1932 810 1998 καὶ
820 1939 983 2015 Δαρεῖται
997 1929 1032 2009 ές
1044 1924 1154 1997 τώυτό

148 2031 377 2115 συμφέροντες
391 2026 544 2121 διηκόσια
557 2027 704 2096 τάίαντα
717 2025 917 2115 ἀπαγίνεον·
938 2024 1043 2114 νομὸς
1060 2027 1153 2094 ἑνδέ·
1227 2083 1228 2086 ι

148 2153 247 2206 κατος
259 2117 365 2203 οὗτος.
389 2122 454 2193 ἀπό
466 2133 684 2214 Βακτριανῶν
696 2128 733 2194 δέ
744 2130 838 2213 μέχρι
845 2132 982 2212 Αίγίοῖν
992 2127 1156 2212 ἑξήκοντα
1227 2151 1228 2158 “

148 2228 205 2294 καὶ
225 2223 398 2311 τριηκόσια
418 2222 563 2291 τάίαντα
584 2225 689 2310 φόρος
716 2217 776 2310 ἦν·
813 2220 917 2310 νομός
942 2225 1156 2302 δυωδέκατος

100 2342 135 2396 93
149 2321 256 2404 οὗτος.
284 2319 349 2391 ἀπὸ
364 2330 553 2410 Πακτυϊκῆς
573 2326 610 2391 δὲ
624 2325 680 2392 καὶ
691 2321 871 2409 Ἀρμενίων
889 2326 943 2392 καί
963 2330 1033 2391 τῶν
1047 2343 1157 2408 προσ·
1226 2347 1227 2378 f

148 2430 250 2514 εχέων
269 2426 364 2511 μέχρι
385 2429 445 2490 τοῦ
466 2420 594 2490 πόντου
616 2427 677 2487 τοῦ
694 2417 859 2500 Εὐξείνου
879 2421 1079 2506 τετρακόσια
1094 2420 1156 2489 τά·

147 2534 268 2592 ίαντα·
289 2518 392 2607 νομός
406 2517 515 2606 τρίτος
531 2521 585 2586 καὶ
599 2520 735 2596 δέκατος
751 2511 858 2597 οὗτος.
880 2515 946 2586 ἀπὸ
963 2519 1000 2586 δὲ
1014 2527 1157 2606 Σαγαρ-
1225 2567 1226 2590 ι

90 2692 94 2699 ,
146 2631 228 2691 τίων
248 2623 304 2691 καὶ
323 2623 530 2706 Σαραγγέων
555 2620 610 2685 καί
630 2625 834 2703 Θαμαναίων
859 2620 915 2685 καὶ
937 2616 1074 2687 Οὐτίων
1100 2623 1158 2687 καί.
1225 2627 1226 2633 ’

148 2722 282 2790 Μύκων
297 2723 439 2789 καὶτῶν
459 2720 495 2785 ἐν
515 2723 588 2805 τῇσι
610 2717 743 2804 νησοισι
764 2719 946 2786 οἰκεόντων
966 2727 1038 2787 τῶν
1060 2723 1098 2788 έν
1116 2729 1156 2809 τῇ
1224 2743 1225 2746 ’

88 2859 92 2866 ·
143 2817 291 2907 Ἐρυθρῇ
304 2816 477 2904 θαλάσση,
500 2817 536 2882 ἐν
553 2822 628 2902 τῇσι
645 2813 723 2894 τούς
738 2813 975 2897 ἀνασπάστους
990 2823 1157 2905 καλεομέ-

146 2943 228 2994 νους
243 2920 418 2994 κατοικίζει
432 2911 606 3002 βασιλεύς,
621 2911 687 2981 ἀπό
701 2916 831 2983 τούτων
842 2915 982 2984 πάντων
997 2919 1157 2998 ἑξακόσια
1223 2963 1224 2970 1

145 3013 292 3083 τάίαντα
320 3014 445 3096 ἐγένετο
471 3009 593 3097 φόρος·
626 3009 729 3097 νομός
755 3017 909 3101 τέταρτος
934 3017 991 3083 καὶ
1017 3019 1158 3094 δέκατος

146 3105 255 3189 οὗτος.
299 3109 410 3178 Σάκαι
426 3109 463 3177 δὲ
475 3110 531 3175 καὶ
541 3108 689 3176 Κάσπιοι
704 3111 912 3198 πεντήκοντα
930 3115 985 3180 καὶ
997 3115 1158 3199 διηκόσια

146 3204 283 3291 ἀγίνεον
304 3206 466 3272 τάλαντα·
498 3201 602 3290 νομὸς
626 3211 773 3291 πέμπτος
797 3211 853 3276 καί
878 3212 1017 3288 δέκατος
1043 3203 1153 3290 οὗτος.

145 3303 282 3387 Πάρθοι
296 3305 333 3370 δὲ
346 3307 402 3371 καὶ
410 3305 597 3391 Χοράσμιοι
612 3308 668 3372 καὶ
679 3308 806 3393 Σόγδοι
819 3335 856 3377 τε
866 3308 1042 3398 καὶἈριοι
1058 3337 1157 3398 τριη-

98 3419 133 3473 94
147 3400 245 3468 κόσια
259 3401 421 3468 τάλαντα·
444 3399 548 3486 νομός
561 3403 656 3480 ἕκτος
670 3407 726 3471 καὶ
739 3409 876 3487 δέκατος
891 3401 1001 3489 οὗτος.
1043 3417 1158 3496 Παρι-

146 3499 258 3566 κάνιοι
273 3499 310 3566 δὲ
323 3502 379 3566 καὶ
393 3506 555 3578 Αἰθίοπες
569 3506 603 3569 oc
618 3503 654 3569 έκ
675 3511 732 3589 τῆς
745 3503 854 3593 Ἀσίης
875 3511 1077 3598 τετρακόσια
1094 3510 1157 3580 τά-
1221 3465 1222 3551 ἀ
