2500 3925
205 239 270 300 m
582 236 837 296 HERODOTI

161 411 193 491 a)
205 398 404 476 ἐπελθόντες
412 395 465 467 έπλ
474 392 554 474 τοὺς
564 394 711 481 έφόρονς
721 419 728 434 ·
740 393 917 481 Ἐπερψαν
925 393 1039 481 ἡμέας
1050 389 1202 482 Ἀθηναῖοι

204 504 373 589 λέγοντες,
390 497 441 566 ότι
450 495 532 584 ἡμίν
543 494 731 584 βασιλεὺςὺ
745 494 878 584 Μήδων
890 501 992 564 τοῦτο
1003 498 1080 583 μέν
1088 494 1153 583 αὴν
1161 497 1203 581 χό

205 625 270 687 ρην
284 595 454 681 ἀποδιδοί,
471 601 570 663 τοῦτο
583 595 618 662 δέ
630 595 825 681 συμμάχους
839 595 949 663 έθέλει
966 591 1024 662 ἐπ’
1044 603 1110 682 δση
1124 618 1159 660 τε
1170 597 1203 660 κά

203 699 302 788 ὁμοίῃ
317 695 523 784 ποιήσασθαι
538 693 621 761 ἀνευ
636 712 672 762 τε
692 695 797 762 δόλου
813 695 869 763 καὶ
883 691 1034 778 ἀπάτης,
1061 693 1203 761 έθέλιιά

203 799 259 866 καλ
274 795 380 882 ἀλλην
393 792 507 880 χώρην
521 791 604 879 πρός
615 797 656 881 τῃ
666 790 810 882 ἡμετέρῃ
821 791 970 878 διδόναι,
988 789 1062 878 τὴν
1073 787 1124 858 ἀν
1133 790 1203 890 αὑτά

204 895 373 981 ἑλώμεθα·
395 890 489 980 ἡμελς
503 893 539 959 δλ
549 897 617 960 Δία
632 911 669 958 τε
677 889 854 978 Ἑλλήνιον
863 893 1090 968 αίδεσθέπες
1100 889 1203 975 ιιαὶτὴι

198 992 340 1063 Ἐλλάδα
356 988 471 1059 δεινόν
487 989 682 1075 ποιεύμενοι
695 994 884 1077 προδοῦναι
898 987 940 1056 οδ
955 995 1203 1076 καταινέσαμεν,

204 1089 288 1160 ἀλλά
304 1088 530 1174 ἀπειπάμεθα,
546 1093 664 1174 καίπερ
676 1085 888 1176 ἀδικεόμενοι
898 1084 959 1156 ὑπ’
972 1087 1158 1176 Ἑλλήνων
1170 1094 1203 1157 τό

203 1186 524 1275 καταπροδιδόμενοι
535 1187 751 1272 ἐπιστάμενοί
757 1213 794 1255 τε
804 1186 854 1255 ότι
864 1189 1152 1278 κερδαλεώτερόν
1160 1192 1204 1257 ἐστι

204 1283 398 1371 ὁμολογέειν
417 1289 463 1376 τῷ
482 1287 596 1371 Πέρσῃ
617 1291 747 1371 μᾶλλον
762 1283 847 1372 ἥπερ
863 1291 1066 1371 πολεμέειν·
1104 1288 1150 1356 οὐ
1166 1291 1204 1374 μὲι

204 1385 284 1456 οὐδὲ
301 1384 553 1473 ὁμολογήσομεν
565 1386 698 1464 έκόντες
714 1383 808 1454 εἶναι.
831 1389 887 1454 καί
900 1383 938 1452 τὸ
949 1386 1014 1472 μὲν
1031 1385 1101 1455 ἀπ’
1115 1387 1204 1476 ἡμέων

159 1488 191 1572 β)
204 1484 293 1554 οὑτω
307 1481 490 1572 ἀκίβδηλον
505 1481 563 1552 έδν
578 1487 710 1571 νέμεται
721 1481 1045 1572 έπλτοὺςἚλλῃνας.
1065 1487 1204 1576 ’Ῥμεῖςίε

204 1589 237 1664 ές
253 1591 366 1652 πᾶσαν
381 1581 551 1682 ἀρρωδίην
568 1585 643 1652 τότε
663 1581 861 1670 ἀπικόμενοι
881 1582 925 1670 μὴ
949 1581 1203 1675 ὁμολογήσωμεν

203 1690 249 1775 τῷ
263 1685 393 1772 Πέρσῃ,
420 1681 525 1749 ἐπείτε
550 1682 728 1767 ἐξεμάθετε
747 1679 785 1749 τό
801 1679 962 1768 ἡμέτερον
976 1682 1154 1770 φρόνημα
1166 1704 1204 1750 σι-

204 1783 309 1869 φέως,
334 1781 385 1850 ότι
403 1778 535 1866 οάδαμά
550 1779 773 1866 προδώσομεν
791 1777 854 1865 τὴν
872 1776 1033 1866 Ἑλλάδα,
1061 1785 1128 1848 καὶ
1144 1779 1206 1847 διότι

202 1894 307 1967 τεῖχος
322 1877 403 1967 ὑμῖν
420 1873 474 1946 διά
493 1885 554 1946 τοῦ
571 1875 708 1965 Ἰσθμοῦ
724 1877 951 1965 ἐλαυνόμενον
972 1880 1010 1946 ἐν
1025 1881 1130 1947 τέλεϊ
1148 1883 1208 1961 ἐστι,

203 1982 258 2048 καί
269 1977 311 2065 δὴ
323 1979 426 2065 λόγον
437 1976 560 2047 οὐδένα
571 1986 640 2045 τῶν
650 1976 842 2066 Ἀθηναίων
852 1982 1027 2068 ποιέεσθε,
1045 1986 1208 2067 συνθέρε

202 2082 259 2145 νοί
275 2100 311 2143 τε
330 2073 410 2162 ἡμῖν
433 2074 493 2144 τδν
511 2080 649 2163 Πέρσην
669 2075 896 2145 ἀντιώσεσθαι
912 2081 946 2157 ές
963 2077 1030 2165 τὴν
1051 2086 1210 2165 Βοιωτίην

202 2173 452 2261 προδεδώκατε,
473 2177 656 2258 περιείδετέ
670 2200 705 2243 τε
722 2176 907 2261 ἐσβαλόντα
927 2179 960 2255 ές
979 2174 1046 2263 τήν
1066 2176 1211 2263 Ἀττιπὴι

202 2274 262 2343 τόν
273 2272 458 2362 βάρβαρον.
482 2276 515 2352 ές
525 2276 588 2359 μέν
601 2298 668 2340 ννν
678 2270 716 2340 τδ
726 2270 856 2359 παρεόν
866 2271 1044 2360 Ἀθηναῖοι
1055 2274 1152 2363 ὑμῖν
1164 2304 1213 2364 μη-

203 2384 329 2447 νίουσι·
358 2371 400 2444 οὑ
415 2370 479 2462 μάρ
501 2373 676 2461 ἐποιήσατε
691 2376 884 2462 ἐπιτηδέως·
911 2376 978 2441 νῦν
995 2376 1036 2443 δὲ
1051 2374 1116 2445 ὅτι
1128 2379 1214 2463 τάχος

203 2470 361 2563 στρατιὴν
383 2470 452 2559 ἅμα
472 2468 553 2560 ἡμίν
568 2475 748 2540 έκέλενσαν
762 2470 867 2559 ὑμέας
883 2474 1089 2562 ἐκπέμπειν,
1120 2475 1169 2556 ώς
1183 2473 1214 2543 ἀι

202 2572 263 2643 τὸν
272 2574 446 2661 βάρβαρον
457 2571 635 2658 δεκώμεθα
647 2573 685 2638 έν
696 2578 735 2659 τῇ
745 2569 883 2660 Ἀττικῇ.
898 2568 1011 2657 ἐπειδὴ
1024 2571 1102 2659 γὰρ
1113 2572 1215 2660 ἡμάρ

202 2684 303 2757 τομεν
316 2676 373 2756 τῆς
383 2673 554 2757 Βοιωτίης,
569 2676 625 2755 τῆς
640 2694 679 2755 γε
693 2666 853 2757 ἡμετέρης
864 2668 1147 2756 ἐπιτηδειότατόν
1161 2678 1214 2741 έσιι

168 2792 185 2844 8
202 2776 449 2860 έμμαχέσασθαι
467 2768 504 2837 τό
520 2772 684 2858 Θριάσιον
699 2775 825 2840 πεδίον.
854 2768 913 2849 Ὡς
929 2768 1050 2853 δέάρα
1060 2769 1215 2859 ’ἥκουσαι

203 2878 237 2943 ολ
252 2878 369 2958 έφοροι
384 2878 503 2958 ταῦτα,
520 2870 744 2959 ἀνεβάλλονὲο
758 2875 791 2950 ές
801 2870 864 2959 τὴν
875 2866 1062 2957 ὑστεραίην
1072 2872 1214 2960 ὑποκρί-

202 2980 345 3057 νασθαι,
359 2974 399 3058 τῇ
411 2970 447 3038 δέ
464 2968 623 3061 ὑστεραίῃ
639 2974 671 3049 ές
684 2963 747 3058 την
764 2972 889 3058 έτέρην.
918 2977 1018 3038 τοῦτο
1039 2973 1081 3039 δὲ
1099 2978 1163 3043 καὶ
1176 2974 1214 3041 ἐπὶ

202 3070 281 3137 δέκα
295 3064 418 3156 ἡμέρας
434 3072 581 3157 έποίεον,
598 3072 631 3151 έξ
648 3068 772 3157 ἡμέρης
786 3071 819 3148 ές
833 3068 961 3157 ἡμέρην
977 3065 1214 3157 ἀναβαλλόμε

201 3194 265 3238 νοι.
296 3168 332 3235 έν
348 3168 383 3235 δὲ
399 3168 514 3261 τούτῳ
527 3174 573 3258 τῷ
587 3167 698 3257 χρόνῳ
713 3166 776 3235 τόν
793 3162 930 3255 Ἰσθμόν
945 3168 1100 3254 έτείχεον
1116 3185 1214 3238 σπον

202 3262 265 3351 δὴν
280 3270 408 3350 ἔχοντες
422 3264 551 3351 πολλὴν
569 3266 692 3345 πάντες
706 3266 993 3354 Πελοποννήσιοι,
1014 3271 1082 3337 καί
1097 3290 1167 3357 σφι
1183 3262 1214 3353 ἦν

201 3360 285 3448 πρὸς
299 3364 392 3430 τέλεί.
422 3359 497 3429 οὐδ’
515 3368 577 3449 έχω
594 3362 681 3431 εἶπαι
696 3361 733 3431 τδ
750 3366 876 3451 αίτιον,
901 3364 986 3433 διότι
1002 3360 1214 3454 ἀπικομένου

203 3464 263 3545 μὲν
274 3458 494 3546 Ἀλεξάνδρου
503 3470 564 3530 τοῦ
572 3465 773 3543 Μακεδόνος
785 3467 817 3543 ές
828 3463 974 3553 Ἀθήνας
985 3466 1157 3555 δπονδὴν
1166 3491 1211 3553 με
