2500 3925
316 237 404 296 LIB.
438 238 485 294 lv.
520 238 619 296 cAP.
652 243 797 299 ⁴245.
996 235 1061 303 ⁸18

68 420 96 462 τε
109 392 246 464 ἐπάθετο
265 396 402 483 τάχιοτα
415 394 476 466 τὰν
497 396 665 485 δεσπότην
677 397 951 485 τετελευτηκότα,
974 404 1060 487 έχων

67 492 201 580 χρήματα
225 497 370 584 μεγάλα,
393 494 434 566 τά
455 496 587 583 Σάμιος
608 497 696 585 ἀνήρ
721 498 877 585 κατέσχε,
907 506 969 570 τοῦ
985 503 1059 571 ἐκι-

69 591 213 678 στάμενος
227 592 264 663 τὸ
281 594 412 683 οὔνομα
428 592 515 665 έκῶν
529 594 742 683 ἐπιλήθομαι.

141 698 203 780 Τής
217 694 254 762 δὲ
266 690 376 782 Ἀσίης
388 693 428 765 τά
443 693 551 765 πολλά
566 692 635 764 ὑπὸ
650 702 802 783 Δαρείου
819 700 998 788 ἐξευρέθη,
1019 700 1057 781 ὃς
1070 704 1106 759 4⁴

68 789 256 880 βουλόμενος
266 788 375 861 Ἰνδδν
395 789 564 881 ποταμὸν,
588 791 625 873 ἀς
645 797 882 880 κροκοδείλους
903 797 1060 882 δεύτερος

66 881 150 969 αὐτος
162 898 324 979 ποταμοῖν
334 891 472 961 πάντων
486 892 680 979 παρέχεται,
693 898 817 961 τοῦτον
830 890 893 962 τδν
906 893 1058 983 ποταμὸν

66 992 171 1058 εἰδέναι
185 997 226 1081 τῇ
241 993 275 1071 ἐς
289 988 469 1061 θάλασσαν
486 994 628 1078 ἐκδιδοῖ,
644 994 765 1077 πέμπει
777 998 924 1063 πλοίοισι
935 993 1059 1075 ἀλλους

67 1113 105 1171 ιε,
121 1102 201 1157 τοῖσι
218 1092 371 1159 ἐπίστευε
382 1088 446 1179 τήν
459 1086 620 1178 ἀλήθειαν
636 1091 754 1178 έρέειν,
770 1093 827 1159 καὶ
836 1087 878 1178 δή
893 1095 949 1161 καὶ
958 1092 1056 1163 Σκύ-

66 1192 135 1253 λοκα
151 1186 261 1271 ἀνδρα
275 1190 486 1279 Καρυανδέα.
510 1193 545 1258 οί
556 1190 593 1257 δέ
604 1186 811 1277 ὁρμηθέντες
825 1192 862 1259 ἐκ
873 1192 1057 1261 Κασπατύ-

65 1310 115 1367 ρου
126 1310 160 1353 τε
173 1284 293 1365 πόλιος
307 1288 362 1356 καὶ
378 1294 437 1375 τῆς
448 1292 641 1373 Πακτυικῆς
660 1292 722 1373 γῆς
741 1292 874 1356 έπλωον
893 1287 977 1357 κατὰ
992 1314 1057 1359 κο·

64 1383 152 1471 ιομδυ
168 1383 255 1475 πρὸς
270 1383 320 1475 ήιθ
334 1413 371 1456 τε
384 1390 440 1456 καὶ
453 1381 552 1474 ήλίου
569 1381 735 1464 ἀνατολάς
749 1387 783 1465 ἐς
796 1386 985 1473 θάλασσαν,
999 1385 1056 1455 διά

64 1486 220 1576 θαλάσσης
244 1490 281 1556 δὲ
304 1486 389 1574 πρὸς
414 1488 558 1574 ἑσπέρην
582 1486 751 1564 πλάοντες
773 1493 957 1578 τριηκοστῷ
976 1489 1057 1573 μηνὶ

62 1584 263 1656 ἀπικνέονται
285 1588 319 1665 ἐς
337 1592 460 1655 τοῦτον
478 1583 540 1654 τδν
562 1590 690 1671 χῶρον,
713 1580 800 1651 ὅθεν
820 1579 839 1651 ὁ
859 1588 1056 1669 Αἰγυπτίων

61 1682 201 1769 βασιλεάς
216 1682 298 1763 τούς
309 1691 486 1770 Φοίνικας,
501 1681 581 1762 τούς
592 1682 759 1769 πρότερον
777 1680 868 1768 εἶπα,
884 1680 1055 1751 ἀπέστειλε

61 1782 251 1869 περιπλώειν
271 1784 414 1873 Λιβύην.
446 1780 529 1870 μετά
555 1781 592 1850 δὲ
616 1779 759 1860 τούτους
781 1780 1055 1867 περιπλώσαντας

58 1878 165 1966 Ἰνδούς
179 1912 218 1955 τε
233 1890 476 1971 κατεστρέψατο
492 1895 637 1974 Δαρεῖος
655 1886 712 1951 καλ
726 1888 767 1973 τῇ
780 1883 937 1973 θαλάσση
950 1879 1055 1972 ταάτη

60 1985 167 2068 ἐχρᾶτο.
201 1984 293 2055 οὕτω
314 1990 440 2073 καὶτῆς
458 1983 583 2072 Ἀσίης,
602 1981 692 2071 πλήν
713 1979 755 2052 τά
769 1979 854 2073 πρδς
867 1980 965 2071 ἥλιον
980 1979 1056 2050 ἀυά-

61 2103 164 2168 οχοντα
170 2135 181 2171 ,
197 2080 241 2153 τὰ
252 2081 337 2154 ἀλλα
353 2082 535 2172 ἀνεύρηται
547 2081 647 2172 ὁμοία
657 2083 867 2173 παρεχομένη
881 2089 922 2172 τῇ
932 2080 1052 2170 Λιβύη.

122 2180 165 2250 Ἡ
172 2185 212 2250 δὲ
224 2178 373 2270 Εὐρώπη
389 2180 473 2270 πρὸς
488 2180 649 2270 οὐδαμῶν
663 2179 796 2270 φανερή
806 2183 875 2249 ἐστι
887 2200 1055 2267 γινωσκο-
1068 2183 1104 2237 ⁴5

60 2281 143 2366 μένη,
169 2279 251 2349 οὔτε
272 2278 313 2349 τά
335 2279 419 2367 πρὸς
439 2279 538 2368 ήλιον
559 2278 785 2349 ἀνατέλλοντα
809 2277 888 2347 οὐτε
908 2276 948 2348 τά
970 2275 1055 2364 πρὸς

59 2383 183 2468 βορέην,
210 2385 241 2448 εί
260 2380 461 2469 περίρρυτος
483 2383 568 2450 ἐστι·
590 2379 691 2467 μήκει
703 2378 740 2446 δὲ
756 2378 955 2465 γινώσκεται
970 2373 1051 2467 παρ’

60 2475 235 2564 ἀμφοτέρας
246 2479 455 2567 παρήκουσα.
480 2477 555 2548 οὐδ’
573 2484 636 2565 ἐχω
648 2479 890 2565 συμβαλέσθαι,
903 2475 955 2545 ἐπ’
974 2473 1054 2545 ὅτευ

59 2586 106 2666 μή
127 2579 230 2669 έούοη
255 2586 299 2668 γῇ
325 2576 498 2667 οὐνόματα
525 2577 687 2666 τριφάσια
707 2576 834 2660 κέεται,
864 2578 1054 2661 ἐπωνυμίας

60 2682 161 2761 ἔχοντα
174 2684 369 2766 γυναικῶν,
390 2681 446 2747 καὶ
463 2676 649 2765 οὐρίσματα
664 2673 750 2765 αὐτῇ
764 2673 887 2753 Νεῖλός
902 2700 939 2742 τε
953 2671 971 2742 ὁ
990 2677 1054 2740 Αί-

58 2775 183 2858 γάπτιος
196 2774 346 2865 ποταμὸς
365 2777 464 2864 ἐτέθη
485 2779 541 2845 καλ
555 2783 662 2854 Φᾶσις
683 2770 702 2843 ὁ
719 2773 848 2860 Κόλχος
865 2776 916 2862 (οί
930 2771 966 2840 δέ
985 2770 1054 2840 Τά-

60 2891 122 2942 ναιν
135 2872 288 2963 ποταμὸν
301 2872 363 2943 τὸυ
379 2874 541 2964 Μαιήτην
556 2878 611 2945 καὶ
624 2872 809 2963 Πορθμήια
828 2871 869 2943 τά
885 2872 1053 2960 Κιμμέρια

61 2971 212 3061 λέγουσι),
236 2971 316 3043 οὐδὲ
337 2981 406 3042 τῶν
421 2974 668 3061 διουρισάντων
688 2972 729 3043 τά
750 2971 922 3060 οὐνόματα
942 2970 1054 3040 πυθέ-

62 3079 144 3157 σθαι,
165 3075 220 3142 καὶ
236 3071 322 3142 ὅθεν
338 3078 457 3142 ἔθεντο
472 3071 531 3154 τάς
546 3076 745 3162 ἐπωνυμίας.
776 3069 840 3161 ήδη
857 3068 923 3157 γάρ
941 3069 1053 3156 Λιβύη

61 3164 111 3248 μὲν
123 3171 174 3238 ἐπὶ
184 3169 315 3257 Λιβύης
326 3171 457 3257 λέγεται
473 3170 539 3241 ὑπὸ
554 3180 623 3242 τῶν
633 3180 769 3243 πολλῶν
779 3169 950 3258 Ἑλλήνων
965 3174 1053 3255 ἔχειν

62 3263 90 3330 τὸ
101 3266 224 3354 οὔνομα
235 3266 400 3355 γυναικὸς
409 3268 666 3363 αὐτόχθονος,ή
683 3274 719 3343 δέ
730 3271 820 3358 ’Λσίη
833 3273 884 3340 ἐπὶ
895 3276 953 3358 τῆς
959 3279 1053 3358 Προ-

62 3364 172 3450 μηθέος
186 3366 349 3456 γυναικὸς
363 3365 426 3456 τήν
441 3372 643 3462 ἐπωνυμίην.
667 3377 723 3441 καὶ
736 3367 861 3440 τούτου
874 3370 938 3457 μέν
951 3395 1053 3457 μετα·
1114 3437 1120 3448 ,

62 3466 273 3554 λαμβάνονται
288 3473 349 3536 τοῦ
364 3465 551 3558 οὐνόματος
567 3474 689 3559 Λυδοὶ,
713 3469 858 3556 φάμενοι
873 3469 926 3536 ἐπὶ
936 3466 1050 3537 Ἀσίεω
