2500 3925
325 205 408 302 m
441 244 487 300 IX.
521 243 620 301 GAP.
655 249 758 304 108-
771 251 831 304 111.
1013 244 1077 310 341

49 531 135 572 υωυ
150 473 310 590 γλῦσσαύ
320 505 451 570 τέλεον
473 501 547 570 τότε
558 497 660 569 καί
623 497 847 587 τηνκεφαλήν
858 509 997 589 σμᾶται
991 509 1077 570 αοῦ·

51 630 126 670 νον
136 597 299 692 βασιλεύς
309 603 365 669 καί
374 604 506 688 Πέρσας
521 601 705 688 δωρέεται,
721 599 847 686 ταύτην
861 599 953 687 δή
917 627 980 688 την
993 599 1076 689 ἡμέ-

51 729 127 789 ρην
145 697 360 788 φυλάξασα“
343 726 364 785 η
376 697 556 786 ’Ἄμηστρις
570 702 694 784 χρηίζει
712 722 774 765 του
759 700 914 785 Ξέρξεω
931 703 1079 786 δοθῆναί

53 805 94 868 ol
108 795 177 884 τήν
193 803 373 866 Μασίστεω
388 811 541 882 γυναῖκα.
570 794 587 865 ὁ
604 796 642 863 δὲ
656 795 770 863 δεινόν
790 799 896 865 τεκαὶ
910 794 1076 887 ἀνάρσιον

54 900 213 964 ἐποιέετο
226 901 325 964 τοῦτο
336 898 399 982 μὲν
409 892 577 980 ἀδελφεοῦ
586 907 732 980 γυναῖκα
742 891 964 985 παραδοῦναι,
975 904 1074 967 τοῦτο
1201 899 1204 902 ’

55 994 98 1062 δὲ
116 991 275 1081 ἀναιτίην
291 996 414 1062 έοῦσαν
427 1000 489 1060 τοῦ
503 992 697 1081 πρήγματος
709 993 849 1060 τούτου·
870 1002 996 1086 συνῆκε
1009 993 1074 1082 γάρ

55 1100 124 1161 τοῦ
140 1095 271 1161 εἵνεκεν
282 1094 399 1160 έδέετο.
427 1095 528 1169 Τέλος
541 1091 655 1177 μέντοι
667 1093 795 1176 ἐκείνης
805 1117 840 1160 τε
851 1093 1075 1182 λιπαρεούσης
1089 1114 1138 1167 lll

57 1196 118 1263 καὶ
135 1189 204 1260 ύπδ
220 1198 281 1259 τοῦ
295 1191 404 1278 νόμον
418 1191 649 1277 ἐξεργόμενος,
664 1188 716 1259 ὅτι
730 1188 890 1278 ἀτυχῆσαι
904 1190 965 1261 τὸν
978 1200 1074 1282 χρηί-

59 1300 162 1374 ζοντα
178 1289 221 1358 οῦ
234 1311 295 1377 σφι
312 1290 460 1360 δυνατόν
471 1295 539 1360 ἐστι
550 1297 728 1378 βασιληίου
739 1295 879 1361 δείπνου
893 1298 1073 1381 προκειμέ-

60 1414 145 1474 νου,
170 1386 275 1472 κάρτα
296 1386 336 1476 δή
355 1386 465 1458 ἀέκων
485 1389 679 1475 κατανεύει,
705 1392 761 1457 καί
780 1390 953 1477 παραδούς
967 1396 1071 1462 ποιέει

63 1483 146 1558 ὦδε·
176 1485 238 1578 τήν
252 1489 314 1576 μὲν
336 1489 466 1558 κελεύει
486 1492 614 1558 ποιέειν
633 1486 674 1555 τά
688 1488 861 1576 βούλεται,
883 1487 955 1559 ὁδὲ
971 1517 1073 1578 μετα-

63 1585 280 1673 πεμψάμενος
294 1583 355 1654 τὸν
368 1583 536 1673 ἀδελφεὸν
549 1589 640 1673 λέγει
652 1587 749 1654 τάδε·
771 1595 946 1676 Μασίστα,
967 1587 1011 1657 σῦ
1026 1589 1072 1668 είς

68 1692 214 1773 Δαρείου
228 1710 264 1753 τε
277 1698 354 1764 παίς
368 1687 424 1752 καί
438 1681 515 1770 έμός
530 1681 703 1772 ἀδελφεὸς,
718 1682 804 1772 πρδς
814 1683 850 1754 δ’
866 1693 913 1755 έτι
923 1687 1072 1756 τούτοισι

63 1787 120 1852 καί
131 1782 176 1862 εἷς
187 1778 274 1869 ἀνήρ
286 1779 424 1868 ἀγαθός.
447 1785 583 1866 γυναικὶ
594 1785 632 1850 δὲ
641 1782 746 1871 ταύτη
758 1790 798 1873 τῇ
808 1790 875 1852 νῦν
886 1787 1071 1864 συνοικέεις

63 1881 108 1971 μή
127 1887 295 1970 συνοίκεε,
310 1878 394 1950 ἀλλά
410 1907 461 1948 τοι
476 1879 550 1949 ἀντ’
569 1880 671 1969 αὐτῆς
685 1878 750 1969 έγά
766 1885 885 1969 δίδωμι
898 1886 1070 1970 θυγατέρα

63 1983 126 2107 τήν
141 1984 232 2071 έμήν.
255 1982 358 2071 ταύτη
369 1988 540 2051 συνοίκεε·
561 1980 624 2069 τήν
639 1983 676 2051 δὲ
686 1990 753 2051 νῦν
767 1989 860 2071 ἔχεις,
876 1981 918 2051 ού
932 1981 998 2070 γὰρ
1011 1987 1070 2050 δο-

65 2086 133 2151 κέει
148 2084 228 2168 ἐμοὶ,
244 2106 288 2168 μη
277 2078 356 2166 ίχε
368 2094 521 2167 γυναῖκα.
545 2107 564 2149 ο
553 2080 616 2150 δέ
630 2089 804 2168 Μασίστης
840 2078 1071 2167 ἀποθωμάσας

64 2179 106 2250 τά
122 2181 284 2301 λεγόμενα
298 2183 387 2267 λέγει
403 2182 499 2250 τάδε·
517 2174 557 2250 Ὦ
571 2186 724 2288 δέσποτα,
739 2189 814 2250 τίνα
825 2208 882 2269 μοι
898 2182 1001 2270 λόγον
1014 2184 1071 2251 λέ-
1094 2226 1102 2239 ·

65 2309 134 2371 γεις
152 2279 331 2367 ἀχρήστου,
353 2282 503 2350 κελεύων
516 2307 558 2367 με
574 2233 737 2367 γυναίκά,
758 2284 796 2349 έκ
812 2288 870 2367 τῆς
883 2307 941 2368 μοι
955 2285 1071 2361 παῖδες
1118 2336 1123 2339 .

66 2386 192 2466 νεηνίαι
205 2384 286 2448 τέί
256 2406 271 2447 ε
284 2399 317 2448 σι
332 2391 420 2466 τρεῖς
435 2380 490 2445 καί
500 2381 702 2465 θυγατέρες,
717 2385 785 2447 τῦν
800 2382 855 2447 καί
872 2375 916 2447 σύ
931 2385 1054 2470 μίαν
1022 2385 1069 2445 τῦ

66 2482 210 2549 παιδὶ
167 2506 210 2569 τςο
221 2485 371 2546 σεωυτοῦ
380 2474 504 2565 ήγάγεο
516 2491 671 2565 γυναῖκα,
683 2475 766 2565 αῦτη
758 2479 816 2546 ’τέ
823 2503 881 2565 μοι
891 2476 975 2546 κατὰ
984 2477 1069 2547 νόου

66 2577 218 2665 τυγχάνει
232 2575 338 2664 κάρτα
353 2578 471 2663 ἐοῦσα,
487 2577 612 2665 ταύτην
625 2602 667 2664 με
684 2577 831 2657 κελεύεις
844 2580 984 2664 μετέντα
1000 2587 1069 2645 θυ-

67 2678 183 2764 γατέρα
196 2672 259 2762 τήν
273 2680 425 2743 σεωυτοῦ
440 2682 559 2761 γῆμαις
580 2672 645 2761 έγύ
661 2676 716 2762 δέ,
730 2682 886 2763 βασιλεῦ,
908 2680 992 2763 μέγα
1005 2675 1067 2762 μὲν

68 2782 218 2863 ποιεῦμαι
237 2772 433 2862 ἀξιεύμενος
446 2770 620 2861 θυγατρὸς
640 2781 698 2861 τῆς
712 2781 788 2862 σῆς,
808 2775 938 2861 ποιήσω
952 2776 1067 2861 μέντοι

69 2876 190 2945 τούτων
210 2872 377 2960 οὐδέτερα.
405 2870 448 2940 σύ
470 2872 506 2941 δέ
525 2878 686 2961 μηδαμῶς
704 2881 768 2962 βιοῦ
787 2874 979 2962 πρήγματος
995 2898 1067 2942 τοι-

71 2971 328 3059 οῦδεδεόμενος·
357 2968 440 3039 ἀλλά
461 2978 501 3059 τῇ
514 2997 551 3039 τε
567 2978 610 3061 σῇ
623 2977 769 3060 θυγατρί
783 2969 869 3061 ἀνήρ
883 2970 983 3050 ἀλλος
998 2995 1067 3057 φα-

71 3071 195 3158 νήσεται
216 3073 296 3157 έμεῦ
317 3067 418 3137 οῦδὲν
439 3071 564 3157 ἕσσων,
590 3074 651 3157 έμέ
671 3096 706 3139 τε
727 3077 765 3139 ἔα
787 3073 923 3157 γυναικί
943 3077 983 3159 τῇ
1005 3073 1066 3158 έμῇ

73 3173 255 3241 συνοικέειν.
292 3167 329 3239 ‘0
343 3170 406 3258 μὲν
421 3169 462 3257 δή
477 3172 659 3241 τοιούτοισι
679 3169 865 3259 ἀμείβεται,
888 3166 1011 3259 Ξέρξης
1028 3171 1080 3238 δέ’
1097 3235 1100 3239 ,

72 3272 233 3356 θυμωθείς
246 3275 334 3357 λέγει
347 3269 443 3339 τάδε’
473 3269 572 3340 Οῦτω
584 3296 654 3357 τοι,
674 3276 848 3357 Μασίστα,
869 3272 1063 3357 πέπρηκται.

73 3366 142 3437 ούτε
156 3363 216 3454 γάρ
238 3366 282 3436 ἀν
298 3395 349 3437 τοι
365 3372 461 3456 δοίην
477 3372 650 3456 θυγατέρα
664 3366 727 3457 τήν
746 3366 830 3455 έμήυ
845 3374 965 3456 γῆμαι,
986 3363 1063 3437 οῦτε

73 3470 171 3557 έκείνη
187 3465 309 3537 πλέονα
330 3467 455 3556 χρόνον
475 3468 703 3557 συνοικήσεις,
723 3464 767 3546 ἀς
787 3467 900 3558 μέθης
912 3463 954 3536 τά
970 3465 1059 3537 διδύ
