2500 3925
406 256 492 314 ιιΒ.
524 258 544 313 1.
579 256 679 316 οΑι».
713 256 856 315 ,ιο-ει.
1088 251 1131 318 29

125 417 215 501 ἔχειν
230 426 375 501 γυναῖκα
387 416 439 482 ἐπὶ
454 421 494 505 τῇ
508 418 693 505 τυραννίσι.
711 417 935 503 ἐνδεξαμένου
948 420 985 487 δέ
998 414 1060 486 τὸν
1070 416 1130 487 λό-

125 538 189 600 γον
204 513 260 579 καὶ
275 506 545 601 ὁμολογήσαντος
567 517 621 583 έπλ
643 514 792 583 τούτοισι
807 517 1051 604 Πεισιστράτου
1064 543 1131 605 μη-

124 613 301 700 χανέονται
315 609 355 699 δή
380 614 433 681 έπλ
454 620 494 703 τῇ
517 614 650 705 κατόθφ
670 620 808 701 πρῆγμα
822 610 1067 703 εὐηθέστατον,
1084 610 1130 695 οἱς

125 709 192 798 έγά
207 707 370 797 εὑρίσκω,
392 719 527 803 μακρῷ,
549 715 622 783 ἐπεί
637 738 675 799 γε
692 710 861 801 ἀπεκρίθη
876 718 914 785 έιι
928 716 1130 804 παλαιτέρου

126 818 187 879 τοῦ
203 809 380 899 βαρβάρου
395 816 514 893 ἔθνεος
526 808 564 881 τὸ
574 808 771 899 Ἑλληνικὸν
784 809 843 881 έόν
859 815 914 883 καί
933 812 1130 900 δεξιώτερον

126 913 183 979 καί
192 907 350 996 εὐηθείης
363 906 501 997 ήλιθίου
509 908 768 997 ἀπηλλαγμένον
782 917 973 998 μᾶλλον,εί
958 914 1040 979 ίκαλ
1056 909 1130 979 τότε

125 1035 166 1095 γε
180 999 275 1078 οὗτοι
287 1006 341 1077 ἐν’
339 1016 541 1095 Αθηναίοισι
556 1024 644 1077 τοῖσι
653 1011 816 1097 πρώτοισι
825 1012 1033 1097 λεγομένοισι
1045 1006 1127 1077 εἶναι

129 1106 295 1196 Ελλήνων
312 1113 436 1194 σοφίην
455 1108 675 1195 μηχανέονται
690 1109 812 1177 τοιάδε.
847 1105 902 1179 Ἐν
915 1134 961 1201 τφ
947 1107 1069 1200 ἀήμφ
1084 1114 1130 1197 τῷ

127 1197 322 1275 Παιανιέι
299 1232 344 1292 ην
354 1202 454 1291 γυνή,
469 1212 509 1295 τῇ
522 1204 655 1293 οὔνομα
665 1200 710 1294 ήν
717 1208 805 1295 Φόη,
818 1205 996 1309 μέγαθος’
977 1204 1042 1278 απὸ
1054 1223 1131 1275 τεσ-

125 1310 236 1392 σέρων
255 1306 387 1390 ιτηγέων
401 1302 629 1374 ἀπολείπουσα
650 1320 738 1394 τρεῖς
751 1301 939 1389 δακτύλους
952 1311 1009 1376 καλ
1022 1306 1131 1382 ἄλλως

125 1402 266 1491 εὐειδής.
302 1403 427 1490 ταύτην
452 1400 515 1490 τήν
538 1419 683 1489 γυναῖκα
704 1406 929 1487 σκευάσαντες
949 1415 1129 1497 πανοπλίῃ,

126 1506 162 1585 ές
175 1502 267 1591 ἅρμα
282 1504 519 1592 ἐσβιβάσαντες
540 1508 596 1573 καί
617 1507 838 1592 προδέξαντες
859 1513 985 1594 σγήμα,
1005 1502 1080 1576 οἷόν
1100 1534 1131 1575 τι

119 1610 243 1689 ’ἔμελλε
254 1599 521 1688 εὐπρεπέστατον
535 1607 723 1690 φανέεσθαι
733 1611 866 1693 έχουσα,
880 1601 1031 1693 ἤλαυνον
1044 1609 1077 1687 ές
1091 1608 1128 1675 τό

127 1702 211 1771 ἀστυ
219 1700 519 1822 ,πρρδρόμους’
476 1730 625 1824 κηρυκας
641 1706 914 1793 προπέμψαντες,
935 1714 971 1775 οἳ
980 1733 1021 1777 τα
1009 1704 1132 1775 έντε-

125 1753 302 1887 ταλμένα’
283 1800 451 1889 ηγόρευον
461 1800 540 1881 ές
505 1827 542 1870 το
555 1800 641 1871 ἀστυ
642 1801 863 1901 ἀπικόμενοι,
874 1806 1028 1890 λέγοντες
1037 1805 1131 1873 τοιά-

126 1906 179 1970 θε·
205 1892 246 1969 Ὦ
264 1896 453 1988 Ἀθηναῖοι,
481 1904 622 1972 δέκεσθε
636 1880 764 1993 ἀγαθῷ
784 1900 855 1993 νάφ
878 1910 1130 1993 Πεισίστρατον,

126 1997 186 2069 τόν
204 1996 288 2088 αὐτή
303 1997 323 2121 ή
336 1998 497 2088 Ἀθηναίη
513 2002 679 2088 τιμήσασα
690 1999 886 2088 ἀνθρώπων
896 2003 1038 2088 μάλιστα
1050 2028 1132 2071 κατ-

125 2099 201 2185 άγει
223 2103 256 2179 ές
279 2096 341 2187 τήν
356 2103 480 2186 έωυτής
502 2098 697 2185 ἀκρόπολιν.
730 2103 833 2186 Οίμὲ
834 2097 917 2188 ver}
938 2126 1043 2170 ταυτα
1057 2105 1132 2171 δια-

126 2199 318 2285 φοιτέοντες
338 2203 473 2284 ίλεγον,
496 2197 616 2267 αὐτίκα
636 2201 673 2268 δὲ
695 2205 729 2277 ές
748 2225 784 2268 τε
798 2197 877 2279 τους
891 2199 1019 2289 βήμους
1033 2202 1132 2288 φάτις

126 2295 280 2384 ἀπίκετο,
297 2293 341 2376 ὡς
351 2295 513 2385 Ἀθηναίη
527 2305 769 2382 Πεισίστρατον
785 2299 939 2388 κατάγει,
961 2301 1017 2369 καί
1031 2302 1069 2370 έν
1084 2305 1131 2387 τῷ

125 2393 1132 2485 ἀστείπειθόμενοιτήνγυναλιιαείναιαὐτήντήνθεόνπροσ-

127 2493 268 2580 εάγοντό
300 2522 337 2565 τε
365 2498 428 2586 τήν
458 2500 642 2590 ἄνθρωπον
670 2501 727 2568 καὶ
753 2500 906 2568 ἐδέκοντο
930 2506 1131 2587 Πεισίστρα-

128 2620 195 2662 τον.
225 2590 423 2682 Ἀπολαβάν
437 2598 473 2664 δὲ
486 2597 551 2683 τήν
564 2602 751 2680 τυραννίδα
769 2598 884 2690 τρόπφ
907 2607 954 2691 τῷ
970 2603 1132 2690 εἰρημένῳ
1144 2619 1174 2675 οι

123 2693 145 2762 ’ὁ
162 2702 400 2780 Πεισίστρατος
414 2693 498 2764 κατὰ
511 2694 575 2782 τήν
587 2693 770 2783 ὁμολογίην
783 2694 846 2784 τήν
861 2694 946 2786 πρὸς
952 2701 1134 2785 Μεγακλέα

127 2794 315 2879 γενομένην
329 2793 444 2878 γαμέει
460 2800 522 2861 τοῦ
537 2798 736 2881 Μεγακλέος
748 2793 813 2882 τήν
826 2799 1008 2884 θυγατέρα.
1028 2793 1082 2868 οἷα
1096 2800 1133 2867 δὲ

127 2895 259 2959 παίδων
271 2892 311 2958 τέ
322 2893 357 2958 οί
368 2888 592 2979 ὑπαρχόντων
602 2898 767 2980 νεηνιέων
783 2897 839 2964 καί
852 2899 1043 2983 λεγομένων
1053 2899 1132 2964 ένα-

127 2995 215 3076 γέων
230 2988 315 3058 εἶναι
333 2988 703 3079 τάνἈλκμαιωνιδέων,
718 2992 762 3060 οά
773 2993 981 3082 βουλόμενός
994 3000 1029 3062 οί
1036 2999 1133 3078 γενέ-

128 3102 209 3160 σθαι
233 3093 270 3158 έκ
289 3097 349 3177 τής
372 3093 543 3179 νεογάμου
555 3089 729 3181 ’γυναικὸς
748 3096 849 3162 τέκνα
869 3095 1021 3181 ἐμίσγετό
1037 3100 1072 3164 οί
1089 3094 1132 3162 οὐ

128 3189 210 3261 κατὰ
224 3191 341 3278 νόμον.
372 3191 413 3260 τά
428 3193 491 3279 μέν
505 3221 572 3262 νυν
586 3202 703 3282 πρῶτα
718 3201 862 3283 ἔκρυπτε
875 3202 981 3264 ταῦτα
994 3193 1016 3285 ἡ
1031 3194 1131 3284 γυνή,

128 3287 209 3378 μετά
231 3291 286 3379 δέ,
308 3301 374 3361 είτε
389 3295 566 3381 ίστορεάση
582 3304 648 3362 είτε
670 3296 727 3362 καλ
743 3290 805 3380 οά,
821 3294 940 3380 φράζει
953 3303 994 3384 τῇ
1008 3298 1132 3381 έωυτής

13 3435 14 3484 ι
129 3391 271 3482 μητρί,ή
290 3396 326 3463 δὲ
339 3421 385 3462 τιι
401 3393 509 3480 ἀνδρί.
531 3393 593 3464 τὸν
608 3400 646 3465 δὲ
660 3395 776 3464 δεινόν
787 3420 820 3461 τι
831 3399 905 3479 ἔσχε
915 3393 1129 3478 ἀτιμάζεσθαι

13 3485 15 3510 ’
128 3491 211 3577 πθός
225 3495 478 3579 Πεισιστράτου,
498 3492 583 3583 ἀργῇ
598 3496 646 3581 δὲ,
665 3492 710 3572 ὥς
726 3492 801 3578 εἶχε,
815 3491 1058 3559 καταλλάσσετο
1069 3489 1132 3575 τήν
