2500 3925
345 224 432 283 ΗΒ.
465 226 511 284 Ν.
545 228 644 288 ΟΑΡ.
675 239 818 298 ²1—w.
1026 236 1090 301 8⁰5

93 385 132 445 καί
143 375 212 449 άπδ
227 388 286 470 τῆς
302 383 490 471 παχύτητος
505 381 611 454 αὐτοῦ
625 393 684 475 τῆς
694 391 819 478 τρνγός
832 394 989 476 παλάθας
1003 414 1089 465 συν-

93 487 198 549 ινλελσι
217 484 274 550 καί
285 483 408 563 ταύτας
419 486 593 553 σιτέονται.
610 486 765 575 πρόβατα
775 490 841 579 γάρ
853 512 915 579 σφι
926 490 968 561 ού
978 492 1089 561 πολλά

94 577 159 643 ἐστι·
182 575 226 645 οὐ
237 579 303 665 γάρ
320 606 352 647 τι
368 585 550 651 σπουδαῖαι
565 586 666 671 νομαὶ
680 582 806 657 αὐτόθι
821 594 893 659 είσί.
926 585 993 657 ὑπὸ
1009 594 1087 659 δεν-

93 679 160 768 δρέῳ
181 676 219 745 δέ
241 682 379 760 ἕκαστος
400 688 609 769 κατοίκηται,
631 681 693 753 τόν
712 685 775 772 μὲν
798 692 963 775 χειμῶνα,
984 685 1088 757 έπεάν

91 770 116 839 τό
128 775 289 861 δένδρεον
303 780 517 871 περικαλύψῃ
531 789 617 875 πέλω
631 792 760 875 στεγνῷ
774 792 901 876 λευκῷ,
918 782 956 855 τό
972 787 1010 855 δὲ
1023 787 1085 856 δέ·

91 900 132 959 ρος
143 874 228 944 ἀνευ
239 884 351 949 πίλου.
373 881 517 962 τούτους
528 880 639 964 οὐδεὶς
651 881 778 955 ἀδικέει
789 882 999 974 ἀνθρώπων·
1017 886 1085 974 ίροδ

89 970 137 1059 γὰρ
152 978 307 1061 λέγονται
323 976 417 1047 εἶναι.
440 977 525 1049 ούδέ
536 1007 568 1049 τι
582 978 705 1070 ἀρήιον
720 978 1014 1051 ὅπλονκεκτέαται.
1028 983 1084 1051 καὶ

91 1078 172 1140 τοῦτο
190 1077 254 1160 μὲν
268 1090 354 1145 τοῖσι
369 1080 598 1166 περιοικέουσι
613 1073 710 1149 οὗτοί
724 1086 787 1149 εἰσι
800 1085 833 1148 οί
844 1078 903 1160 τάς
917 1077 1083 1167 διαφοράς

88 1175 293 1263 διαιρέοντες,
317 1178 486 1265 τοῦτοδὲ,
508 1174 545 1258 ὃς
559 1173 604 1247 ἀν
615 1178 754 1265 φεύγων
765 1178 987 1267 καταφύγηές
999 1178 1082 1247 τού-

89 1291 168 1358 τους,
190 1270 251 1341 ὑπ’
272 1271 413 1356 οὐδενὸς
433 1273 616 1345 ἀδικέεται·
640 1274 770 1364 οὕνομα
789 1280 830 1345 δέ
845 1283 909 1364 σφί
920 1279 988 1345 έστι
1006 1274 1081 1366 Ἀρ-

85 1387 228 1450 γιππαῐοι.
273 1377 385 1464 Μέχρι
396 1378 459 1464 μέν
470 1404 538 1445 νυν
552 1383 621 1445 τῶν
633 1383 817 1466 φαλακρῶν
828 1378 958 1447 τούτων
972 1375 1079 1463 πολλὴ
1089 1399 1124 1455 n

85 1476 273 1556 περιφάνεια
294 1481 353 1561 τῆς
367 1474 478 1564 χώρης
499 1480 567 1546 ἐστὶ
590 1480 730 1547 καὶτῶν
745 1482 917 1566 ἔμπροσθε
932 1481 1078 1548 ἐθνέων·

85 1566 205 1657 καὶγὰρ
222 1574 394 1642 Σκυθέων
406 1576 495 1654 τινὲς·
511 1573 729 1645 ἀπικνέονται
744 1579 777 1656 ές
791 1574 932 1666 αύτούς,
954 1584 1023 1646 τών
1037 1572 1079 1646 ού

83 1666 215 1749 χαλεπόν
226 1670 295 1737 έστι
310 1674 502 1761 πυθέσθαι,
525 1672 759 1762 καὶἘλλήνων
774 1683 844 1743 τῶν
854 1679 891 1744 έκ
901 1678 1078 1761 Βορυσθέ-

84 1764 148 1843 νεός
167 1792 201 1833 τε
218 1768 382 1854 ἐμπορίου
404 1775 459 1841 καὶ
479 1780 547 1842 τῶν
569 1773 682 1844 ἀλλων
695 1783 874 1845 Ποντικῶν
897 1780 1075 1866 ἐμπορίων.

83 1866 238 1933 Σκυθέων
253 1867 289 1935 δὲ
305 1875 341 1937 οδ
348 1866 393 1938 ἀν
404 1877 529 1942 ἔλθωσι
545 1877 578 1953 ές
593 1872 734 1962 αύτούς,
750 1874 796 1943 δι’
813 1875 894 1945 έπτά
906 1879 1077 1966 έρμηνέων

82 1962 128 2029 καὶ
147 1960 190 2030 δι’
209 1965 290 2034 ἑπτά
307 1974 487 2054 γλωσσέων
508 1975 783 2063 διαπρήσσονται.
828 1980 940 2064 Μέχρι
954 1980 1017 2065 μὲν
1034 1974 1121 2065 δηςς

82 2061 197 2131 τούτων
217 2067 434 2159 γινώσκεται,
461 2069 499 2141 τὸ
526 2075 562 2142 δὲ
583 2081 653 2142 τῶν
673 2084 858 2163 φαλακρῶν
881 2077 1076 2166 κατύπερθε

82 2158 177 2242 οὐδεὶς
191 2160 355 2253 ἀτρεκέως
371 2167 440 2238 οἶδε
455 2173 601 2261 φράσαι·
625 2171 730 2263 ούρεά
740 2202 776 2243 τε
786 2174 853 2262 γάρ
865 2173 978 2264 ὑψηλὰ
990 2174 1076 2246 ἀπο-

83 2260 184 2345 τάμνει
200 2261 308 2351 ἀβατα
322 2270 378 2336 καὶ
399 2267 510 2352 οὐδείς
525 2292 612 2361 σφεα
628 2272 841 2363 ὑπερβαίνει·
864 2281 898 2345 οί
912 2277 948 2345 δὲ
965 2286 1075 2364 φαλα-

81 2361 143 2443 κροί
156 2351 249 2429 οὗτοι
262 2366 416 2454 λέγουσι,
433 2372 505 2457 ἐμοὶ
519 2371 582 2459 μὲν
594 2371 637 2440 οὐ
647 2372 748 2442 πιστά
758 2378 929 2463 λέγοντες,
952 2381 1074 2445 οἰκέειν

80 2453 112 2521 τά
124 2456 222 2546 οὔρεα
236 2467 411 2548 αἰγίποδας
426 2466 570 2559 ἀνδρας,
593 2469 779 2561 ὑπερβάντι
800 2478 838 2544 δὲ
857 2475 998 2556 τούτους
1012 2474 1073 2545 ἀλ-

78 2560 144 2633 λους
160 2554 382 2653 ἀνθρώπους,
406 2574 442 2636 οἳ
459 2565 521 2656 τὴν
544 2571 710 2659 ἑξάμηνον
724 2575 941 2645 κατεύδουσι·
971 2583 1072 2646 τοῦτο

79 2655 106 2719 δὲ
120 2653 177 2724 ούκ
201 2659 376 2747 ἐνδέκομαι
399 2658 516 2750 ἀρχήν.
558 2660 645 2735 ἀλλά
668 2665 707 2735 τό
731 2666 795 2755 μὲν
818 2668 903 2760 πρός
929 2671 981 2761 ἦν]
1003 2683 1071 2744 τών

79 2762 245 2841 φαλακρῶν
259 2762 459 2847 γινώσκεται
480 2763 645 2855 ἀτρεκέως
661 2767 722 2838 ὑπ’
742 2767 942 2860 Ἰσσηδόνων
960 2773 1070 2843 οίκεό-

78 2855 238 2941 μενον,τὸ
261 2863 376 2946 μέντοι
397 2866 591 2955 κατύπερθε
614 2868 700 2957 πρὸς
724 2876 847 2962 βορέην
871 2872 999 2961 ἀνεμον
1026 2871 1068 2942 ού

78 2952 273 3045 γινώσκεται,
301 2959 379 3030 οὔτε
393 2969 462 3032 τῶν
477 2976 662 3056 φαλακρῶν
683 2969 762 3040 οὔτε
776 2979 844 3040 τών
856 2971 1066 3060 Ἰσσηδόνων,

78 3050 99 3111 εἰ
108 3046 146 3136 μὴ
162 3050 224 3128 ὅσα
240 3053 356 3124 αὐτῶν
370 3059 502 3130 τούτων
516 3064 695 3152 λεγόντων.
739 3070 887 3156 Νόμοισι
909 3069 945 3136 δὲ
961 3066 1110 3155 Ἰσση-ης

77 3143 155 3227 δόνες
166 3160 325 3225 τοιοισίδε
335 3161 490 3245 λέγονται
501 3171 665 3253 χρᾶσθαι·
681 3167 785 3239 έπεάν
795 3166 893 3258 ἀνδρί
904 3165 1065 3260 ἀποδάνη

76 3245 180 3334 πατὴρ,
210 3257 245 3320 οί
267 3258 495 3345 προσήκοντες
519 3267 642 3347 πάντες
665 3268 875 3358 προσάγουσι
901 3277 1065 3367 πρόβατα,

75 3344 115 3409 καὶ
130 3351 255 3419 ἔπειτεν
276 3361 382 3425 ταῦτα
399 3361 569 3445 θύσαντες
590 3370 646 3436 καὶ
665 3374 910 3455 καταταμόντες
925 3374 965 3443 τά
983 3381 1064 3463 κρέα

75 3447 301 3600 κατατάμνορσι
317 3459 372 3525 καί
390 3457 450 3527 τὸν
469 3471 531 3531 τοῦ
551 3470 736 3552 δεκομένου
759 3480 928 3541 τεθνεῶτα
948 3485 1060 3567 γονέα,

141 3556 235 3599 aenon.
264 3587 271 3601 .
886 3574 921 3623 κο
