2500 3925
144 264 189 331 44
524 266 775 327 HERODOTI

141 426 283 519 Ἀργεῖοι
304 435 367 519 μέν
387 458 454 500 νυν
471 426 537 499 άπδ
555 427 681 499 τοάτον
693 432 755 495 τοῦ
769 424 896 513 χρόνον
913 423 1149 512 κατακειράμε-
1231 431 1232 500 ί

146 552 201 597 νοι
217 527 277 609 τὰς
292 527 456 617 κεφαλάς,
472 528 640 616 πρότερον
657 525 844 611 ἐπάναγκες
861 522 1048 610 κομέοντες,
1060 526 1153 592 έποι-

145 625 271 713 ήσαντο
286 628 395 716 νόμον
408 654 444 698 τε
458 630 514 697 καὶ
528 626 679 713 κατάρην
694 620 739 711 μὴ
755 622 922 712 πρότερον
934 628 1078 712 θρέψειν
1093 622 1155 690 κό-

146 753 213 814 μην
224 723 382 815 Ἀργείων
393 732 539 815 μηδένα,
556 725 640 814 μηδὲ
655 723 715 803 τάς
729 723 892 810 γυναῖκάς
908 745 969 812 σφι
982 745 1156 811 χρυσοφο-

148 824 281 913 ρήσειν,
304 830 385 913 πρὶν
400 824 445 895 άν
461 830 592 911 Θυρέας
612 821 863 893 άνυσοίσωνται.
894 823 1153 909 Λακεδαιμόνιοι

149 927 185 995 δέ
198 922 240 993 τά
254 927 388 995 ἐναντία
401 925 532 997 τούτων
549 930 669 994 έθεντο
686 921 810 1009 νόμον·
847 918 891 990 06
904 920 969 1009 γάρ
982 922 1156 1010 κομέοντες

151 1020 214 1145 πρὸ
239 1024 381 1112 τούτου,
407 1020 473 1093 άπδ
499 1022 623 1093 τούτου
645 1027 764 1109 κομᾶν.
806 1019 867 1089 τδν
890 1021 962 1090 δέ”
941 1047 1002 1089 ενα
1018 1024 1152 1108 λέγουσι

151 1121 208 1191 τδν
224 1127 485 1225 περιλειφθέντα
499 1148 568 1191 των
584 1127 804 1208 τριηκοσίων,
817 1119 1021 1207 Ὀθρυάδην,
1036 1125 1155 1205 αἰσχυ-

151 1224 295 1312 νόμενον
319 1212 536 1295 ἀπονοστέειν
557 1225 590 1303 ές
604 1222 769 1311 Σπάρτην
788 1228 858 1289 τῶν
878 1225 912 1290 οί
931 1223 1155 1307 συλλοχιτέων

148 1326 425 1411 διεφθαρμένων,
453 1320 559 1391 αυτοῦ
584 1348 644 1409 μιν
667 1322 705 1389 ἐν
725 1327 800 1410 τῇσι
821 1323 969 1409 Θυρέησι
988 1317 1152 1407 καταχρή-

103 1432 274 1491 έδσασθαι
297 1422 433 1493 ἑωυτόν.
478 1422 651 1491 Τοιούτων
672 1421 709 1489 δέ
728 1434 814 1489 τοῖσι
828 1419 1058 1509 Σπαρτιήτῃσι
1080 1422 1154 1489 ἐνε-

149 1522 301 1593 στεώτων
317 1525 522 1612 πρηγμάτων
538 1516 599 1611 ήκε
614 1551 633 1592 ο
620 1508 841 1611 ’Σαρδιηνὸς
855 1527 977 1643 κῆρυξ,
995 1521 1155 1609 δεόμενος

148 1630 285 1714 Κροίσῳ
310 1629 457 1709 βωθέειυ
471 1625 750 1714 πολιορκεομένῳ.
791 1626 826 1691 oc
811 1621 914 1691 [δέ’
894 1650 1001 1711 ομως,
1046 1624 1158 1694 ἐπείτε

150 1722 319 1791 ἐπύθοντο
344 1732 408 1793 τοῦ
429 1725 593 1813 κήρυκος,
623 1720 772 1808 ὁρμέατο
811 1726 967 1807 βωθέειν.
1009 1728 1068 1792 καί
1091 1742 1158 1807 σφι

148 1821 211 1943 ήδη
227 1829 568 1911 παρεσκευασμένοισι
582 1825 639 1891 καλ
648 1828 737 1891 νεῶν
752 1823 897 1890 ἐουσέων
912 1823 1053 1910 ἑτοίμων
1066 1812 1155 1910 ήλθε

148 1918 231 2008 άλλη
260 1918 465 2011 άγμελίη,’
443 1950 487 2004 ως
512 1920 640 2012 ήλοίιιοι
663 1916 701 1990 τδ
727 1933 831 2008 τειχος
857 1928 926 2003 τῶν
948 1925 1072 1991 Λυδοῖν
1098 1925 1156 1992 καὶ

147 2025 253 2106 ἔχοιτο
270 2027 416 2107 Κροῖσος
440 2027 631 2111 ζωγρηθείς.
667 2017 811 2114 οὕτωδή
828 2012 922 2088 οὗτοι
943 2021 1006 2107 μὲν
1019 2042 1154 2110 συμφο·

147 2116 212 2208 ρήυ
226 2119 447 2206 ποιησάμενοι
461 2121 611 2208 μεγάλην
628 2123 824 2190 ἐπέπαυντο.

102 2231 137 2285 84
222 2215 422 2305 Σάρδιεςδὲ
435 2216 572 2305 ἥλωσαν
589 2211 671 2288 ὦδε·
697 2216 809 2306 ἐπειδή
820 2217 1156 2306 τεσσερεσκαιδεκάτη

148 2318 279 2403 ἐγένετο
293 2311 400 2405 ἡμέρη
417 2323 686 2410 πολιορκεομένῳ
701 2324 856 2410 Κροίσῳ,
869 2325 982 2406 Κῦρος
995 2325 1035 2409 τῇ
1052 2340 1157 2408 στρα-

148 2420 200 2505 τιή
220 2421 261 2504 τῇ
285 2417 414 2484 ἑαυτοῦ
438 2421 625 2505 διαπέμψας
648 2421 767 2496 ίππέας
792 2431 931 2504 προεῖπε
956 2425 1006 2510 τῷ.
1030 2419 1157 2513 πριέτῳ

149 2513 303 2600 ἐπιβάντι
317 2521 378 2582 τοῦ
392 2522 515 2604 τείχεος
530 2521 622 2607 δῶρα
639 2517 771 2589 δαίσειν.
809 2513 891 2603 μετά
915 2517 952 2585 δέ
965 2527 1064 2589 τοῦτο
1078 2544 1158 2590 πει-

150 2615 337 2732 ρησαμένης
359 2621 421 2700 τῆς
438 2623 609 2704 στρατιῆς,
636 2613 680 2735 ὁρ
706 2613 748 2684 οὐ
771 2614 977 2705 προεχώρεε,
1004 2621 1156 2688 ἐνθαῦτα

149 2738 216 2781 των
237 2708 349 2782 άλλων
371 2712 629 2804 πεπαυμένων’
610 2712 698 2802 ανὴρ
715 2714 857 2800 Μάρδος
873 2717 1026 2805 ἐπειρᾶτο
1046 2739 1157 2805 προσ-

148 2818 292 2900 βαίνων,
323 2819 373 2905 τῷ
397 2813 529 2902 οὕνομα
553 2808 599 2903 ήν
619 2813 810 2901 Ὑροιάδης,
847 2812 930 2883 κατά
965 2824 1064 2936 τοῦτρ
1097 2825 1158 2939 τής

148 2907 371 2999 ἀκροπόλιος,
394 2919 434 3001 πή
455 2909 566 2992 οὐδεὶς
587 2915 737 2980 ἐτέτακτο
760 2914 923 2999 φύλακος·
960 2911 1002 2983 06
1022 2912 1090 3003 γάρ
1109 2921 1152 3005 ήτ

147 3005 279 3096 δεινὸν,
293 3008 377 3079 κατά
392 3017 496 3080 τοῦτο
506 3009 557 3099 μή,
567 3009 638 3103 ἁλῷ
656 3014 740 3081 κοτέ.
767 3010 936 3100 ἀπότομός
949 3041 985 3084 τε
1000 3016 1072 3105 γάρ
1085 3020 1157 3086 ἐστι

145 3112 250 3200 ταάτη
267 3107 287 3198 ή
303 3105 485 3198 άκράπολις
499 3112 593 3182 aaz*
570 3139 712 3201 αμαχος·
742 3141 781 3203 τη
767 3113 877 3184 οὐδὲ
893 3116 1044 3207 Μήλης’
1030 3148 1055 3188 ο
1066 3119 1156 3202 πρό-

145 3235 243 3294 τερον
263 3208 421 3336 βασιλεὺς
445 3216 604 3300 Σαρδίων
626 3214 744 3302 μούνη
753 3212 795 3282 06
816 3217 1008 3304 περιήνεικε
1021 3216 1082 3287 τὸν
1098 3225 1156 3287 λέ-

140 3335 241 3394 οντα,
257 3313 318 3378 τόν
333 3307 400 3397 οίή
418 3308 570 3400 παλλακή
589 3319 698 3401 ἔτεκε,
717 3319 915 3402 Τελμησέων
929 3318 1155 3412 δικασάντων,

144 3407 188 3488 ὡς
202 3411 491 3528 περιενειχθέντος
507 3437 569 3480 του
555 3412 770 3493 λέοντος
735 3440 773 3483 το
789 3430 894 3536 τειχρς
909 3422 1044 3485 ἔσονται
1057 3418 1154 3505 Σάρ-

144 3511 213 3588 διες
235 3504 418 3574 άνάλωτοι.
448 3503 465 3574 ὁ
493 3510 529 3576 δε
545 3513 669 3600 Μήλης
689 3511 773 3582 κατά
788 3513 825 3582 τό
842 3513 923 3586 ἄλλο
937 3530 1043 3664 τεῖχος
1057 3542 1157 3602 περι
