2500 3925
342 294 428 352 mn.
455 293 488 348 n.
521 291 621 349 cm.
654 299 794 355 77-83.
1010 291 1070 356 155

90 457 205 539 νέσθιιι,
231 449 451 520 ἀποθανόντα
475 447 508 520 δ’
533 447 641 518 αότὸν
666 451 801 541 ἄνωρον
824 455 985 543 θρήνοισι
1010 449 1068 524 ὁπ’

87 555 265 636 Αἰγυπτίων
283 556 484 636 τιμηθῆναι,
515 551 572 616 καί
591 546 712 638 ἀοιδήν
731 576 767 619 τε
787 552 914 639 ταύτην
933 551 1071 639 πρωτην

85 651 129 715 καί
140 648 267 735 μούνην
282 655 378 734 σφίσι
398 649 567 733 γενέσθαι.
614 651 856 738 Συμφέρονται
872 651 908 718 δὲ
924 651 978 716 καλ
991 647 1069 716 τόδε
1082 660 1118 714 Βο

82 746 151 814 ἄλλο
176 747 356 834 Αἰγύπτιοι
375 744 546 833 Ἑλλήνων
572 746 729 832 μούνοισι
758 750 1069 832 Λακεδαιμονίοισι·

81 849 110 911 οἰ
118 847 269 933 νεότεροι
283 844 396 913 αύτιὸν
410 857 495 912 τοῖσι
511 846 767 932 πρεσβυτέροισι
784 841 1070 930 συντυγχάνοντες

80 954 193 1012 εἰκονσι
206 952 267 1032 τῆς
285 943 370 1013 ὁδοῦ
390 945 445 1011 καί
459 943 680 1028 ἐκτρέπονται
700 945 755 1010 καλ
775 945 906 1012 έπιούσι
924 943 957 1021 ἐξ
973 942 1071 1027 ἕδρης

79 1042 312 1112 ὑπανιστέαται.
355 1041 433 1109 τόδε
454 1045 570 1127 μέντοι
592 1039 675 1109 ἄλλο
699 1040 870 1128 Ἑλλήνων
893 1035 1070 1126 ούδαμοίσι

77 1147 310 1230 συμφέρονται·
328 1137 402 1208 όντί
416 1147 478 1208 τοῦ
487 1139 755 1226 προσαγορεύειν
769 1139 934 1228 ἀλλήλους
947 1139 986 1206 έν
995 1144 1069 1226 τῇσι

76 1239 170 1308 ὁδοῖσι
189 1242 441 1326 προσκυνέουσι
455 1241 623 1316 κατιέντες
639 1240 733 1324 μέχρι
747 1245 809 1308 τοῦ
829 1238 993 1326 γούνατος
1006 1231 1069 1322 τήν

75 1352 163 1423 χεῖρα.
203 1336 419 1409 Ἐνδεδύκασι
437 1338 474 1406 δὲ
490 1343 641 1416 κυθοῖνας
655 1339 788 1418 λινέους
802 1341 877 1423 περὶ
892 1334 933 1404 τὰ
952 1337 1069 1404 σκέλεα
1082 1354 1113 1408 81

74 1432 301 1522 θυσανωτούς,
321 1431 402 1514 τούς
416 1437 573 1503 καλέουσι
589 1440 777 1520 καλασίρις·
803 1438 857 1504 ἐπὶ
868 1432 1017 1502 τούτοισι
1031 1429 1068 1497 δέ

73 1537 184 1615 εἰρίνεα
198 1537 320 1618 εἵματα
333 1529 438 1600 λευκὰ
452 1529 687 1618 ἐπαναβληδὸν
703 1537 873 1619 φορέουσι.
900 1527 943 1600 ού
953 1532 1067 1616 μέντοι

73 1634 100 1706 ἔς
111 1656 146 1713 γε
164 1627 206 1696 τὰ
221 1627 281 1715 ἰρᾶ
302 1631 475 1716 ἐσφέρεται
496 1635 639 1714 εἰρίνεα,
661 1627 741 1698 ούδὸ
756 1627 1071 1716 συγκαταθάπτεταί

72 1748 137 1813 σφι·
159 1727 201 1795 ού
214 1725 284 1814 γὰρ
299 1725 405 1796 ὅσιον.
441 1724 664 1812 ὁμολογέουσι
679 1729 715 1795 δὲ
730 1734 834 1796 ταῦτα
847 1740 934 1794 τοῖσι
951 1722 1060 1809 Ὀρφι-

72 1843 147 1896 κοῖσι
159 1831 396 1916 καλεομένοισι
412 1831 468 1896 καί
479 1838 683 1917 Βακχικοῖσι,
702 1833 794 1900 ίοῦσι
807 1831 843 1898 δὲ
855 1835 1067 1916 Αἰγυπτίοισι

71 1931 117 1997 καί
128 1933 406 2015 Πυθαγορείοισι.
443 1925 523 1997 ούδὸ
539 1926 605 2015 γὰρ
619 1929 751 1997 τούτων
765 1935 834 1997 τῶν
851 1925 977 2015 ὀργίων
990 1951 1061 2013 μετ-

71 2035 174 2113 έχοντα
188 2027 291 2098 όσιόν
313 2031 382 2096 ἐστι
402 2028 439 2095 έν
455 2031 626 2112 εἰρινέοισι
642 2032 753 2115 εἵμασι
767 2035 958 2115 θαφθῆναι.
998 2030 1066 2095 ἔστι

70 2128 100 2196 δὲ
112 2132 184 2214 περὶ
197 2126 317 2197 αύτοῑν
331 2126 404 2212 ίρὸς
418 2126 518 2213 λόγος
532 2131 723 2215 λεγόμενος.

144 2232 205 2297 Καὶ
228 2227 310 2295 τόδε
330 2224 414 2296 ἄλλα
435 2231 651 2312 Αἰγυπτίοισί
668 2230 736 2295 έστι
752 2229 969 2314 ἐξευρημένα,
995 2244 1066 2314 μείς
1081 2247 1115 2301 82

67 2354 97 2393 τε
114 2330 165 2396 καί
184 2324 298 2415 ἡμέρη
319 2324 439 2412 ἑκάστη
460 2331 555 2393 θεῶν
578 2322 658 2393 ὅτευ
677 2329 763 2412 έστί,
792 2328 847 2393 καί
866 2332 907 2415 τῇ
930 2328 1067 2403 ἕκαστος

67 2420 161 2512 ἡμέρη
175 2423 363 2512 γενόμενος
378 2420 500 2493 ὁτέοισι
516 2424 694 2509 ἐγκυρήσει
708 2428 763 2492 καί
778 2422 864 2503 ὅκως
878 2421 1066 2510 τελευτήσει

68 2524 114 2589 καὶ
133 2520 250 2602 ὁκοῖός
268 2549 319 2601 τις
340 2528 448 2592 ἔσται·
474 2526 530 2591 καί
544 2523 693 2591 τούτοισι
708 2530 777 2591 τῶν
788 2521 959 2610 Ἑλλήνων
979 2524 1014 2589 οἰ
1028 2520 1066 2586 ἐν

67 2624 170 2713 ποιήσι
194 2624 376 2712 γενόμενοι
400 2624 591 2711 ἐχρήσαντο.
632 2624 753 2710 τέρατό
767 2650 803 2693 τε
824 2626 913 2693 πλέω
927 2643 988 2709 σφι
1004 2617 1066 2689 ἆν-

68 2722 194 2810 εύρηται
210 2719 334 2812 ἧτοτσι
348 2720 478 2791 ἄλλοισι
495 2722 599 2792 όπασι
618 2720 840 2811 ἀνθρώποισι.
880 2726 1066 2810 γενομένου

67 2817 122 2902 γὸρ
137 2824 277 2903 τέρατος
297 2820 510 2906 φυλόσσονσι
530 2822 740 2910 γραφόμενοι
762 2819 990 2910 τώποβαῖνον,
1011 2820 1066 2889 καί

67 2916 103 3000 ήν
123 2946 200 2989 κοτε
225 2918 371 3003 ὕστερον
395 2921 630 3007 παραπλήσιον
661 2920 768 3011 τούτω
800 2923 952 3007 γένηται,
982 2943 1065 2986 κατα

68 3012 161 3085 τωυτὸ
190 3023 367 3103 νομίζουσι
397 3014 641 3106 όποβήσεσθαι.
690 2988 848 3107 Mintur}
874 3020 910 3087 δέ
934 3014 1065 3086 αὐτοῖσι
1079 3041 1112 3094 83

65 3102 124 3179 οδε
146 3117 324 3183 διακέεται.
369 3115 565 3203 ἀνθρώπων
594 3122 658 3205 μὲν
685 3116 798 3189 ούδενί
822 3112 1060 3202 προσκέεται
1042 3144 1063 3205 η

66 3213 162 3294 τέχνη,
187 3238 258 3279 των
275 3214 311 3279 δὲ
327 3221 423 3281 θεῶν
435 3218 682 3302 μετεξετέροισι
730 3218 785 3285 καί
805 3242 869 3303 γαρ
883 3214 1064 3302 Ηρακλέος

63 3314 218 3421 1μαντήιον
236 3308 359 3380 αὐτόθι
371 3314 441 3381 έστι
458 3311 534 3381 καί’
531 3315 734 3396 Λπόλλωνος
749 3342 803 3383 και
793 3313 994 3401 Ἀθηναίης
1008 3318 1064 3383 καὶ

63 3402 242 3493 Αρτέμιδος
269 3412 325 3477 καὶ
343 3408 460 3496 Ἀρεος
481 3414 536 3480 καὶ
557 3416 659 3500 Διός,
688 3412 796 3483 καί’
757 3440 794 3481 το
816 3438 853 3497 γε
869 3411 1064 3498 μάλισταέν

66 3514 133 3591 τιμή
148 3532 289 3589 αγονται
304 3506 443 3576 πόντων
455 3536 524 3577 των
538 3519 720 3598 μαντηίων,
743 3516 873 3595 Λητοῦς
888 3512 925 3578 ίν
939 3521 1065 3580 Βουτοῖ
