2500 3925
153 252 196 313 06
530 256 781 315 HERODOTI

153 417 262 486 έκεῒθι
275 420 430 501 κοιμᾶται
445 416 483 481 έν
498 422 544 507 τῷ
557 421 619 484 τοῦ
630 411 715 492 Διὸς
728 421 789 482 τοῦ
800 417 963 502 Θηβαιέος
973 410 1078 504 γυνη,
1095 404 1165 498 ιἰζν-

156 512 297 603 φότεραι
314 511 351 582 δὲ
366 503 465 584 αῦται
482 515 637 601 λέγονται
653 511 789 600 άνδρῦν
803 511 963 601 οὐδαμῶν
978 515 1011 596 ές
1026 509 1164 602 ὁμιλίην
1240 537 1241 622 γ

156 622 311 706 φοιτᾶν),
326 615 382 684 καὶ
395 614 480 683 κατά
491 640 554 704 περ
572 618 610 684 έν
625 613 812 701 Πατάροισι
826 623 884 703 τῆς
896 621 1025 702 Λυκίης
1040 610 1062 702 η
1075 611 1165 694 πρό·
1240 635 1241 696 1

157 741 275 803 μαντις
289 721 349 783 τοῦ
369 720 474 800 θεοῦ,
497 711 601 784 ἐπεάν
623 715 776 801 γίνηται·
799 711 841 783 ού
856 711 921 802 γὰρ
944 705 994 784 ῦν
1013 717 1082 782 αίεί
1093 711 1165 781 έστι

157 813 359 904 χρηστήριον
373 809 514 882 αὐτόθι·
536 810 640 882 έπεάυ
655 812 691 881 δέ
707 815 859 900 γένηται,
880 811 955 882 τότε
971 803 1021 882 όν
1035 829 1166 897 συγκα-

92 933 141 991 133
156 919 346 1000 τακληίεται
361 907 421 990 τάς
437 912 562 1000 νύκτας
582 917 648 980 ἔσω
663 913 701 980 έν
714 917 761 1003 τῷ
775 917 856 1002 νηῷ.
891 909 984 980 ’Ἐστι
999 911 1036 980 δὲ
1043 915 1112 994 τοῦ
1128 909 1171 992 έν

156 1017 338 1101 Βαβυλῶνι
351 1013 430 1096 ίροῦ
442 1013 499 1078 καλ
509 1009 609 1089 ἄλλος
622 1009 713 1080 κάτω
727 1007 818 1096 νηός,
834 1013 920 1078 ἔνθα
934 1007 1066 1095 άγαλμα
1080 1006 1168 1094 μέγα

156 1117 219 1180 τοῦ
230 1105 314 1188 Διός
328 1113 379 1176 έυι
390 1108 578 1196 κατήμενον
592 1110 747 1196 χρύσεον,
762 1114 822 1176 καί
832 1112 866 1177 οί
878 1106 1023 1196 τράπεζα
1037 1102 1168 1193 μεγάλη
1240 1097 1241 1108 ’

159 1211 360 1295 παρακέεται
369 1211 504 1294 χρυσέη,
518 1208 574 1276 καὶ
588 1205 625 1275 τό
641 1207 776 1296 βάθρον
791 1210 825 1273 οί
836 1209 892 1276 καὶ
905 1203 923 1276 ὁ
938 1205 1068 1295 θρόνος
1081 1201 1170 1291 χρῦ-

160 1305 235 1385 σεός
250 1308 328 1374 ἐστι.
357 1308 415 1374 καλ
428 1301 605 1392 ὡς’έλεγου
626 1309 660 1374 οί
671 1309 850 1391 Χαλδαῖοι,
871 1303 1048 1374 ταλάντων
1065 1299 1170 1370 ὀκτα-

35 1449 43 1459 »
159 1415 285 1477 κοσίων
303 1409 446 1492 χρυσίου
466 1411 642 1492 πεποίηται
655 1412 768 1474 ταῦτα.
792 1410 853 1486 ἕξω
868 1405 904 1474 δὲ
917 1412 979 1474 τοῦ
994 1410 1082 1492 νηοῦ
1097 1409 1171 1490 βω·

160 1505 222 1595 μός
236 1506 305 1574 έστι
318 1503 469 1593 χθῦσεος.
493 1509 562 1573 ἔστι
577 1503 614 1572 δὲ
629 1507 684 1573 καὶ
701 1502 800 1584 άλλος
813 1501 926 1592 βωμός
940 1507 1060 1591 μέγας,
1082 1498 1172 1570 ὅκου

158 1605 281 1676 θύεται
294 1599 335 1670 τά
356 1605 451 1671 τέλεα
471 1610 539 1671 τῶν
560 1603 757 1692 προβάτων·
780 1605 834 1672 έπλ
852 1600 919 1692 γάρ
940 1609 1002 1672 τοῦ
1021 1602 1173 1689 χρυσέου

159 1708 279 1792 βωμοῦ
293 1698 357 1770 ούκ
373 1705 478 1782 ἔξεστι
494 1701 614 1790 θύειν,
637 1700 689 1770 ότι
705 1700 749 1789 μὴ
767 1701 945 1792 γαλαθηνὰ
960 1709 1090 1790 μοῦνα,
1117 1701 1174 1768 ἐπὶ

160 1805 197 1871 δὲ
210 1808 272 1871 τοῦ
288 1802 425 1888 μέζονος
439 1806 556 1890 βωμοῦ
571 1803 626 1868 καλ
640 1806 851 1887 καταγίζουσι
876 1805 1067 1889 λιβανωτοῦ
1080 1805 1174 1885 χίλια

158 1900 305 1973 τάλαντα
318 1904 407 1979 ἔτεος
422 1899 565 1969 ἑκάστου
579 1903 614 1969 οί
624 1905 786 1970 Χαλδαῖοι
800 1900 892 1990 τότε,
909 1898 1012 1972 έπειὶν
1028 1897 1092 1989 τὴν
1107 1895 1170 1987 ὁρ·

159 1997 223 2086 τὴν
236 1996 343 2084 άγωσι
352 2004 398 2088 τῷ
408 2004 480 2089 θεῷ
493 1998 618 2090 τούτω·
638 1993 682 2086 ἦν
694 2000 730 2067 δὲ
745 2002 782 2069 έν
795 2007 840 2091 τςῦ
852 2002 982 2087 τεμένει
993 1999 1105 2093 τούτῳ
1120 2005 1173 2069 ἔτι

160 2097 222 2165 τόν
234 2095 361 2185 χρόνον
376 2096 508 2163 ἐκείνου
522 2098 577 2164 καλ
594 2093 736 2184 άνῦριάς
752 2097 904 2167 δυόδεκα
918 2100 1069 2186 πηχέων,
1086 2098 1176 2187 χρύ-

160 2213 252 2279 σεος,
278 2190 421 2279 στερεός.
454 2192 520 2279 έγώ
542 2196 605 2279 μέν
626 2221 687 2281 μιν
706 2192 769 2264 οῦκ
791 2196 898 2286 εἶβον,
921 2194 964 2279 τοὶ
978 2199 1015 2266 δὲ
1037 2200 1172 2284 λέγεται

159 2290 228 2361 ύπό
243 2295 440 2378 Χαλδαίων,
461 2298 566 2360 ταῦτα
585 2298 681 2381 λέγω.
708 2296 816 2389 τούτῳ
836 2303 882 2390 τῷ
902 2294 1083 2385 άνῦριάντι
1095 2306 1175 2367 Δα-

163 2404 252 2479 ρεῖος
267 2389 330 2475 μὲν
345 2386 574 2472 ὁῪστάσπεος
593 2394 835 2480 ἐπιβουλεύσας
852 2393 915 2465 οῦκ
932 2394 1095 2483 ἐτόλμησε
1111 2402 1171 2464 λα·

161 2497 251 2577 βετν,
270 2488 393 2573 Ξέρξης
407 2486 444 2555 δὲ
460 2483 477 2556 ὁ
489 2495 640 2576 Δαρείου
655 2497 752 2578 ἔλαβε
766 2488 894 2561 καὶτὸν
908 2494 981 2580 ίρέα
996 2489 1179 2561 ἀπέκτεινε

161 2585 417 2673 ἀπαγορεύοντα
427 2582 472 2672 μὴ
487 2592 612 2656 κινέειν
625 2585 687 2657 τόν
699 2584 892 2678 άνόριάυτα.
916 2587 954 2659 τό
966 2590 1030 2677 μὲν
1042 2586 1083 2676 δὴ
1096 2586 1179 2677 ίρῦν

159 2691 259 2753 τοῦτο
280 2680 369 2750 οῦτω
392 2682 613 2774 κεκόσμηται,
639 2690 708 2753 ἔστι
734 2687 771 2753 δὲ
792 2691 849 2755 καὶ
871 2691 940 2757 ἴδια
966 2684 1178 2775 ἀναθήματα

95 2807 146 2863 104
160 2780 277 2851 πολλά.
321 2787 386 2868 Τῆς
407 2783 444 2849 δὲ
458 2789 662 2870 Βαβυλῶνος
682 2784 805 2872 ταύτης
819 2790 937 2857 πολλοὶ
958 2789 1022 2874 μέν
1037 2811 1104 2856 κου
1119 2788 1180 2855 καλ

161 2877 257 2948 άλλοι
277 2879 432 2965 ἐγένοντο
449 2881 617 2967 βασιλέες,
638 2888 707 2949 τῦν
728 2883 765 2949 έν
782 2896 868 2952 τοῖσι
880 2880 1089 2971 Ἀσσυρίοισι
1115 2881 1181 2952 λό-

160 2996 250 3064 γοισι
263 2974 400 3063 μνήμην
420 2976 619 3064 ποιήσομαι,
643 2986 678 3046 οἳ
692 2976 732 3047 τά
752 2980 859 3068 τείχεά
876 3007 912 3049 τε
934 2980 1179 3069 ἐπεκόσμησαν

159 3074 216 3141 καὶ
229 3069 270 3139 τά
285 3069 359 3159 ίριὶ,
381 3073 418 3138 έν
432 3073 469 3140 δέ
483 3070 523 3160 δὴ
538 3078 594 3141 καὶ
609 3090 767 3163 γυναῖκες
782 3080 860 3146 δύο·
882 3075 904 3167 ἡ
919 3080 983 3167 μὲν
999 3080 1179 3170 πρότερον

160 3169 303 3255 ἄρξασα,
325 3175 382 3254 τῆς
393 3168 537 3257 ὕστερον
548 3181 682 3264 γενεῇσι
697 3179 795 3244 πέντε
806 3178 976 3265 πρότερον
990 3184 1180 3268 γενομένη,

159 3271 200 3355 τῇ
219 3264 348 3351 οῦνομα
364 3259 409 3354 ἦν
425 3277 628 3360 Σεμίραμις,
650 3270 734 3360 αῦτη
756 3275 818 3361 μέν
834 3273 1016 3359 ἀπεδέξατο
1034 3280 1181 3371 χεύματα

159 3358 225 3431 άνά
246 3360 283 3432 τό
304 3368 422 3454 πεδίον
442 3369 541 3437 ἐόντα
561 3367 756 3456 ἀξιοθέητα·
778 3372 946 3463 πρότερον
968 3376 1005 3445 δὲ
1021 3380 1135 3449 έοίθεε
1159 3378 1180 3451 ὁ
1240 3411 1241 3493 γ

991 3454 1001 3467 .-

96 3476 143 3532 186
155 3459 304 3550 ποταμός
317 3458 383 3533 άνά
398 3461 435 3534 τό
454 3470 572 3535 πεδίον
586 3476 655 3536 πᾶν
670 3477 873 3558 πελαγίζειν·
895 3471 970 3562 ἡδὲ
992 3473 1035 3569 δὴ
1056 3479 1183 3549 om*
1240 3496 1241 3583 ρ
