2500 3925
168 219 228 280 108
542 215 797 274 HERODOTI

163 388 219 447 ίσα
238 377 411 463 νεμόντων
427 370 494 443 οἷοί
513 373 551 442 τέ
571 378 662 458 είμευ
685 377 923 461 περιγενέσθαι
946 382 985 464 τῇ
1006 377 1177 460 συμβολῇ.

162 485 267 546 ταῦτα
282 470 332 546 άν
342 475 451 543 πάντα
466 477 499 552 ές
509 475 547 542 σέ
560 479 628 539 νῦν
641 479 742 542 τείνει
757 475 812 542 καὶ
829 475 865 542 ἐκ
880 477 937 542 σίο
950 470 1104 562 ἤρτηται·
1130 466 1179 556 ἡν

162 575 229 661 γάρ
243 571 287 642 σύ
302 573 420 663 γνύμη
432 579 474 662 τῇ
493 575 555 661 έμῇ
568 578 720 662 προσθὴ,
743 576 811 640 ἔστι
824 597 876 640 τοι
893 577 1009 658 πατρίς
1023 595 1058 638 τε
1074 572 1177 638 έλευ-

162 678 248 760 θέρη
263 677 318 741 καί
331 673 427 751 πόλις
441 670 556 758 πρότη
572 677 642 738 τῶν
658 672 695 738 έν
708 673 749 759 τῇ
760 667 909 756 Ἑλλάδι,
926 665 970 757 ἡν
981 671 1017 739 δὲ
1028 666 1091 757 τὴν
1100 674 1179 738 τῶν

82 815 88 824 ·
120 761 127 771 ⁹
163 769 447 840 ἀποσπευδόντων
459 768 522 858 τὴν
532 766 707 857 συμβολὴυ
718 769 792 856 έλη,
810 765 951 853 ὑπάρξει
962 794 1013 837 τοι
1023 775 1093 836 τῶν
1104 765 1175 854 έγά

96 885 147 939 110
162 870 317 948 κατέλεξα
331 866 473 955 ἀγαθῶν
488 865 529 935 τά
545 870 688 936 ἐναντία.
735 872 848 934 Ταῦτα
862 869 970 953 λέγων
986 864 1005 935 ὁ
1021 866 1168 940 Μιλτιά-

163 975 223 1055 δης
236 974 440 1054 προσκτᾶται
452 965 513 1037 τόν
528 951 752 1054 Καλλίμαγοδ.
775 970 1045 1055 προσγενομένης
1060 967 1097 1034 δὲ
1108 973 1173 1034 τοὺ

162 1069 375 1156 πολεμάρχου
388 1076 445 1155 τὴς
456 1067 591 1156 γνάμης
602 1066 789 1156 ἐκεκύρωτο
800 1068 1015 1156 συμβάλλειν.
1037 1062 1123 1153 μετά
1136 1067 1173 1133 δὲ

163 1172 197 1236 οί
212 1169 404 1254 στρατηγοὶ,
421 1174 490 1234 τῶν
503 1164 525 1253 ἡ
541 1167 659 1254 γνάμη
674 1172 774 1254 ἔφερε
788 1165 1011 1254 συμβάλλειν,
1030 1163 1075 1245 ὡς
1090 1164 1173 1232 ἑκά-

162 1283 244 1332 στου
263 1262 376 1334 αύτάν
399 1269 526 1353 έγίνετο
541 1272 729 1355 πρυτανηίη
751 1270 809 1352 τῆς
827 1261 968 1352 ἡμέρης,
998 1263 1173 1351 Μιλτιάδη

160 1368 401 1451 παρεδίδοσαν·
424 1362 443 1435 ὁ
458 1366 496 1434 δέ
507 1366 687 1453 δεκόμενος
701 1363 774 1433 οὔτι
789 1389 839 1434 κω
852 1360 1027 1450 συμβολὴυ
1041 1365 1172 1430 ἐποιέε-

92 1478 143 1532 111
161 1491 215 1554 το,
230 1472 311 1553 πρίν
323 1491 363 1552 γε
377 1463 417 1553 δὴ
433 1464 540 1535 αὐτοῦ
553 1471 741 1553 πρυτανηίη
756 1467 894 1552 ἐγένετο.
920 1461 979 1542 Ὡς
991 1464 1027 1531 δέ
1038 1464 1071 1542 ές
1083 1465 1172 1530 έκεῖ-

160 1592 224 1635 νον
236 1572 416 1653 περιῆλθε,
434 1563 638 1652 ένθαύταδὴ
655 1563 833 1635 ἐτάσσοντο
852 1557 919 1634 ὦδε
930 1561 1105 1653 Ἀθηναίω
1125 1559 1170 1642 ὡς

151 1667 419 1752 συμβαλέοντες·
439 1672 501 1732 τοῦ
515 1667 578 1751 μὲν
588 1668 701 1744 δεξιοῦ
711 1671 824 1752 κέρεος
837 1661 953 1753 ἡγέετο
968 1660 1166 1750 ὁπολέμαρ

159 1787 217 1851 γος
226 1767 450 1849 Καλλίμαχος·
472 1760 491 1831 ὁ
505 1759 571 1850 γάρ
586 1763 690 1850 νόμος
702 1763 777 1832 τότε
792 1762 856 1850 εἶχε
867 1760 956 1831 οὕτω
966 1773 1051 1830 τοῖσι
1065 1759 1169 1848 Ἀθη·

160 1867 293 1949 ναίοισι,
302 1860 363 1929 τόν
373 1863 583 1950 πολέμαρχον
593 1868 681 1950 ἔχειν
691 1868 789 1948 κέρας
797 1859 835 1931 τδ
846 1861 966 1943 δεξιόν.
979 1858 1171 1949 ἡγεομένου

159 1962 197 2029 δὲ
209 1960 333 2029 τούτου
348 1964 536 2043 ἐξεδέκοντο
554 1958 599 2043 άς
612 1959 816 2050 ἡριθμέοντο
831 1966 868 2031 αί
880 1964 995 2048 φυλαὶ,
1012 1958 1170 2048 ἐχόμεναι

159 2056 329 2146 άλλὴλον·
350 2069 533 2131 τελευταῖοι
545 2063 581 2131 δέ
592 2061 783 2150 ἐτάσσοντο,
798 2066 929 2148 ἔχοντες
938 2058 976 2129 τό
989 2058 1170 2149 εύεόνυμον

159 2161 271 2243 κέρας,
288 2162 477 2239 Πλαταιέες.
500 2157 565 2228 άπδ
577 2160 701 2248 ταύτης
714 2159 779 2249 γάρ
790 2178 852 2247 σφι
862 2167 920 2248 τῆς
928 2159 1033 2248 μάχης
1043 2166 1171 2248 θυσίας

156 2252 345 2341 Ἀθηναίων
359 2252 557 2344 άναγόντων
572 2260 628 2327 καὶ
644 2260 855 2347 πανηγύριας
870 2258 930 2339 τάς
945 2263 983 2329 έν
996 2267 1070 2349 τῇσι
1084 2284 1169 2328 πεν-

158 2361 301 2443 τετηρίσι
326 2355 501 2443 γινομένας
522 2358 714 2445 κατεύχεται
724 2354 742 2426 ὁ
754 2362 859 2445 κῆρυξ
870 2356 887 2425 ὁ
900 2355 1169 2445 Ἀθηναίος,άμα

158 2480 194 2521 τε
204 2451 412 2541 Ἀθηναίοισι
422 2458 531 2544 λέγων
540 2464 698 2545 γίνεσθαι
707 2454 748 2525 τά
761 2454 875 2543 άγαθά
888 2459 942 2526 καὶ
949 2464 1166 2527 Πλαταιεῦσι.

157 2550 232 2621 τότε
244 2551 280 2621 δέ
290 2556 505 2640 τασσομένων
514 2561 583 2624 τῶν
593 2550 783 2642 Ἀθηνάίιον
790 2557 828 2622 έν
837 2560 884 2646 τῷ
891 2560 1086 2643 Μαραθῶνι
1097 2558 1168 2642 έγί-

157 2677 234 2720 υετο
243 2650 376 2719 τοιόνδε
386 2678 433 2720 τι·
449 2650 486 2720 τό
499 2654 725 2739 στρατόπεδον
736 2652 954 2739 ἐξισούμενον
963 2659 1010 2745 τῷ
1020 2656 1167 2745 Μηδικῷ

158 2752 385 2843 στρατοπέδῳ,
403 2748 442 2820 τδ
456 2753 519 2838 μέν
529 2748 636 2819 αὐτοῦ
649 2754 753 2838 μέσον
767 2754 894 2839 έγίνετο
905 2753 960 2819 ἐπὶ
979 2749 1066 2832 τάξις
1093 2748 1166 2820 ὀλί-

157 2874 235 2935 γας,
250 2851 305 2915 καὶ
320 2850 425 2939 ταύτη
437 2843 484 2938 ἡν
498 2846 746 2919 ἀσθενέστατον
760 2849 798 2920 τό
814 2849 1058 2938 στρατόπεδον,
1072 2846 1109 2917 τδ
1128 2849 1165 2917 δὲ

87 2957 141 3025 Ι112
158 2947 257 3031 κέρας
272 2947 431 3035 έκάτερον
451 2954 575 3035 ἔρρωτο
595 2949 728 3036 πλὴθετ.
767 2948 826 3030 Ὡς
848 2950 888 3019 δέ
901 2969 964 3037 σφι
980 2950 1164 3017 διετέτακτο

157 3048 212 3114 καὶ
226 3042 267 3114 τά
288 3046 416 3133 σφάγια
431 3050 557 3133 έγίνετο
574 3045 676 3133 καλά,
700 3052 849 3118 ἐνθαῦτα
864 3046 908 3129 ὡς
926 3046 1115 3135 άπείθησαν
1133 3051 1166 3114 οἱ

153 3140 336 3231 Ἀθηναῖοι,
351 3145 465 3235 δρόμῳ
476 3147 566 3214 ἵεντο
579 3147 612 3226 ές
622 3145 702 3228 τούς
712 3149 913 3239 βαρβάρους.
937 3141 1026 3236 ἡσαν
1037 3145 1073 3215 δὲ
1083 3144 1164 3213 στά-

156 3245 225 3309 διοι
238 3238 302 3309 ούκ
316 3242 495 3322 ἐλάσσονες
514 3241 552 3312 τδ
568 3252 761 3333 μεταίχμιον
778 3244 890 3315 αὐτῶν
908 3243 931 3334 ἡ
949 3245 1044 3315 ὀπτά.
1074 3248 1109 3311 οί
1127 3242 1164 3310 δὲ

157 3343 283 3426 Πέρσαι
300 3338 452 3427 ὁρέοντες
463 3342 577 3435 δρόμῳ
588 3345 742 3425 ἐπιόντας
753 3352 1039 3435 παρεσκευάζοντο
1052 3341 1097 3422 ὡς
1107 3347 1165 3410 δε-

158 3438 302 3524 ξόμευοι,
312 3446 436 3528 μανίην
447 3468 484 3510 τε
494 3456 580 3511 τοῖσι
590 3440 798 3533 Ἀθηναίοισι
810 3447 975 3531 ἐπέφερον
985 3446 1040 3512 καί
1050 3445 1163 3529 πάγχυ
1247 3472 1248 3480 ¹
