2500 3925
164 234 225 299 114
541 235 793 292 HERODOTI

160 402 215 484 κίη
231 394 316 484 αὕτη
330 394 497 482 μεγάλως,
514 395 569 460 καλ
581 389 599 460 ό
613 388 800 477 Ἀλκμαίων
810 381 910 469 οὗτος
925 387 1014 458 οὕτω
1026 401 1180 478 τεθριπ-

95 512 143 567 126
158 494 373 584 ποτροφήσας
384 491 589 578 Ὀλυμπιάδα
603 486 803 576 ἀναιρέεται,
818 487 900 576 μετά
915 488 961 576 δέ,
977 497 1080 579 γενεῇ
1091 495 1181 559 δευ-

160 596 238 682 τέρη
265 589 425 678 ὕστερον,
451 590 660 674 Κλεισθένης
680 613 739 674 μιν
762 584 781 656 ὁ
804 594 979 668 Σικυῶνος
1000 590 1183 677 τύραννος

160 688 288 778 ἐξήειρε
308 686 392 757 ὥστε
411 692 525 779 πολλῷ
544 683 835 773 ούνομαστοτέρην
854 687 1015 773 γενέσθαι
1032 691 1072 757 έν
1086 703 1182 758 τοῖσι

157 789 310 876 Ἕλλησι,
327 783 350 874 ἢ
364 787 531 874 πρότερον
542 777 587 873 ἦν
618 785 893 874 Κλεισθένετγάρ
907 795 954 881 τῷ
965 787 1183 878 Ἀριστωνύ-

160 913 228 974 μου
241 893 306 956 τοῦ
315 886 487 974 Μύρωνος
499 891 561 953 τοῦ
571 882 715 969 Ἀνδρέω
725 891 852 970 γίνεται
865 886 1039 974 θυγάτηρ,
1056 894 1099 976 τῇ
1113 886 1180 954 ού-

160 1012 248 1072 νομα
263 978 309 1072 ἦν
325 982 509 1073 Ἀγαρίστη.
538 985 665 1070 ταύτην
685 980 830 1071 ἠθέλησε
845 983 1015 1073 Ἑλλήνων
1029 987 1180 1055 πάντων

161 1083 308 1171 ἐξευρών
317 1081 378 1152 τὸν
392 1081 531 1171 ἄριστον
540 1084 649 1175 τούτφ
659 1097 804 1170 γυναῖκα
815 1093 1025 1172 προσθεῖναι.
1045 1081 1180 1170 Ὀλυμ-

161 1191 248 1252 πίων
263 1176 312 1252 ών
327 1181 453 1252 ἐόντων
463 1180 520 1249 καὶ
528 1180 650 1248 νικέων
659 1182 697 1249 ἐν
707 1180 836 1250 αὐτοῖσι
849 1189 1024 1274 τεθρίππῳ
1036 1177 1055 1251 ὁ
1068 1190 1177 1251 Klet-

161 1286 285 1369 σθένης
295 1281 451 1370 κη’ρυγμα
465 1280 652 1368 ἐποιήσατο,
666 1277 756 1360 ὅστις
764 1277 932 1367 Ἐλλήνων
943 1278 1074 1348 έωντόν
1085 1277 1182 1360 ἀξιοῖ

159 1382 383 1459 Κλεισθένεος
392 1377 547 1467 γαμβρόν
556 1381 726 1465 γενέσθαι,
741 1376 837 1466 ἥκειν
848 1381 882 1457 ἐς
892 1376 1074 1466 ἑξηκοστὴν
1088 1377 1176 1467 ἡμέ-

160 1505 225 1566 ρην
234 1473 256 1566 ἢ
265 1481 322 1546 καί
336 1477 502 1565 πρότερον
513 1481 713 1556 έςΣικυώνα
725 1472 770 1555 ὡς
780 1478 992 1563 κυρώσοντος
1001 1482 1177 1547 Κλεισθέ-

157 1603 234 1657 νεος
243 1575 305 1651 τὸν
313 1576 423 1664 γάμον
433 1578 472 1645 ἐν
482 1578 634 1666 ἐνιαυτῷ,
646 1571 711 1642 ἀπό
724 1581 781 1662 τῆς
793 1577 967 1663 ἑξηκοστῆς
977 1573 1176 1663 ἀρξαμένου

157 1674 290 1764 ἡμέρης.
304 1673 487 1744 ’Ἐνθαῦτα
495 1672 665 1761 Ἑλλήνων
681 1671 755 1741 ὅσοι
770 1678 865 1760 σφίσι
879 1698 916 1740 τε
931 1670 1062 1742 αύτοδσι
1080 1666 1174 1762 ἦσαν

158 1777 213 1843 καὶ
224 1773 333 1863 πάτρη
344 1777 581 1860 ἐξωγκωμένοι,
596 1775 749 1858 ἐφοίτεον
760 1777 957 1859 μνηστῆρες·
966 1785 1053 1841 τοῖσι
1065 1781 1177 1842 Κλει-

160 1876 284 1959 σθένης
295 1873 350 1940 καί
364 1871 492 1959 δρόμον
503 1874 558 1939 καλ
570 1875 778 1957 παλαίστρην
792 1869 1017 1958 ποιησάμενος
1032 1871 1087 1940 ἐπ’
1105 1870 1175 1940 αύ-

94 1993 142 2049 127
157 1980 204 2065 τῷ
220 1973 329 2063 τούτῳ
344 1970 416 2058 εἶχε.
454 1970 533 2040 Ἀπδ
549 1971 611 2058 μὲν
625 1969 667 2057 δὴ
686 1969 820 2057 Ἰταλίης
834 1965 920 2058 ἦλθε
935 1977 1174 2061 Σμινδυρίδης

158 2068 419 2156 ὁἸπποκράτεος
429 2075 634 2157 Συβαρίτης,
650 2066 687 2147 ὃς
701 2070 753 2136 ἐπλ
767 2077 923 2137 πλείστου
937 2070 978 2155 δὴ
991 2074 1108 2158 χλιδῆς
1125 2068 1174 2151 εἷς

158 2165 244 2252 ἀνὴρ
261 2163 396 2233 ἀπίκετο
420 2165 452 2253 ἡ
468 2166 504 2234 δέ
519 2166 671 2252 Σύβαρις
690 2164 812 2252 ἤκμαζε
826 2174 948 2235 τοῦτον
967 2167 1027 2237 τόν
1042 2170 1174 2256 χρόνον

157 2260 334 2349 μάλιστα,
349 2265 405 2330 καὶ
421 2269 557 2350 Σιρίτης
570 2263 731 2346 Δάμασος
742 2261 897 2351 Ἀμύριος
911 2273 971 2333 τοῦ
984 2276 1097 2354 σοφοῦ
1112 2280 1173 2337 λε-

157 2362 304 2447 γομένου
319 2372 404 2439 παίς.
425 2353 520 2429 οὗτοι
534 2362 597 2448 μὲν
609 2358 671 2427 ἀπ’
694 2359 828 2448 Ἰταλίης
841 2356 968 2451 ἦλθον,
989 2367 1026 2433 ἐκ
1049 2368 1088 2435 δέ
1105 2376 1171 2435 τοῦ

156 2459 286 2529 κόλπου
306 2466 369 2526 τοῦ
386 2457 507 2529 Ἰονίου
522 2458 767 2547 Ἀμφίμνηστος
789 2458 1012 2548 Ἐπιστρόφου
1030 2462 1171 2533 Ἐπιδά-

156 2584 269 2647 μνιος·
291 2550 390 2639 ούτος
402 2562 439 2628 δὲ
452 2561 488 2628 έκ
501 2567 563 2629 τού
573 2555 694 2629 Ἰονίου
707 2560 844 2627 κόλπου.
868 2557 1017 2639 Αἰτωλός
1029 2562 1066 2629 δὲ
1078 2555 1169 2650 ἦλθε

159 2655 326 2745 Τιτόρμου
338 2664 401 2726 τοῦ
414 2655 630 2747 ὑπερφύντος
644 2683 679 2725 τε
686 2654 847 2743 Ἕλληνας
861 2657 952 2742 ἰσχύι·
964 2661 1019 2725 καλ
1031 2660 1170 2745 φυγόν-

154 2780 210 2836 τος
233 2752 439 2843 ἀνθρώπους
461 2760 495 2838 ἐς
514 2756 574 2836 τὰς
593 2752 742 2842 ἐσχατιάς
761 2761 819 2841 τῆς
838 2759 1021 2834 Αἰτωλίδος
1041 2757 1168 2843 χώρης,

153 2853 278 2922 τούτου
287 2860 349 2923 τοῦ
362 2856 531 2945 Τιτόρμου
540 2849 704 2940 ἀδελφεός
714 2852 844 2937 Μάλης.
861 2849 926 2920 ἀπό
939 2854 975 2922 δὲ
984 2862 1168 2923 Πελοπον·

154 2952 262 3041 νήσου
273 2958 441 3034 Φείδωνος
454 2960 516 3022 τοῦ
526 2951 685 3040 Ἀργείων
699 2949 870 3037 τυράννου
883 2964 961 3031 πυτς
970 2954 1167 3043 Λεωκήδης,

155 3058 324 3132 Φείδωνος
340 3054 376 3121 δέ
390 3060 451 3120 κου’
464 3051 505 3121 τά
521 3057 624 3142 μίτρα
641 3049 842 3137 ποιήσαντος
857 3056 1167 3140 Πελοποννησίοισι

151 3154 209 3222 καὶ
226 3149 426 3240 ὑβρίσαντος
439 3154 577 3240 μέγιστα
597 3148 821 3239 δὴἙλλήνων
834 3146 1011 3238 ἁπάντων,
1034 3150 1072 3232 ὃς
1088 3156 1167 3233 ἐξα-

153 3250 319 3337 ναστήσας
328 3248 407 3329 τούς
418 3248 556 3319 Ἠλείων
570 3248 784 3338 ἀγωνοθέτας
798 3243 898 3327 αὐτὸς
912 3248 973 3317 τὸν
988 3252 1025 3317 ἐν
1038 3248 1166 3337 Ὀλυμ-

153 3355 213 3438 πίη
226 3345 340 3437 ἀγῶνα
355 3354 468 3436 ἐθηκε,
482 3351 606 3419 τούτου
619 3372 655 3417 τε
670 3343 711 3433 δὴ
727 3359 820 3433 παῖς,
837 3348 892 3414 καὶ
903 3342 1077 3433 Ἀμίαντος
1089 3355 1165 3416 Λυ-

152 3447 303 3531 κούργου
319 3445 436 3528 Ἀρκάς
453 3451 490 3517 ἐκ
509 3451 775 3532 Τραπεζοῦντος,
798 3446 854 3512 καί
871 3443 967 3529 Ἀζὴν
989 3448 1026 3513 ἐκ
1050 3453 1166 3517 Παίου
