2500 3925
396 256 485 315 ιιι.
517 257 672 317 Lem.
704 266 777 317 ε-
788 272 830 325 ιι
1095 266 1118 333 ε

110 414 247 481 πασέων
261 420 451 501 καλλίστην.
486 412 569 485 ύστε
585 419 622 485 δὲ
638 426 743 489 ταῦτα
757 420 962 515 νομίζων,’
938 454 984 517 ην
998 429 1066 518 γάρ
1082 433 1118 499 ολ

111 516 176 577 τοῖν
194 513 412 635 αἰχμοφόρων
421 514 535 600 Γύγης
549 512 797 589 ὁΔασκύλοο’
778 524 1002 613 αρεσκόμενος
1013 528 1116 648 μάλρ-

109 630 187 698 στα,
202 613 311 705 τούτφ
328 638 374 705 ιφ
360 613 480 703 Γύγη
491 614 592 681 καί
555 641 597 683 τα
609 621 872 708 σπουδαιέστερα
880 650 949 693 των
959 626 1116 744 πρηγμτί-

110 736 176 779 των
196 708 453 799 ὑπερετίθετο
439 737 458 779 ο
473 715 677 801 Κανδαύλης
696 719 753 785 καί
773 716 814 805 δὴ
829 720 938 789 καὶ
904 748 941 790 το
958 722 1097 803 εἶδος
1057 750 1116 811 της

108 808 273 895 γυναικός
286 807 548 898 ὑπερεπαινέων.
571 812 699 900 χρόνον
712 814 803 883 δὲ’
764 841 806 884 ον
816 826 944 889 πολλοῦ
956 823 1116 891 διελθόν-

106 934 162 1024 τρς
185 916 285 997 ’χρῆν
307 908 374 997 γὰρ
388 911 574 1001 Κανδαύλῃ
589 914 750 998 γενέσθαι
770 924 893 997 κακῶς·
915 924 1009 1005 ἔλεγε
1030 918 1115 1008 πρὸς

106 1005 167 1076 ιόν
183 1007 305 1096 Γύγην
321 1009 452 1078 τοιοίδε·
477 1010 591 1097 Γύγη,
613 1006 656 1079 ού
678 1014 744 1100 γάρ
761 1034 800 1083 σε
814 1020 919 1087 δοκέω
933 1027 1119 1091 πείθεσθαί

105 1131 163 1229 μοι
179 1112 314 1194 λέγοντι
327 1108 404 1195 περὶ
417 1134 479 1177 που
464 1113 654 1188 Ηείδεος
614 1136 673 1197 της
685 1111 869 1197 γυναικός·
878 1109 946 1185 ύτα
956 1117 1022 1206 γάρ
1032 1145 1116 1208 τνγ·

105 1208 201 1293 χάνει
218 1204 432 1295 ἀνθρύποισι
447 1207 580 1278 έόντα’
561 1211 764 1297 ἀπιστότερα
777 1210 982 1303 ὀφθαλμων
1022 1227 1115 1288 ποίεε

105 1306 194 1389 ὅκως
206 1308 340 1395 ἐκείνην
352 1308 498 1397 θηήσεαι
509 1310 654 1396 γυμνήν.
668 1308 753 1379 Ὁδὲ
762 1315 847 1398 μέγα
858 1312 1058 1405 ἀμβόσας
1028 1341 1114 1385 aas·

105 1414 281 1495 Δέσποτα,
297 1416 373 1479 τίνα
386 1412 495 1497 λέγεις
507 1410 613 1497 λόγον
628 1407 692 1479 ούκ
707 1409 821 1501 ὑγιέα,
838 1416 988 1485 κελεύων
1003 1443 1045 1505 με
1059 1420 1116 1487 δέ·

105 1532 253 1581 σποιναν
269 1506 333 1595 τὴν
347 1506 430 1597 έμὴν
442 1511 644 1598 θηήσασθαι
664 1512 817 1600 γνμνήνς
841 1512 911 1602 ἅμα
932 1516 969 1584 δ)
990 1522 1115 1584 κιθῶνι

105 1611 301 1700 έκδνομένφ
323 1612 543 1679 συνεκδύεται
563 1614 618 1678 καί
641 1608 704 1697 τήν
724 1615 808 1679 αίδαῐ
829 1613 928 1700 γονή.
956 1613 1061 1683 πάλαι
1077 1613 1115 1683 δδ

104 1707 143 1777 τὰ
158 1707 250 1777 καλά
266 1706 480 1797 ἀνθρώποισι
494 1710 684 1797 ἐξεύρηται,
706 1712 743 1778 ἐκ
759 1717 828 1779 τοῖν
840 1712 1033 1797 μανθάνειν
1048 1715 1114 1781 δεῖ·

105 1812 141 1877 ἐν
155 1823 247 1876 τοῖσι
269 1812 307 1876 ἓν
319 1808 397 1877 τόδε
412 1812 497 1897 ἐστί,
514 1813 670 1877 σκοπέειν
683 1807 759 1876 τινά
773 1807 813 1877 τά
829 1814 966 1879 ἑωυτοῦ.
997 1812 1062 1897 ἐγω
1078 1810 1114 1878 δ)

104 1920 271 1998 πείθομαι
281 1912 415 1998 ἐκείνην
425 1908 512 1980 εἶναι
522 1912 658 1980 πασέων
667 1917 841 1998 γυναικῶν
854 1916 1043 1997 καλλίστην,
1058 1915 1118 1980 καί

105 2036 160 2084 σεο
182 2018 303 2100 δέομαι
322 2009 367 2099 μὴ
389 2016 526 2082 δέεσθαι
545 2011 693 2098 ἀνόμων.
718 2008 756 2078 ‘0
775 2011 838 2096 μὲν
858 2007 898 2096 δὴ
915 2012 1024 2096 λέγων
1039 2024 1138 2078 τοι-9

104 2117 192 2180 αύτοι
208 2107 414 2200 ἀπεμάχετο,
429 2109 610 2200 ἀρρωδέων
647 2110 694 2197 μή
708 2114 743 2177 τί
754 2113 788 2176 οί
802 2111 836 2189 ἐξ
851 2105 964 2178 αὐτόν
976 2114 1112 2195 γένηται

104 2211 223 2280 κακόν.
261 2208 280 2278 ὁ
302 2213 339 2282 δέ
360 2209 513 2298 ἀμείβετο
527 2215 669 2280 τοιοίδε·
691 2207 833 2295 Θάρσεε,
856 2207 969 2294 Γύγη,
992 2210 1047 2276 καί
1066 2204 1111 2292 μη

104 2310 214 2397 φοβέο
232 2309 316 2395 μήτε
332 2310 405 2397 ἐμὲ,
429 2308 474 2389 ύς
490 2330 546 2379 σεο
559 2305 771 2397 πειρεόμενος
783 2314 869 2394 λέγω
883 2308 988 2397 λόγον
1000 2309 1111 2394 τόνδε,

104 2410 190 2496 μήτε
206 2423 351 2494 γυναῖκα
366 2407 430 2497 τὴν
443 2413 538 2497 έχοην,
553 2412 599 2496 μή
613 2415 648 2477 τί
658 2431 711 2477 τοι
724 2410 758 2488 ἐξ
769 2405 871 2493 αὐτῆς
881 2413 1017 2495 γένηται
1026 2407 1112 2495 βλύ-

104 2518 182 2596 βος·
213 2505 321 2596 ἀρχὴν
348 2509 413 2597 γὰρ
439 2509 505 2595 έγύ
530 2509 762 2596 μηχανήσομαι
790 2505 896 2595 ούτω,
923 2505 1007 2575 ὥστε
1027 2508 1111 2592 μηδὲ

104 2616 233 2692 μαθεῖν
247 2633 306 2691 μιν
322 2603 491 2693 ὀφθεῖσαν
504 2604 573 2675 ύπό
589 2614 660 2675 σεῦ.
679 2601 743 2691 έγά
761 2605 826 2694 γάρ
837 2626 874 2673 σε
885 2609 918 2685 ές
928 2603 966 2674 τό
978 2614 1111 2692 οίκημα,

105 2710 142 2776 ἐν
152 2713 202 2798 τῷ
211 2705 557 2796 κοιμεόμεθα,όπισθε
567 2713 625 2792 τῆς
636 2703 855 2792 ἀνοιγομένης
863 2703 973 2792 θύρης
983 2704 1110 2791 σπη’σ·

105 2803 190 2890 μετὰ
214 2801 246 2872 δ’
269 2805 326 2890 ἐμὲ
349 2805 533 2873 ἐσελθόντα
554 2807 714 2892 παρέσται
736 2805 792 2871 καὶ
810 2801 832 2892 ἡ
853 2801 941 2892 γυνὴ
955 2800 976 2893 η
991 2799 1058 2889 έμη
1078 2805 1112 2882 ές

105 2920 231 2974 κοῖτον.
253 2906 365 2974 κέεται
380 2907 416 2972 δὲ
431 2901 536 2992 ἀγχοῦ
552 2911 610 2990 της
625 2903 746 2971 έσόδον
762 2902 906 2991 θρόνος·
924 2904 978 2971 ἐπὶ
989 2910 1112 2971 τοῦτον

107 3010 175 3071 τῶν
186 3007 327 3089 ἱματίων
337 3004 414 3071 κατ’
436 3007 475 3072 ἓν
486 3005 628 3072 ἕκαστον
643 3001 832 3070 ἐκδύνουσα
843 3001 943 3088 θήσει
975 3003 1030 3068 καὶ
1041 2996 1109 3067 κατ’

107 3097 249 3188 ἡσυχίην
265 3096 395 3188 πολλὴν
409 3105 543 3189 παρέξει
556 3126 608 3170 τοι
622 3101 829 3188 θηήσασθαι.
862 3099 965 3168 έπεάν
986 3101 1022 3168 δὲ
1043 3098 1110 3168 ἀπὸ

109 3206 168 3268 τοῦ
182 3201 319 3288 θρόνον
335 3207 447 3290 στείχῃ
461 3204 514 3269 ἐπὶ
528 3199 590 3287 τὴν
607 3198 711 3288 εύνην
737 3197 820 3268 κατὰ
835 3199 946 3268 νότον
961 3223 996 3266 τε
1008 3195 1112 3285 αὐτῆς

109 3302 205 3389 γένη,
222 3301 275 3368 σοὶ
292 3302 417 3385 μελέτω
430 3297 468 3368 τὸ
485 3303 647 3369 ἐνθεῦτεν
674 3299 761 3377 όκως
774 3298 820 3384 μή
833 3319 872 3365 σε
886 3295 1002 3378 ὄψεται
1016 3295 1111 3366 ίόντα
1168 3314 1170 3321 ·

112 3397 164 3467 διδ
177 3401 325 3485 θυρέων.
356 3397 392 3470 Ὁ
416 3397 540 3486 μὲνδὴ
572 3404 616 3480 ὡς
651 3395 713 3467 ούκ
736 3395 883 3484 ἠδύνατο
919 3400 1111 3479 διαφυγεῖν,
1127 3409 1160 3461 ιο

111 3493 152 3587 ἦν
162 3505 306 3588 ἑτοῖμος·
325 3498 393 3570 ὁδδ
405 3502 617 3589 Κανδαύλης,
634 3502 703 3569 ἐπεὶ
716 3499 828 3567 ἐδόκεε
843 3495 912 3581 ὅρη
927 3502 984 3582 τῆς
1000 3500 1111 3578 κοίτης
