2500 3925
175 207 239 277 354
553 212 807 273 HERODOTI

172 390 235 458 σφι
247 369 332 458 πρός
346 371 450 461 ταύτῃ
467 370 546 439 τόδε
561 376 643 459 ἔργα
657 400 693 442 τε
712 376 769 443 καὶ
785 379 866 443 ἔτεα
882 383 1100 461 προσθεῖναι.
1120 372 1167 447 τῦί

173 475 236 559 μὲν
249 470 401 559 γεφύρης
415 470 511 541 λύειν
527 468 568 539 τὰ
588 470 673 541 κατὰ
688 472 768 553 τοὺς
781 474 926 555 Σκύθας
946 475 1056 559 ἐόντα,
1081 469 1173 537 ιιυειι

174 573 210 639 δὲ
230 568 313 639 ὅσον
325 570 470 657 τόξευμα
491 572 686 655 ἐξικνέεται,
708 575 766 638 ἵνα
782 573 838 640 καὶ
851 574 979 639 ποιέειν
991 595 1024 636 τι
1039 570 1166 635 δοκέωσι

172 675 346 749 ποιεῦντες
367 668 472 756 μηδὲν
496 670 552 739 καὶ
569 674 604 739 οδ
616 671 756 740 Σκύθαι
775 667 820 758 μὴ
840 669 1006 761 πειρῴατο
1019 664 1168 755 βιόμενοι

171 774 327 857 διαβῆναι
354 766 415 838 τὸν
436 766 568 855 Ἵστρον
597 766 682 838 κατέ
711 766 774 855 τὴν
802 766 974 854 γέφυραν,
1009 769 1119 834 εἰπεῖν
1144 788 1170 831 τε

169 869 312 951 λύοντας
340 873 400 956 τὴς
428 868 577 957 γεφύρης
607 868 645 939 τό
670 872 703 949 ἐς
725 867 788 956 τὴν
811 864 989 953 Σκυθικὴν
1012 872 1110 953 έχου,
1138 861 1172 943 ὑς

170 970 279 1040 πάντα
301 969 477 1057 ποιήσουσι
506 968 547 1039 τοὶ
573 968 737 1059 Στιύθησί
758 971 827 1038 ἐστι
851 969 888 1037 ἐν
916 964 1036 1057 ἡδονῇ
1080 969 1173 1035 ταῦτα

174 1071 236 1159 μὲν
251 1073 468 1157 προσέθηκαν
478 1078 518 1161 τῇ
527 1074 663 1162 γνώμη,
685 1071 768 1161 μετὰ
783 1073 820 1143 δὲ
835 1076 872 1143 ἐκ
887 1072 1027 1142 πάντων
1040 1068 1170 1156 ὑπεκρί-

173 1200 253 1243 νατο
273 1171 423 1252 Ἱστιαῖος
446 1172 527 1242 τάδε
550 1176 675 1261 λέγων·
708 1174 849 1262 ἐίυδρες
870 1174 1026 1258 Σκύθαι,
1054 1166 1170 1258 χρηστὰ

172 1270 268 1360 ἥκετε
285 1272 445 1356 φέροντες
464 1275 520 1341 καὶ
536 1278 570 1351 ἐς
591 1270 712 1359 καιρόν
726 1276 911 1361 ἐπείγεσθε.
938 1275 995 1341 καὶ
1008 1272 1051 1340 τό
1068 1296 1105 1338 τε
1119 1263 1170 1336 ἀπ’

171 1369 284 1458 ὑμέων
298 1366 379 1457 ἡμίν
391 1377 541 1457 χρηστῶς
555 1369 694 1441 ὁδοῦται
706 1371 814 1443 καὶτὰ
827 1369 886 1441 ἄπ’
902 1368 1017 1459 ἡμέων
1031 1372 1066 1449 ἐς
1077 1366 1173 1455 ὑμέας

172 1472 349 1555 ἐπιτηδέως
363 1464 588 1556 ὑπηρετέεται.
619 1468 664 1550 ὦς
680 1468 746 1559 γὰρ
761 1468 879 1559 ὁρᾶτε,
900 1474 958 1540 καί
973 1468 1105 1556 λύομεν
1118 1463 1172 1534 τόν

171 1566 280 1654 πόρον
303 1568 359 1636 καί
377 1574 574 1655 προθυμίην
597 1576 710 1638 πᾶσαν
736 1572 871 1657 ἕξομεν,
893 1571 1070 1645 ἐθέλοντες
1095 1562 1172 1633 εἶναι

171 1666 355 1752 ἐλεύθεροι.
386 1668 423 1735 ἐν
446 1659 473 1758 ᾦ
495 1669 531 1735 δὲ
555 1663 650 1755 ἡμεῖς
669 1668 750 1737 τόδε
769 1668 913 1755 λύομεν,
935 1664 1041 1753 ὑμέας
1062 1671 1173 1747 καιρός

171 1768 238 1834 ἐστι
254 1769 407 1853 δίζησθαι
422 1770 587 1852 ἐκείνους,
610 1764 773 1853 εὑρόντας
788 1768 824 1837 δέ
841 1764 926 1851 ὑπέρ
943 1790 980 1833 τε
993 1760 1110 1851 ἡμέων
1124 1760 1172 1828 καλ

104 1895 152 1951 140
169 1860 283 1951 ὑμέων
297 1862 411 1933 αὐτῶν
425 1872 583 1934 τίσασθαι
597 1864 688 1934 οὑτω
703 1861 748 1945 ὑς
759 1870 908 1944 ἐκείνους
918 1864 1049 1951 πρέπει.
1081 1859 1173 1929 Σκύ·

167 1974 230 2032 θαι
245 1965 307 2050 μέν
325 1961 362 2034 τό
382 1962 541 2051 δεύτερον
549 1962 642 2034 Ἴωσι
662 1965 899 2044 πιστεύσαντες
915 1968 1027 2051 λέγειν
1048 1957 1173 2048 όληθέα

168 2058 379 2149 ὑπέστρεφον
399 2065 452 2132 ἐπί
473 2063 607 2150 ζήτησιν
626 2072 695 2133 τῶν
710 2069 888 2153 Περσέων,
909 2067 966 2133 καὶ
978 2061 1173 2150 ἡμάρτανον

168 2160 276 2246 πόσης
290 2167 347 2248 τῆς
365 2164 503 2231 ἐκείνων
519 2163 682 2244 διεξόδου.
705 2175 807 2236 αλτιοι
827 2163 864 2232 δέ
883 2163 1009 2232 τούτου
1031 2158 1130 2230 αὑτοὶ
1144 2161 1175 2226 οί

169 2258 307 2326 Σκύθαι
322 2260 493 2349 ἐγένοντο,
509 2259 568 2340 τὰς
581 2261 688 2350 νομός
699 2271 768 2335 των
777 2266 893 2332 ἰ’κπων
904 2260 964 2341 τὰς
978 2259 1088 2349 ταύτῃ
1102 2262 1174 2330 δια-

167 2361 368 2442 φθείραντες
382 2363 437 2426 καί
451 2356 492 2427 τό
508 2358 615 2429 ὕδατα
627 2361 868 2449 συγχώσαντες.
893 2365 924 2428 εί
932 2356 1000 2446 γὰρ
1010 2363 1119 2426 ταῦτα
1129 2352 1172 2441 μὴ

166 2453 342 2544 έποίησαν,
357 2471 492 2544 παρεῖχε
506 2454 551 2524 όν
565 2479 638 2546 σφι,
654 2465 684 2527 εί
697 2461 891 2548 ἐβούλοντο,
906 2455 1073 2536 εὐπετέως
1083 2460 1174 2534 ἐξευ-

167 2568 239 2642 ρεῖν
269 2552 349 2635 τοὺς
362 2559 510 2644 Πέρσας·
531 2563 599 2624 νῦν
613 2557 650 2625 δέ
659 2559 701 2626 τό
715 2578 776 2644 σφι
791 2557 905 2627 ἐδόκεε
918 2553 1041 2644 ἄριστα
1050 2560 1175 2640 βεβου-

165 2659 324 2740 λεῦσθαι,
339 2653 423 2722 κατὰ
438 2661 542 2723 ταῦτα
556 2657 760 2743 ἐσφάλησαν.
804 2655 945 2726 Σκύθαι
957 2657 1023 2742 μέν
1037 2679 1104 2722 νυν
1115 2656 1176 2736 τῆς

166 2752 326 2837 σφετέρης
340 2751 450 2838 χοόρης
463 2759 503 2841 τῇ
517 2752 608 2839 χιλός
624 2781 661 2821 τε
677 2769 763 2823 τοῖσι
778 2758 910 2824 ἵπποισι
923 2757 980 2822 καὶ
995 2751 1104 2822 ὑδατα
1115 2743 1175 2837 ἡν,

164 2846 268 2936 ταύτη
279 2846 457 2928 διεξιόντες
471 2851 618 2935 ἐδίζηντο
633 2847 713 2930 τούς
727 2848 983 2938 όντιπολέμους,
998 2853 1173 2926 δοκέοντες

165 2946 220 3011 καὶ
234 2946 382 3024 ἐκείνους
397 2943 452 3012 διὰ
466 2946 629 3013 τοιούτων
643 2947 706 3034 τὴν
719 2946 908 3036 ἀπόδρησιν
920 2953 1114 3033 ποιέεσθαι,
1139 2948 1175 3012 οἱ

164 3039 201 3106 δὲ
218 3037 258 3124 δὴ
276 3042 403 3126 Πέρσαι
424 3037 485 3107 τόν
504 3042 672 3131 πρότερον
687 3047 822 3116 ἑωυτῶν
835 3047 1025 3134 γενόμενον
1045 3053 1174 3134 στίβον,

163 3142 284 3202 τοῦτον
301 3137 568 3222 φυλόσσοντες”
545 3161 662 3230 ηισαν,
684 3142 792 3212 καθ’
755 3143 845 3212 ούτω
865 3143 964 3230 μόγις
986 3135 1092 3230 εὑρον
1111 3138 1174 3208 τόν

163 3231 280 3318 πόρον
302 3232 355 3302 οἱα
372 3237 408 3304 δὲ
423 3240 546 3316 νυκτός
565 3265 601 3306 τε
618 3238 817 3330 ἀπικόμενοι
835 3245 892 3312 καὶ
907 3247 1096 3369 λελυμένης
1114 3248 1175 3327 τῆς
1215 3258 1217 3377 χ

163 3350 314 3413 γεφνρης
334 3331 563 3417 έντυχόντες’
547 3360 579 3412 ες
602 3344 714 3406 πᾶσαν
738 3338 955 3429 ἀρρωδίηυ’
936 3347 1090 3418 απίκατο
1125 3334 1217 3427 uvi*

98 3441 144 3498 141
163 3441 267 3506 σφεας
287 3423 348 3490 off
343 3436 445 3507 Ιωνες
460 3436 539 3498 έωσι
559 3428 824 3518 ἀπολελοιπότες.
866 3433 929 3507 Ἦν
950 3441 988 3509 δὲ
1003 3465 1079 3508 περι
1113 3449 1176 3507 ία-
