<?xml version="1.0" encoding="UTF-8"?>
<!DOCTYPE html PUBLIC "-//W3C//DTD XHTML 1.0 Transitional//EN"
    "http://www.w3.org/TR/xhtml1/DTD/xhtml1-transitional.dtd">
<html xmlns="http://www.w3.org/1999/xhtml" xml:lang="en" lang="en">
 <head>
  <title>
</title>
<meta http-equiv="Content-Type" content="text/html;charset=utf-8" />
  <meta name='ocr-system' content='tesseract 3.04.00' />
  <meta name='ocr-capabilities' content='ocr_page ocr_carea ocr_par ocr_line ocrx_word'/>
</head>
<body>
  <div class='ocr_page' id='page_1' title='image "./herodotihistori00dietgoog_0409.png"; bbox 0 0 2500 3925; ppageno 0'>
   <div class='ocr_carea' id='block_1_1' title="bbox 366 217 1095 287">
    <p class='ocr_par' dir='ltr' id='par_1_1' title="bbox 366 217 1095 287">
     <span class='ocr_line' id='line_1_1' title="bbox 366 217 1095 287; baseline 0.005 -13"><span class='ocrx_word' id='word_1_1' title='bbox 366 219 452 274; x_wconf 88' lang='lat' dir='ltr'><strong>LIB.</strong></span> <span class='ocrx_word' id='word_1_2' title='bbox 484 219 520 275; x_wconf 88' lang='lat' dir='ltr'><strong><em>V.</em></strong></span> <span class='ocrx_word' id='word_1_3' title='bbox 553 217 651 287; x_wconf 65' lang='lat' dir='ltr'><strong><em>m.</em></strong></span> <span class='ocrx_word' id='word_1_4' title='bbox 687 223 827 278; x_wconf 75' lang='lat'><strong>18—22.</strong></span> <span class='ocrx_word' id='word_1_5' title='bbox 1073 219 1095 278; x_wconf 82' lang='grc'>9</span> 
     </span>
    </p>
   </div>
   <div class='ocr_carea' id='block_1_2' title="bbox 5 369 1189 3517">
    <p class='ocr_par' dir='ltr' id='par_1_2' title="bbox 88 369 1095 1842">
     <span class='ocr_line' id='line_1_2' title="bbox 90 369 1095 466; baseline -0.002 -20"><span class='ocrx_word' id='word_1_6' title='bbox 90 383 306 466; x_wconf 75' lang='grc' dir='ltr'><em>γυναικηίην,</em></span> <span class='ocrx_word' id='word_1_7' title='bbox 329 371 430 452; x_wconf 75' lang='grc' dir='ltr'><strong><em>αὐτὸς</em></strong></span> <span class='ocrx_word' id='word_1_8' title='bbox 444 369 513 440; x_wconf 74' lang='grc' dir='ltr'><strong><em>δδό</em></strong></span> <span class='ocrx_word' id='word_1_9' title='bbox 532 370 745 462; x_wconf 76' lang='grc' dir='ltr'><strong><em>Ἀλέξανδρος</em></strong></span> <span class='ocrx_word' id='word_1_10' title='bbox 762 385 855 454; x_wconf 86' lang='grc' dir='ltr'><strong><em>ίσους</em></strong></span> <span class='ocrx_word' id='word_1_11' title='bbox 871 383 945 465; x_wconf 78' lang='grc' dir='ltr'><strong><em>τῇσι</em></strong></span> <span class='ocrx_word' id='word_1_12' title='bbox 961 380 1095 465; x_wconf 79' lang='grc' dir='ltr'><strong><em>γυναιξί</em></strong></span> 
     </span>
     <span class='ocr_line' id='line_1_3' title="bbox 88 471 1094 564; baseline -0.001 -20"><span class='ocrx_word' id='word_1_13' title='bbox 88 472 239 563; x_wconf 83' lang='grc' dir='ltr'><strong><em>άριθμδν</em></strong></span> <span class='ocrx_word' id='word_1_14' title='bbox 253 471 378 559; x_wconf 86' lang='grc' dir='ltr'><strong><em>άνδρας</em></strong></span> <span class='ocrx_word' id='word_1_15' title='bbox 398 477 619 557; x_wconf 66' lang='grc' dir='ltr'><strong><em>λειογενείους</em></strong></span> <span class='ocrx_word' id='word_1_16' title='bbox 638 481 679 562; x_wconf 81' lang='grc' dir='ltr'><strong><em>τῃ</em></strong></span> <span class='ocrx_word' id='word_1_17' title='bbox 699 478 770 542; x_wconf 80' lang='grc' dir='ltr'><strong><em>τάν</em></strong></span> <span class='ocrx_word' id='word_1_18' title='bbox 788 482 961 560; x_wconf 79' lang='grc' dir='ltr'><strong><em>γυναικῶν</em></strong></span> <span class='ocrx_word' id='word_1_19' title='bbox 978 479 1094 564; x_wconf 76' lang='grc' dir='ltr'><strong><em>ἐσθῆτι</em></strong></span> 
     </span>
     <span class='ocr_line' id='line_1_4' title="bbox 88 571 1093 662; baseline 0 -21"><span class='ocrx_word' id='word_1_20' title='bbox 88 571 255 650; x_wconf 77' lang='grc' dir='ltr'><strong><em>σκευάσας</em></strong></span> <span class='ocrx_word' id='word_1_21' title='bbox 269 573 322 638; x_wconf 77' lang='grc' dir='ltr'><strong><em>καί</em></strong></span> <span class='ocrx_word' id='word_1_22' title='bbox 339 571 517 656; x_wconf 79' lang='grc' dir='ltr'><strong><em>ἐγχειρίδια</em></strong></span> <span class='ocrx_word' id='word_1_23' title='bbox 533 571 613 649; x_wconf 85' lang='grc' dir='ltr'><strong><em>δοδς</em></strong></span> <span class='ocrx_word' id='word_1_24' title='bbox 632 580 761 659; x_wconf 86' lang='grc' dir='ltr'><strong><em>παρῆγε</em></strong></span> <span class='ocrx_word' id='word_1_25' title='bbox 776 579 857 660; x_wconf 79' lang='grc' dir='ltr'><strong><em>ἔσω,</em></strong></span> <span class='ocrx_word' id='word_1_26' title='bbox 879 574 1042 662; x_wconf 75' lang='grc' dir='ltr'><strong><em>παράγων</em></strong></span> <span class='ocrx_word' id='word_1_27' title='bbox 1056 573 1093 642; x_wconf 69' lang='grc' dir='ltr'><strong><em>δέ</em></strong></span> 
     </span>
     <span class='ocr_line' id='line_1_5' title="bbox 88 664 1093 756; baseline 0 -18"><span class='ocrx_word' id='word_1_28' title='bbox 88 670 229 747; x_wconf 81' lang='grc' dir='ltr'><strong><em>τούτους</em></strong></span> <span class='ocrx_word' id='word_1_29' title='bbox 251 675 343 754; x_wconf 78' lang='grc' dir='ltr'><strong><em>ἔλεγε</em></strong></span> <span class='ocrx_word' id='word_1_30' title='bbox 361 682 446 735; x_wconf 81' lang='grc' dir='ltr'><strong><em>τοῖσι</em></strong></span> <span class='ocrx_word' id='word_1_31' title='bbox 461 671 610 756; x_wconf 88' lang='grc' dir='ltr'><strong><em>Πέρσῃσι</em></strong></span> <span class='ocrx_word' id='word_1_32' title='bbox 629 670 728 737; x_wconf 86' lang='grc' dir='ltr'><strong><em>τάδε·</em></strong></span> <span class='ocrx_word' id='word_1_33' title='bbox 762 664 801 737; x_wconf 77' lang='grc' dir='ltr'><em>Ὠ</em></span> <span class='ocrx_word' id='word_1_34' title='bbox 815 673 959 756; x_wconf 77' lang='grc' dir='ltr'><strong><em>Πέρσαι,</em></strong></span> <span class='ocrx_word' id='word_1_35' title='bbox 982 682 1093 740; x_wconf 88' lang='grc' dir='ltr'><strong><em>οίκατε</em></strong></span> 
     </span>
     <span class='ocr_line' id='line_1_6' title="bbox 88 765 1074 855; baseline -0.003 -16"><span class='ocrx_word' id='word_1_36' title='bbox 88 771 270 854; x_wconf 78' lang='grc' dir='ltr'><strong><em>πανδαισίῃ</em></strong></span> <span class='ocrx_word' id='word_1_37' title='bbox 282 767 376 854; x_wconf 85' lang='grc' dir='ltr'><strong><em>τελέῃ</em></strong></span> <span class='ocrx_word' id='word_1_38' title='bbox 391 770 576 850; x_wconf 84' lang='grc' dir='ltr'><strong><em>ίστιῆσθαι·</em></strong></span> <span class='ocrx_word' id='word_1_39' title='bbox 605 767 647 834; x_wconf 91' lang='grc' dir='ltr'><strong><em>τά</em></strong></span> <span class='ocrx_word' id='word_1_40' title='bbox 666 793 702 834; x_wconf 91' lang='grc' dir='ltr'><strong><em>τε</em></strong></span> <span class='ocrx_word' id='word_1_41' title='bbox 718 765 783 854; x_wconf 84' lang='grc' dir='ltr'><strong><em>γάρ</em></strong></span> <span class='ocrx_word' id='word_1_42' title='bbox 805 765 905 855; x_wconf 84' lang='grc' dir='ltr'><strong><em>άλλα,</em></strong></span> <span class='ocrx_word' id='word_1_43' title='bbox 927 766 991 835; x_wconf 82' lang='grc' dir='ltr'><strong><em>ὅσα</em></strong></span> <span class='ocrx_word' id='word_1_44' title='bbox 1006 778 1074 854; x_wconf 87' lang='grc' dir='ltr'><strong><em>είχο</em></strong></span> 
     </span>
     <span class='ocr_line' id='line_1_7' title="bbox 89 856 1093 954; baseline -0.004 -19"><span class='ocrx_word' id='word_1_45' title='bbox 89 893 168 954; x_wconf 85' lang='grc' dir='ltr'><strong><em>μεν,</em></strong></span> <span class='ocrx_word' id='word_1_46' title='bbox 187 867 241 933; x_wconf 82' lang='grc' dir='ltr'><strong><em>καί</em></strong></span> <span class='ocrx_word' id='word_1_47' title='bbox 258 861 342 950; x_wconf 84' lang='grc' dir='ltr'><strong><em>πρὸς</em></strong></span> <span class='ocrx_word' id='word_1_48' title='bbox 357 860 397 930; x_wconf 83' lang='grc' dir='ltr'><strong><em>τά</em></strong></span> <span class='ocrx_word' id='word_1_49' title='bbox 413 859 467 934; x_wconf 87' lang='grc' dir='ltr'><strong><em>οἷά</em></strong></span> <span class='ocrx_word' id='word_1_50' title='bbox 482 889 517 930; x_wconf 86' lang='grc' dir='ltr'><strong><em>τε</em></strong></span> <span class='ocrx_word' id='word_1_51' title='bbox 531 856 576 949; x_wconf 76' lang='grc' dir='ltr'><strong><em>ἦν</em></strong></span> <span class='ocrx_word' id='word_1_52' title='bbox 590 863 787 952; x_wconf 83' lang='grc' dir='ltr'><strong><em>ἐξευρόντας</em></strong></span> <span class='ocrx_word' id='word_1_53' title='bbox 801 871 968 951; x_wconf 87' lang='grc' dir='ltr'><strong><em>παρέχειν,</em></strong></span> <span class='ocrx_word' id='word_1_54' title='bbox 982 865 1093 933; x_wconf 89' lang='grc' dir='ltr'><strong><em>πάντα</em></strong></span> 
     </span>
     <span class='ocr_line' id='line_1_8' title="bbox 89 958 1094 1053; baseline -0.003 -19"><span class='ocrx_word' id='word_1_55' title='bbox 89 965 171 1053; x_wconf 81' lang='grc' dir='ltr'><strong><em>ὑμίν</em></strong></span> <span class='ocrx_word' id='word_1_56' title='bbox 184 963 341 1050; x_wconf 85' lang='grc' dir='ltr'><strong><em>πάρεστι,</em></strong></span> <span class='ocrx_word' id='word_1_57' title='bbox 363 963 418 1028; x_wconf 82' lang='grc' dir='ltr'><strong><em>καί</em></strong></span> <span class='ocrx_word' id='word_1_58' title='bbox 435 958 474 1047; x_wconf 76' lang='grc' dir='ltr'><strong><em>δὴ</em></strong></span> <span class='ocrx_word' id='word_1_59' title='bbox 490 964 545 1029; x_wconf 89' lang='grc' dir='ltr'><strong><em>καί</em></strong></span> <span class='ocrx_word' id='word_1_60' title='bbox 558 962 635 1030; x_wconf 86' lang='grc' dir='ltr'><strong><em>τόδε</em></strong></span> <span class='ocrx_word' id='word_1_61' title='bbox 651 960 689 1030; x_wconf 86' lang='grc' dir='ltr'><strong><em>τό</em></strong></span> <span class='ocrx_word' id='word_1_62' title='bbox 704 962 841 1031; x_wconf 87' lang='grc' dir='ltr'><strong><em>πάντων</em></strong></span> <span class='ocrx_word' id='word_1_63' title='bbox 851 967 1018 1050; x_wconf 82' lang='grc' dir='ltr'><strong><em>μέγιστον,</em></strong></span> <span class='ocrx_word' id='word_1_64' title='bbox 1033 963 1094 1042; x_wconf 87' lang='grc' dir='ltr'><strong><em>τάς</em></strong></span> 
     </span>
     <span class='ocr_line' id='line_1_9' title="bbox 88 1057 1093 1149; baseline -0.004 -17"><span class='ocrx_word' id='word_1_65' title='bbox 88 1091 124 1133; x_wconf 90' lang='grc' dir='ltr'><strong><em>τε</em></strong></span> <span class='ocrx_word' id='word_1_66' title='bbox 139 1066 274 1132; x_wconf 77' lang='grc' dir='ltr'><strong><em>ἑωυτῶν</em></strong></span> <span class='ocrx_word' id='word_1_67' title='bbox 287 1061 429 1147; x_wconf 82' lang='grc' dir='ltr'><strong><em>μητέρας</em></strong></span> <span class='ocrx_word' id='word_1_68' title='bbox 448 1060 503 1127; x_wconf 86' lang='grc' dir='ltr'><strong><em>καί</em></strong></span> <span class='ocrx_word' id='word_1_69' title='bbox 523 1057 582 1138; x_wconf 83' lang='grc' dir='ltr'><strong><em>τάς</em></strong></span> <span class='ocrx_word' id='word_1_70' title='bbox 603 1058 769 1145; x_wconf 78' lang='grc' dir='ltr'><strong><em>ἀδελφεάς</em></strong></span> <span class='ocrx_word' id='word_1_71' title='bbox 786 1061 1093 1149; x_wconf 73' lang='grc' dir='ltr'><strong><em>ἐπιδαψιλευόμεθα</em></strong></span> 
     </span>
     <span class='ocr_line' id='line_1_10' title="bbox 88 1159 1091 1251; baseline -0.004 -17"><span class='ocrx_word' id='word_1_72' title='bbox 88 1163 180 1251; x_wconf 76' lang='grc' dir='ltr'><strong><em>ὑμῖν,</em></strong></span> <span class='ocrx_word' id='word_1_73' title='bbox 197 1160 241 1241; x_wconf 82' lang='grc' dir='ltr'><strong><em>ὡς</em></strong></span> <span class='ocrx_word' id='word_1_74' title='bbox 255 1161 441 1238; x_wconf 76' lang='grc' dir='ltr'><strong><em>παντελέως</em></strong></span> <span class='ocrx_word' id='word_1_75' title='bbox 453 1160 583 1246; x_wconf 85' lang='grc' dir='ltr'><strong><em>μάθητε</em></strong></span> <span class='ocrx_word' id='word_1_76' title='bbox 605 1159 879 1249; x_wconf 83' lang='grc' dir='ltr'><strong><em>τιμεόμενοιπρός</em></strong></span> <span class='ocrx_word' id='word_1_77' title='bbox 888 1160 1091 1248; x_wconf 63' lang='grc' dir='ltr'><strong><em>ἡμέωντῶνι</em></strong></span> 
     </span>
     <span class='ocr_line' id='line_1_11' title="bbox 89 1256 1094 1350; baseline -0.007 -18"><span class='ocrx_word' id='word_1_78' title='bbox 89 1268 151 1347; x_wconf 86' lang='grc' dir='ltr'><strong><em>πέρ</em></strong></span> <span class='ocrx_word' id='word_1_79' title='bbox 168 1265 240 1330; x_wconf 84' lang='grc' dir='ltr'><strong><em>ἐστε</em></strong></span> <span class='ocrx_word' id='word_1_80' title='bbox 254 1258 356 1342; x_wconf 82' lang='grc' dir='ltr'><strong><em>άξιοι,</em></strong></span> <span class='ocrx_word' id='word_1_81' title='bbox 379 1256 463 1344; x_wconf 84' lang='grc' dir='ltr'><strong><em>πρὸς</em></strong></span> <span class='ocrx_word' id='word_1_82' title='bbox 478 1259 514 1326; x_wconf 74' lang='grc' dir='ltr'><strong><em>δὲ</em></strong></span> <span class='ocrx_word' id='word_1_83' title='bbox 529 1262 584 1326; x_wconf 76' lang='grc' dir='ltr'><strong><em>καὶ</em></strong></span> <span class='ocrx_word' id='word_1_84' title='bbox 598 1265 729 1346; x_wconf 70' lang='grc' dir='ltr'><strong><em>βασιλέα·</em></strong></span> <span class='ocrx_word' id='word_1_85' title='bbox 742 1267 788 1350; x_wconf 73' lang='grc' dir='ltr'><strong><em>τῷ</em></strong></span> <span class='ocrx_word' id='word_1_86' title='bbox 801 1271 969 1346; x_wconf 70' lang='grc' dir='ltr'><strong><em>πέμψαντι</em></strong></span> <span class='ocrx_word' id='word_1_87' title='bbox 984 1260 1094 1344; x_wconf 83' lang='grc' dir='ltr'><strong><em>ἄπαγ-</em></strong></span> 
     </span>
     <span class='ocr_line' id='line_1_12' title="bbox 88 1350 1093 1449; baseline -0.007 -19"><span class='ocrx_word' id='word_1_88' title='bbox 88 1368 234 1449; x_wconf 84' lang='grc' dir='ltr'><strong><em>γελλῃτε,</em></strong></span> <span class='ocrx_word' id='word_1_89' title='bbox 257 1356 301 1438; x_wconf 83' lang='grc' dir='ltr'><strong><em>άς</em></strong></span> <span class='ocrx_word' id='word_1_90' title='bbox 317 1355 532 1444; x_wconf 81' lang='grc' dir='ltr'><strong><em>άνὴρἝλλῃν</em></strong></span> <span class='ocrx_word' id='word_1_91' title='bbox 546 1356 760 1426; x_wconf 80' lang='grc' dir='ltr'><strong><em>Μακεδόνων</em></strong></span> <span class='ocrx_word' id='word_1_92' title='bbox 773 1356 921 1445; x_wconf 78' lang='grc' dir='ltr'><strong><em>ὕπαρχος</em></strong></span> <span class='ocrx_word' id='word_1_93' title='bbox 936 1350 976 1426; x_wconf 80' lang='grc' dir='ltr'><strong><em>εὖ</em></strong></span> <span class='ocrx_word' id='word_1_94' title='bbox 990 1354 1093 1443; x_wconf 81' lang='grc' dir='ltr'><strong><em>ὑμέας</em></strong></span> 
     </span>
     <span class='ocr_line' id='line_1_13' title="bbox 89 1456 1093 1544; baseline -0.005 -17"><span class='ocrx_word' id='word_1_95' title='bbox 89 1462 219 1538; x_wconf 78' lang='grc' dir='ltr'><strong><em>ἐδέξατο</em></strong></span> <span class='ocrx_word' id='word_1_96' title='bbox 234 1459 289 1525; x_wconf 83' lang='grc' dir='ltr'><strong><em>καί</em></strong></span> <span class='ocrx_word' id='word_1_97' title='bbox 305 1459 446 1542; x_wconf 75' lang='grc' dir='ltr'><strong><em>τραπέζῃ</em></strong></span> <span class='ocrx_word' id='word_1_98' title='bbox 464 1457 518 1523; x_wconf 79' lang='grc' dir='ltr'><strong><em>καὶ</em></strong></span> <span class='ocrx_word' id='word_1_99' title='bbox 532 1461 635 1544; x_wconf 86' lang='grc' dir='ltr'><strong><em>κοίτῃ.</em></strong></span> <span class='ocrx_word' id='word_1_100' title='bbox 658 1464 762 1524; x_wconf 85' lang='grc' dir='ltr'><strong><em>ταῦτα</em></strong></span> <span class='ocrx_word' id='word_1_101' title='bbox 776 1467 870 1536; x_wconf 86' lang='grc' dir='ltr'><strong><em>είπας</em></strong></span> <span class='ocrx_word' id='word_1_102' title='bbox 882 1456 1093 1543; x_wconf 74' lang='grc' dir='ltr'><strong><em>Ἀλέξανδρος</em></strong></span> 
     </span>
     <span class='ocr_line' id='line_1_14' title="bbox 88 1551 1093 1645; baseline -0.001 -21"><span class='ocrx_word' id='word_1_103' title='bbox 88 1561 216 1642; x_wconf 77' lang='grc' dir='ltr'><strong><em>παρίζει</em></strong></span> <span class='ocrx_word' id='word_1_104' title='bbox 231 1557 344 1642; x_wconf 84' lang='grc' dir='ltr'><strong><em>Πέρσῃ</em></strong></span> <span class='ocrx_word' id='word_1_105' title='bbox 365 1551 592 1645; x_wconf 74' lang='grc' dir='ltr'><strong><em>άνδρδάνδρα</em></strong></span> <span class='ocrx_word' id='word_1_106' title='bbox 610 1555 797 1623; x_wconf 88' lang='grc' dir='ltr'><strong><em>Μακεδόνα</em></strong></span> <span class='ocrx_word' id='word_1_107' title='bbox 819 1553 863 1636; x_wconf 78' lang='grc' dir='ltr'><strong><em>ὡς</em></strong></span> <span class='ocrx_word' id='word_1_108' title='bbox 883 1569 1028 1642; x_wconf 78' lang='grc' dir='ltr'><strong><em>γυναῖκα</em></strong></span> <span class='ocrx_word' id='word_1_109' title='bbox 1046 1557 1093 1645; x_wconf 75' lang='grc' dir='ltr'><strong><em>τῷ</em></strong></span> 
     </span>
     <span class='ocr_line' id='line_1_15' title="bbox 89 1654 1092 1748; baseline -0.002 -22"><span class='ocrx_word' id='word_1_110' title='bbox 89 1657 193 1748; x_wconf 76' lang='grc' dir='ltr'><strong><em>λόγῳ·</em></strong></span> <span class='ocrx_word' id='word_1_111' title='bbox 217 1660 251 1723; x_wconf 87' lang='grc' dir='ltr'><strong><em>οί</em></strong></span> <span class='ocrx_word' id='word_1_112' title='bbox 260 1656 312 1742; x_wconf 76' lang='grc' dir='ltr'><strong><em>δὲ,</em></strong></span> <span class='ocrx_word' id='word_1_113' title='bbox 329 1657 403 1724; x_wconf 84' lang='grc' dir='ltr'><strong><em>έπεί</em></strong></span> <span class='ocrx_word' id='word_1_114' title='bbox 409 1659 447 1724; x_wconf 90' lang='grc' dir='ltr'><strong><em>τέ</em></strong></span> <span class='ocrx_word' id='word_1_115' title='bbox 456 1674 571 1742; x_wconf 86' lang='grc' dir='ltr'><strong><em>σφεων</em></strong></span> <span class='ocrx_word' id='word_1_116' title='bbox 583 1657 618 1722; x_wconf 91' lang='grc' dir='ltr'><strong><em>οί</em></strong></span> <span class='ocrx_word' id='word_1_117' title='bbox 622 1654 751 1744; x_wconf 89' lang='grc' dir='ltr'><strong><em>Πέρσαι</em></strong></span> <span class='ocrx_word' id='word_1_118' title='bbox 761 1654 882 1737; x_wconf 78' lang='grc' dir='ltr'><strong><em>φαόειν</em></strong></span> <span class='ocrx_word' id='word_1_119' title='bbox 892 1659 1092 1748; x_wconf 86' lang='grc' dir='ltr'><strong><em>ε’πειρέοντο,</em></strong></span> 
     </span>
     <span class='ocr_line' id='line_1_16' title="bbox 90 1751 450 1842; baseline 0 -20"><span class='ocrx_word' id='word_1_120' title='bbox 90 1755 301 1842; x_wconf 82' lang='grc' dir='ltr'><strong><em>διεργάζοντο</em></strong></span> <span class='ocrx_word' id='word_1_121' title='bbox 318 1751 450 1833; x_wconf 81' lang='grc' dir='ltr'><strong><em>αὐτούς.</em></strong></span> 
     </span>
    </p>

    <p class='ocr_par' dir='ltr' id='par_1_3' title="bbox 5 1842 1189 3517">
     <span class='ocr_line' id='line_1_17' title="bbox 5 1842 1137 1944; baseline 0 -22"><span class='ocrx_word' id='word_1_122' title='bbox 5 1847 8 1852; x_wconf 52' lang='grc'><strong>’</strong></span> <span class='ocrx_word' id='word_1_123' title='bbox 95 1888 101 1898; x_wconf 70' lang='lat'>=</span> <span class='ocrx_word' id='word_1_124' title='bbox 171 1858 237 1922; x_wconf 78' lang='grc' dir='ltr'><strong><em>Καὶ</em></strong></span> <span class='ocrx_word' id='word_1_125' title='bbox 259 1842 352 1920; x_wconf 81' lang='grc' dir='ltr'><strong><em>οὗτοι</em></strong></span> <span class='ocrx_word' id='word_1_126' title='bbox 373 1854 435 1939; x_wconf 75' lang='grc' dir='ltr'><strong><em>μέν</em></strong></span> <span class='ocrx_word' id='word_1_127' title='bbox 454 1851 561 1944; x_wconf 77' lang='grc' dir='ltr'><strong><em>τούτῳ</em></strong></span> <span class='ocrx_word' id='word_1_128' title='bbox 582 1859 629 1943; x_wconf 77' lang='grc' dir='ltr'><strong><em>τῷ</em></strong></span> <span class='ocrx_word' id='word_1_129' title='bbox 648 1852 742 1943; x_wconf 78' lang='grc' dir='ltr'><strong><em>μόρῳ</em></strong></span> <span class='ocrx_word' id='word_1_130' title='bbox 764 1851 1015 1939; x_wconf 82' lang='grc' dir='ltr'><strong><em>διεφθάρησαν,</em></strong></span> <span class='ocrx_word' id='word_1_131' title='bbox 1038 1855 1093 1922; x_wconf 83' lang='grc' dir='ltr'><strong><em>καὶ</em></strong></span> <span class='ocrx_word' id='word_1_132' title='bbox 1107 1879 1137 1932; x_wconf 78' lang='lat'><strong><em>21</em></strong></span> 
     </span>
     <span class='ocr_line' id='line_1_18' title="bbox 90 1947 1093 2040; baseline -0.001 -20"><span class='ocrx_word' id='word_1_133' title='bbox 90 1952 185 2022; x_wconf 81' lang='grc' dir='ltr'><strong><em>αὐτοὶ</em></strong></span> <span class='ocrx_word' id='word_1_134' title='bbox 206 1955 260 2021; x_wconf 81' lang='grc' dir='ltr'><strong><em>καὶ</em></strong></span> <span class='ocrx_word' id='word_1_135' title='bbox 279 1949 300 2040; x_wconf 74' lang='grc' dir='ltr'><em>ἡ</em></span> <span class='ocrx_word' id='word_1_136' title='bbox 321 1957 490 2040; x_wconf 85' lang='grc' dir='ltr'><strong><em>θεραπῃίῃ</em></strong></span> <span class='ocrx_word' id='word_1_137' title='bbox 512 1949 640 2019; x_wconf 75' lang='grc' dir='ltr'><strong><em>αὐτῶν·</em></strong></span> <span class='ocrx_word' id='word_1_138' title='bbox 674 1955 783 2019; x_wconf 79' lang='grc' dir='ltr'><strong><em>εἵπετο</em></strong></span> <span class='ocrx_word' id='word_1_139' title='bbox 804 1947 869 2039; x_wconf 86' lang='grc' dir='ltr'><strong><em>γάρ</em></strong></span> <span class='ocrx_word' id='word_1_140' title='bbox 892 1949 933 2039; x_wconf 83' lang='grc' dir='ltr'><strong><em>δή</em></strong></span> <span class='ocrx_word' id='word_1_141' title='bbox 954 1970 1015 2037; x_wconf 87' lang='grc' dir='ltr'><strong><em>σφι</em></strong></span> <span class='ocrx_word' id='word_1_142' title='bbox 1038 1953 1093 2020; x_wconf 85' lang='grc' dir='ltr'><strong><em>καί</em></strong></span> 
     </span>
     <span class='ocr_line' id='line_1_19' title="bbox 91 2046 1091 2137; baseline -0.001 -19"><span class='ocrx_word' id='word_1_143' title='bbox 91 2049 237 2137; x_wconf 76' lang='grc' dir='ltr'><strong><em>ὀχήματα</em></strong></span> <span class='ocrx_word' id='word_1_144' title='bbox 252 2054 307 2117; x_wconf 79' lang='grc' dir='ltr'><strong><em>καὶ</em></strong></span> <span class='ocrx_word' id='word_1_145' title='bbox 319 2050 527 2137; x_wconf 86' lang='grc' dir='ltr'><strong><em>θεράποντες</em></strong></span> <span class='ocrx_word' id='word_1_146' title='bbox 541 2053 596 2117; x_wconf 79' lang='grc' dir='ltr'><strong><em>καί</em></strong></span> <span class='ocrx_word' id='word_1_147' title='bbox 611 2046 633 2136; x_wconf 79' lang='grc' dir='ltr'><em>ἡ</em></span> <span class='ocrx_word' id='word_1_148' title='bbox 648 2056 737 2117; x_wconf 86' lang='grc' dir='ltr'><strong><em>πάσα</em></strong></span> <span class='ocrx_word' id='word_1_149' title='bbox 758 2048 863 2135; x_wconf 76' lang='grc' dir='ltr'><strong><em>πολλὴ</em></strong></span> <span class='ocrx_word' id='word_1_150' title='bbox 879 2050 1091 2137; x_wconf 78' lang='grc' dir='ltr'><strong><em>παρασκευή·</em></strong></span> 
     </span>
     <span class='ocr_line' id='line_1_20' title="bbox 89 2146 1093 2237; baseline 0.002 -20"><span class='ocrx_word' id='word_1_151' title='bbox 89 2150 199 2217; x_wconf 85' lang='grc' dir='ltr'><strong><em>πάντα</em></strong></span> <span class='ocrx_word' id='word_1_152' title='bbox 216 2146 256 2235; x_wconf 79' lang='grc' dir='ltr'><strong><em>δὴ</em></strong></span> <span class='ocrx_word' id='word_1_153' title='bbox 274 2155 376 2217; x_wconf 82' lang='grc' dir='ltr'><strong><em>ταῦτα</em></strong></span> <span class='ocrx_word' id='word_1_154' title='bbox 392 2148 460 2235; x_wconf 87' lang='grc' dir='ltr'><strong><em>άμα</em></strong></span> <span class='ocrx_word' id='word_1_155' title='bbox 474 2156 554 2217; x_wconf 86' lang='grc' dir='ltr'><strong><em>πάσι</em></strong></span> <span class='ocrx_word' id='word_1_156' title='bbox 572 2151 728 2219; x_wconf 88' lang='grc' dir='ltr'><strong><em>έκείνοισι</em></strong></span> <span class='ocrx_word' id='word_1_157' title='bbox 741 2147 916 2236; x_wconf 79' lang='grc' dir='ltr'><strong><em>ἠφάνιστο.</em></strong></span> <span class='ocrx_word' id='word_1_158' title='bbox 947 2148 1028 2237; x_wconf 84' lang='grc' dir='ltr'><strong><em>μετά</em></strong></span> <span class='ocrx_word' id='word_1_159' title='bbox 1054 2149 1093 2219; x_wconf 66' lang='grc' dir='ltr'><strong><em>δὲ</em></strong></span> 
     </span>
     <span class='ocr_line' id='line_1_21' title="bbox 88 2243 1092 2337; baseline 0.005 -24"><span class='ocrx_word' id='word_1_160' title='bbox 88 2247 198 2337; x_wconf 77' lang='grc' dir='ltr'><strong><em>χρόνῳ</em></strong></span> <span class='ocrx_word' id='word_1_161' title='bbox 214 2243 255 2313; x_wconf 82' lang='grc' dir='ltr'><strong><em>οὐ</em></strong></span> <span class='ocrx_word' id='word_1_162' title='bbox 271 2254 383 2337; x_wconf 79' lang='grc' dir='ltr'><strong><em>πολλῷ</em></strong></span> <span class='ocrx_word' id='word_1_163' title='bbox 398 2244 541 2335; x_wconf 78' lang='grc' dir='ltr'><strong><em>ὕστερον</em></strong></span> <span class='ocrx_word' id='word_1_164' title='bbox 581 2248 710 2336; x_wconf 79' lang='grc' dir='ltr'><strong><em>ζήτησις</em></strong></span> <span class='ocrx_word' id='word_1_165' title='bbox 724 2256 792 2317; x_wconf 80' lang='grc' dir='ltr'><strong><em>τῶν</em></strong></span> <span class='ocrx_word' id='word_1_166' title='bbox 813 2245 948 2334; x_wconf 76' lang='grc' dir='ltr'><strong><em>ἀνδρῶν</em></strong></span> <span class='ocrx_word' id='word_1_167' title='bbox 962 2250 1092 2317; x_wconf 77' lang='grc' dir='ltr'><strong><em>τούτων</em></strong></span> 
     </span>
     <span class='ocr_line' id='line_1_22' title="bbox 89 2345 1092 2436; baseline 0.003 -24"><span class='ocrx_word' id='word_1_168' title='bbox 89 2345 215 2431; x_wconf 86' lang='grc' dir='ltr'><strong><em>μεγάλῃ</em></strong></span> <span class='ocrx_word' id='word_1_169' title='bbox 232 2346 349 2411; x_wconf 76' lang='grc' dir='ltr'><strong><em>ἐκτῶν</em></strong></span> <span class='ocrx_word' id='word_1_170' title='bbox 359 2347 519 2433; x_wconf 85' lang='grc' dir='ltr'><strong><em>Περσέων</em></strong></span> <span class='ocrx_word' id='word_1_171' title='bbox 534 2350 680 2435; x_wconf 83' lang='grc' dir='ltr'><strong><em>ἐγίνετο,</em></strong></span> <span class='ocrx_word' id='word_1_172' title='bbox 694 2354 753 2415; x_wconf 91' lang='grc' dir='ltr'><strong><em>καί</em></strong></span> <span class='ocrx_word' id='word_1_173' title='bbox 764 2368 868 2433; x_wconf 88' lang='grc' dir='ltr'><strong><em>σφεας</em></strong></span> <span class='ocrx_word' id='word_1_174' title='bbox 879 2346 1092 2436; x_wconf 77' lang='grc' dir='ltr'><strong><em>Ἀλέξανδρος</em></strong></span> 
     </span>
     <span class='ocr_line' id='line_1_23' title="bbox 89 2442 1093 2533; baseline 0.003 -23"><span class='ocrx_word' id='word_1_175' title='bbox 89 2444 247 2527; x_wconf 84' lang='grc' dir='ltr'><strong><em>κατέλαβε</em></strong></span> <span class='ocrx_word' id='word_1_176' title='bbox 262 2448 381 2531; x_wconf 87' lang='grc' dir='ltr'><strong><em>σοφίῃ,</em></strong></span> <span class='ocrx_word' id='word_1_177' title='bbox 395 2444 546 2533; x_wconf 79' lang='grc' dir='ltr'><strong><em>χρήματά</em></strong></span> <span class='ocrx_word' id='word_1_178' title='bbox 561 2471 595 2513; x_wconf 87' lang='grc' dir='ltr'><strong><em>τε</em></strong></span> <span class='ocrx_word' id='word_1_179' title='bbox 611 2442 692 2523; x_wconf 86' lang='grc' dir='ltr'><strong><em>δοδς</em></strong></span> <span class='ocrx_word' id='word_1_180' title='bbox 702 2443 808 2514; x_wconf 78' lang='grc' dir='ltr'><strong><em>πολλοὶ</em></strong></span> <span class='ocrx_word' id='word_1_181' title='bbox 824 2448 878 2514; x_wconf 85' lang='grc' dir='ltr'><strong><em>καί</em></strong></span> <span class='ocrx_word' id='word_1_182' title='bbox 890 2444 953 2533; x_wconf 72' lang='grc' dir='ltr'><strong><em>τὴν</em></strong></span> <span class='ocrx_word' id='word_1_183' title='bbox 965 2449 1093 2515; x_wconf 81' lang='grc' dir='ltr'><strong><em>ἑωυτοῦ</em></strong></span> 
     </span>
     <span class='ocr_line' id='line_1_24' title="bbox 89 2534 1093 2629; baseline 0 -21"><span class='ocrx_word' id='word_1_184' title='bbox 89 2538 273 2627; x_wconf 79' lang='grc' dir='ltr'><strong><em>άδελφεὴν,</em></strong></span> <span class='ocrx_word' id='word_1_185' title='bbox 295 2548 335 2629; x_wconf 80' lang='grc' dir='ltr'><strong><em>τῇ</em></strong></span> <span class='ocrx_word' id='word_1_186' title='bbox 350 2538 479 2628; x_wconf 80' lang='grc' dir='ltr'><strong><em>οὕνομα</em></strong></span> <span class='ocrx_word' id='word_1_187' title='bbox 492 2534 537 2629; x_wconf 80' lang='grc' dir='ltr'><strong><em>ἦν</em></strong></span> <span class='ocrx_word' id='word_1_188' title='bbox 553 2548 699 2629; x_wconf 85' lang='grc' dir='ltr'><strong><em>Γυγαίῃ·</em></strong></span> <span class='ocrx_word' id='word_1_189' title='bbox 729 2538 809 2619; x_wconf 82' lang='grc' dir='ltr'><strong><em>δοδς</em></strong></span> <span class='ocrx_word' id='word_1_190' title='bbox 824 2541 860 2609; x_wconf 73' lang='grc' dir='ltr'><strong><em>δὲ</em></strong></span> <span class='ocrx_word' id='word_1_191' title='bbox 877 2550 980 2610; x_wconf 83' lang='grc' dir='ltr'><strong><em>ταῦτα</em></strong></span> <span class='ocrx_word' id='word_1_192' title='bbox 996 2546 1093 2609; x_wconf 76' lang='grc' dir='ltr'><strong><em>κατέ·-</em></strong></span> 
     </span>
     <span class='ocr_line' id='line_1_25' title="bbox 89 2635 1092 2729; baseline -0.001 -21"><span class='ocrx_word' id='word_1_193' title='bbox 89 2646 170 2725; x_wconf 85' lang='grc' dir='ltr'><strong><em>λαβε</em></strong></span> <span class='ocrx_word' id='word_1_194' title='bbox 184 2635 202 2705; x_wconf 84' lang='grc' dir='ltr'>ὁ</span> <span class='ocrx_word' id='word_1_195' title='bbox 214 2636 429 2726; x_wconf 76' lang='grc' dir='ltr'><strong><em>Ἀλέξανδρος</em></strong></span> <span class='ocrx_word' id='word_1_196' title='bbox 442 2640 603 2729; x_wconf 82' lang='grc' dir='ltr'><strong><em>Βουβάρῃ</em></strong></span> <span class='ocrx_word' id='word_1_197' title='bbox 618 2636 715 2726; x_wconf 79' lang='grc' dir='ltr'><strong><em>άνδρδ</em></strong></span> <span class='ocrx_word' id='word_1_198' title='bbox 729 2642 860 2728; x_wconf 87' lang='grc' dir='ltr'><strong><em>Πέρσῃ,</em></strong></span> <span class='ocrx_word' id='word_1_199' title='bbox 880 2648 947 2707; x_wconf 83' lang='grc' dir='ltr'><strong><em>των</em></strong></span> <span class='ocrx_word' id='word_1_200' title='bbox 962 2642 1092 2725; x_wconf 78' lang='grc' dir='ltr'><strong><em>διζημέ-</em></strong></span> 
     </span>
     <span class='ocr_line' id='line_1_26' title="bbox 88 2734 1092 2827; baseline -0.001 -22"><span class='ocrx_word' id='word_1_201' title='bbox 88 2765 160 2806; x_wconf 88' lang='grc' dir='ltr'><strong><em>νων</em></strong></span> <span class='ocrx_word' id='word_1_202' title='bbox 179 2734 259 2815; x_wconf 82' lang='grc' dir='ltr'><strong><em>τοδς</em></strong></span> <span class='ocrx_word' id='word_1_203' title='bbox 280 2734 510 2824; x_wconf 79' lang='grc' dir='ltr'><strong><em>ἀπολομένους</em></strong></span> <span class='ocrx_word' id='word_1_204' title='bbox 530 2744 576 2826; x_wconf 73' lang='grc' dir='ltr'><strong><em>τῷ</em></strong></span> <span class='ocrx_word' id='word_1_205' title='bbox 598 2744 779 2827; x_wconf 78' lang='grc' dir='ltr'><strong><em>στρατηγῷ.</em></strong></span> <span class='ocrx_word' id='word_1_206' title='bbox 813 2736 830 2805; x_wconf 88' lang='grc' dir='ltr'><strong>ὁ</strong></span> <span class='ocrx_word' id='word_1_207' title='bbox 854 2742 917 2825; x_wconf 90' lang='grc' dir='ltr'><strong><em>μέν</em></strong></span> <span class='ocrx_word' id='word_1_208' title='bbox 939 2765 1005 2806; x_wconf 90' lang='grc' dir='ltr'><strong><em>νυν</em></strong></span> <span class='ocrx_word' id='word_1_209' title='bbox 1024 2744 1092 2804; x_wconf 80' lang='grc' dir='ltr'><strong><em>τῶν</em></strong></span> 
     </span>
     <span class='ocr_line' id='line_1_27' title="bbox 88 2836 1090 2925; baseline -0.003 -18"><span class='ocrx_word' id='word_1_210' title='bbox 88 2840 248 2925; x_wconf 87' lang='grc' dir='ltr'><strong><em>Περσέων</em></strong></span> <span class='ocrx_word' id='word_1_211' title='bbox 263 2838 392 2915; x_wconf 85' lang='grc' dir='ltr'><strong><em>τούτων</em></strong></span> <span class='ocrx_word' id='word_1_212' title='bbox 406 2838 555 2916; x_wconf 86' lang='grc' dir='ltr'><strong><em>θάνατος</em></strong></span> <span class='ocrx_word' id='word_1_213' title='bbox 570 2836 659 2903; x_wconf 73' lang='grc' dir='ltr'><strong><em>οὕτω</em></strong></span> <span class='ocrx_word' id='word_1_214' title='bbox 675 2842 925 2922; x_wconf 83' lang='grc' dir='ltr'><strong><em>καταλαμφθεὶς</em></strong></span> <span class='ocrx_word' id='word_1_215' title='bbox 939 2840 1090 2925; x_wconf 77' lang='grc' dir='ltr'><strong><em>ἐσιγήθη.</em></strong></span> 
     </span>
     <span class='ocr_line' id='line_1_28' title="bbox 87 2932 1143 3025; baseline -0.005 -17"><span class='ocrx_word' id='word_1_216' title='bbox 87 2937 248 3025; x_wconf 83' lang='grc' dir='ltr'><strong><em>Ἕλληνας</em></strong></span> <span class='ocrx_word' id='word_1_217' title='bbox 263 2936 299 3005; x_wconf 76' lang='grc' dir='ltr'><strong><em>δδ</em></strong></span> <span class='ocrx_word' id='word_1_218' title='bbox 314 2934 398 3005; x_wconf 77' lang='grc' dir='ltr'><strong><em>εἶναι</em></strong></span> <span class='ocrx_word' id='word_1_219' title='bbox 411 2938 554 3015; x_wconf 81' lang='grc' dir='ltr'><strong><em>τούτους</em></strong></span> <span class='ocrx_word' id='word_1_220' title='bbox 566 2932 650 3015; x_wconf 83' lang='grc' dir='ltr'><strong><em>Ιτοδς</em></strong></span> <span class='ocrx_word' id='word_1_221' title='bbox 665 2932 730 3003; x_wconf 90' lang='grc' dir='ltr'><strong><em>άπδ</em></strong></span> <span class='ocrx_word' id='word_1_222' title='bbox 746 2940 938 3021; x_wconf 87' lang='grc' dir='ltr'><strong><em>Περδίκκεω</em></strong></span> <span class='ocrx_word' id='word_1_223' title='bbox 952 2935 1095 3023; x_wconf 87' lang='grc' dir='ltr'><strong><em>γεγονό·</em></strong></span> <span class='ocrx_word' id='word_1_224' title='bbox 1108 2948 1143 3003; x_wconf 74' lang='lat'><strong><em>22</em></strong></span> 
     </span>
     <span class='ocr_line' id='line_1_29' title="bbox 92 3032 1094 3125; baseline -0.003 -21"><span class='ocrx_word' id='word_1_225' title='bbox 92 3062 161 3121; x_wconf 86' lang='grc' dir='ltr'><strong><em>τας,</em></strong></span> <span class='ocrx_word' id='word_1_226' title='bbox 194 3035 340 3125; x_wconf 82' lang='grc' dir='ltr'><strong><em>κατάπερ</em></strong></span> <span class='ocrx_word' id='word_1_227' title='bbox 371 3032 465 3104; x_wconf 82' lang='grc' dir='ltr'><strong><em>αὐτοὶ</em></strong></span> <span class='ocrx_word' id='word_1_228' title='bbox 486 3038 638 3121; x_wconf 87' lang='grc' dir='ltr'><strong><em>λέγουσι,</em></strong></span> <span class='ocrx_word' id='word_1_229' title='bbox 661 3032 760 3112; x_wconf 81' lang='grc' dir='ltr'><strong><em>αὐτός</em></strong></span> <span class='ocrx_word' id='word_1_230' title='bbox 780 3061 815 3101; x_wconf 85' lang='grc' dir='ltr'><strong><em>τε</em></strong></span> <span class='ocrx_word' id='word_1_231' title='bbox 831 3034 920 3102; x_wconf 81' lang='grc' dir='ltr'><strong><em>οὕτω</em></strong></span> <span class='ocrx_word' id='word_1_232' title='bbox 940 3035 1094 3121; x_wconf 89' lang='grc' dir='ltr'><strong><em>τυγχάνω</em></strong></span> 
     </span>
     <span class='ocr_line' id='line_1_30' title="bbox 90 3128 1189 3220; baseline -0.001 -19"><span class='ocrx_word' id='word_1_233' title='bbox 90 3132 322 3219; x_wconf 76' lang='grc' dir='ltr'><strong><em>ἐπιστάμενος,</em></strong></span> <span class='ocrx_word' id='word_1_234' title='bbox 344 3134 400 3201; x_wconf 86' lang='grc' dir='ltr'><strong><em>καὶ</em></strong></span> <span class='ocrx_word' id='word_1_235' title='bbox 421 3132 461 3220; x_wconf 79' lang='grc' dir='ltr'><strong><em>δὴ</em></strong></span> <span class='ocrx_word' id='word_1_236' title='bbox 483 3136 539 3201; x_wconf 82' lang='grc' dir='ltr'><strong><em>καὶ</em></strong></span> <span class='ocrx_word' id='word_1_237' title='bbox 563 3138 599 3201; x_wconf 81' lang='grc' dir='ltr'><strong><em>ἐν</em></strong></span> <span class='ocrx_word' id='word_1_238' title='bbox 619 3147 705 3201; x_wconf 87' lang='grc' dir='ltr'><strong><em>τοῖσι</em></strong></span> <span class='ocrx_word' id='word_1_239' title='bbox 726 3128 848 3200; x_wconf 87' lang='grc' dir='ltr'><strong><em>όπισθε</em></strong></span> <span class='ocrx_word' id='word_1_240' title='bbox 864 3131 995 3219; x_wconf 90' lang='grc' dir='ltr'><strong><em>λόγοισι</em></strong></span> <span class='ocrx_word' id='word_1_241' title='bbox 1008 3128 1094 3200; x_wconf 90' lang='grc' dir='ltr'><strong><em>άπο-</em></strong></span> <span class='ocrx_word' id='word_1_242' title='bbox 1186 3147 1189 3151; x_wconf 82' lang='grc'><strong>“</strong></span> 
     </span>
     <span class='ocr_line' id='line_1_31' title="bbox 89 3227 1094 3320; baseline 0 -22"><span class='ocrx_word' id='word_1_243' title='bbox 89 3233 187 3317; x_wconf 81' lang='grc' dir='ltr'><strong><em>δέξω,</em></strong></span> <span class='ocrx_word' id='word_1_244' title='bbox 211 3228 255 3309; x_wconf 78' lang='grc' dir='ltr'><strong><em>ὡς</em></strong></span> <span class='ocrx_word' id='word_1_245' title='bbox 271 3228 513 3319; x_wconf 82' lang='grc' dir='ltr'><strong><em>είσὶἝλλῃνες,</em></strong></span> <span class='ocrx_word' id='word_1_246' title='bbox 536 3228 620 3319; x_wconf 86' lang='grc' dir='ltr'><strong><em>πρός</em></strong></span> <span class='ocrx_word' id='word_1_247' title='bbox 640 3231 747 3299; x_wconf 75' lang='grc' dir='ltr'><strong><em>δὲκαὶ</em></strong></span> <span class='ocrx_word' id='word_1_248' title='bbox 763 3235 797 3297; x_wconf 68' lang='lat' dir='ltr'><strong><em>oi</em></strong></span> <span class='ocrx_word' id='word_1_249' title='bbox 811 3227 870 3298; x_wconf 90' lang='grc' dir='ltr'><strong><em>τόν</em></strong></span> <span class='ocrx_word' id='word_1_250' title='bbox 885 3231 922 3297; x_wconf 88' lang='grc' dir='ltr'><strong><em>έν</em></strong></span> <span class='ocrx_word' id='word_1_251' title='bbox 932 3228 1094 3320; x_wconf 78' lang='grc' dir='ltr'><strong><em>Ὀλυμπίῃ</em></strong></span> 
     </span>
     <span class='ocr_line' id='line_1_32' title="bbox 90 3324 1094 3419; baseline 0.002 -22"><span class='ocrx_word' id='word_1_252' title='bbox 90 3332 258 3408; x_wconf 82' lang='grc' dir='ltr'><strong><em>διέποντες</em></strong></span> <span class='ocrx_word' id='word_1_253' title='bbox 278 3326 394 3416; x_wconf 80' lang='grc' dir='ltr'><strong><em>άγωνα</em></strong></span> <span class='ocrx_word' id='word_1_254' title='bbox 408 3329 578 3419; x_wconf 82' lang='grc' dir='ltr'><strong><em>Ἑλλήνων</em></strong></span> <span class='ocrx_word' id='word_1_255' title='bbox 594 3329 683 3399; x_wconf 78' lang='grc' dir='ltr'><strong><em>οὕτω</em></strong></span> <span class='ocrx_word' id='word_1_256' title='bbox 700 3336 852 3417; x_wconf 76' lang='grc' dir='ltr'><strong><em>ἔγνωσαν</em></strong></span> <span class='ocrx_word' id='word_1_257' title='bbox 867 3327 962 3396; x_wconf 78' lang='grc' dir='ltr'><strong><em>εἶναι.</em></strong></span> <span class='ocrx_word' id='word_1_258' title='bbox 1002 3324 1094 3399; x_wconf 55' lang='grc' dir='ltr'><strong><em>Ἀλα</em></strong></span> 
     </span>
     <span class='ocr_line' id='line_1_33' title="bbox 85 3423 1093 3517; baseline -0.007 -15"><span class='ocrx_word' id='word_1_259' title='bbox 85 3426 235 3515; x_wconf 82' lang='grc' dir='ltr'><strong><em>ξάνδρον</em></strong></span> <span class='ocrx_word' id='word_1_260' title='bbox 256 3424 321 3516; x_wconf 88' lang='grc' dir='ltr'><strong><em>γάρ</em></strong></span> <span class='ocrx_word' id='word_1_261' title='bbox 347 3426 526 3498; x_wconf 86' lang='grc' dir='ltr'><strong><em>άεθλεάειν</em></strong></span> <span class='ocrx_word' id='word_1_262' title='bbox 547 3431 708 3517; x_wconf 81' lang='grc' dir='ltr'><strong><em>ἑλομένου</em></strong></span> <span class='ocrx_word' id='word_1_263' title='bbox 730 3429 787 3495; x_wconf 77' lang='grc' dir='ltr'><strong><em>καὶ</em></strong></span> <span class='ocrx_word' id='word_1_264' title='bbox 812 3423 1019 3515; x_wconf 81' lang='grc' dir='ltr'><strong><em>καταβάντος</em></strong></span> <span class='ocrx_word' id='word_1_265' title='bbox 1036 3424 1093 3497; x_wconf 77' lang='grc' dir='ltr'><strong><em>ἐπ’</em></strong></span> 
     </span>
    </p>
   </div>
   <div class='ocr_carea' id='block_1_3' title="bbox 0 0 1254 3925">
    <p class='ocr_par' dir='ltr' id='par_1_4' title="bbox 0 0 1254 3925">
     <span class='ocr_line' id='line_1_34' title="bbox 0 0 1254 3925; baseline 0 0"><span class='ocrx_word' id='word_1_266' title='bbox 0 0 1254 3925; x_wconf 95' lang='lat' dir='ltr'><strong><em> </em></strong></span> 
     </span>
    </p>
   </div>
  </div>
 </body>
</html>
