<?xml version="1.0" encoding="UTF-8"?>
<!DOCTYPE html PUBLIC "-//W3C//DTD XHTML 1.0 Transitional//EN"
    "http://www.w3.org/TR/xhtml1/DTD/xhtml1-transitional.dtd">
<html xmlns="http://www.w3.org/1999/xhtml" xml:lang="en" lang="en">
 <head>
  <title>
</title>
<meta http-equiv="Content-Type" content="text/html;charset=utf-8" />
  <meta name='ocr-system' content='tesseract 3.04.00' />
  <meta name='ocr-capabilities' content='ocr_page ocr_carea ocr_par ocr_line ocrx_word'/>
</head>
<body>
  <div class='ocr_page' id='page_1' title='image "./herodotihistori00dietgoog_0066.png"; bbox 0 0 2500 3925; ppageno 0'>
   <div class='ocr_carea' id='block_1_1' title="bbox 177 274 810 339">
    <p class='ocr_par' dir='ltr' id='par_1_1' title="bbox 177 274 810 339">
     <span class='ocr_line' id='line_1_1' title="bbox 177 274 810 339; baseline -0.014 0"><span class='ocrx_word' id='word_1_1' title='bbox 177 274 221 339; x_wconf 76' lang='lat' dir='ltr'><strong><em>w</em></strong></span> <span class='ocrx_word' id='word_1_2' title='bbox 556 274 810 335; x_wconf 81' lang='lat' dir='ltr'><strong>HERODOTI</strong></span> 
     </span>
    </p>
   </div>
   <div class='ocr_carea' id='block_1_2' title="bbox 110 426 1241 3200">
    <p class='ocr_par' dir='ltr' id='par_1_2' title="bbox 174 426 1191 1808">
     <span class='ocr_line' id='line_1_2' title="bbox 178 426 1186 523; baseline -0.008 -18"><span class='ocrx_word' id='word_1_3' title='bbox 178 442 345 523; x_wconf 78' lang='grc' dir='ltr'><strong><em>γλῶσσαι,</em></strong></span> <span class='ocrx_word' id='word_1_4' title='bbox 366 432 449 505; x_wconf 86' lang='grc' dir='ltr'><strong><em>κατά</em></strong></span> <span class='ocrx_word' id='word_1_5' title='bbox 464 437 500 505; x_wconf 78' lang='grc' dir='ltr'><strong><em>δὲ</em></strong></span> <span class='ocrx_word' id='word_1_6' title='bbox 515 432 577 522; x_wconf 78' lang='grc' dir='ltr'><strong><em>τὴν</em></strong></span> <span class='ocrx_word' id='word_1_7' title='bbox 592 428 755 522; x_wconf 79' lang='grc' dir='ltr'><strong><em>Μηδικὴν</em></strong></span> <span class='ocrx_word' id='word_1_8' title='bbox 769 431 915 503; x_wconf 84' lang='grc' dir='ltr'><strong><em>Σπακό·</em></strong></span> <span class='ocrx_word' id='word_1_9' title='bbox 936 428 1000 521; x_wconf 76' lang='grc' dir='ltr'><strong><em>τὴν</em></strong></span> <span class='ocrx_word' id='word_1_10' title='bbox 1013 428 1079 519; x_wconf 80' lang='grc' dir='ltr'><strong><em>χάρ</em></strong></span> <span class='ocrx_word' id='word_1_11' title='bbox 1095 426 1186 499; x_wconf 84' lang='grc' dir='ltr'><strong><em>κόνα</em></strong></span> 
     </span>
     <span class='ocr_line' id='line_1_3' title="bbox 178 526 1187 622; baseline -0.008 -19"><span class='ocrx_word' id='word_1_12' title='bbox 178 534 332 603; x_wconf 90' lang='grc' dir='ltr'><strong><em>καλέουσι</em></strong></span> <span class='ocrx_word' id='word_1_13' title='bbox 350 534 460 604; x_wconf 84' lang='grc' dir='ltr'><strong><em>σπάκα</em></strong></span> <span class='ocrx_word' id='word_1_14' title='bbox 476 538 598 622; x_wconf 81' lang='grc' dir='ltr'><strong><em>Μῆδοι.</em></strong></span> <span class='ocrx_word' id='word_1_15' title='bbox 622 538 660 602; x_wconf 86' lang='grc' dir='ltr'><strong><em>αί</em></strong></span> <span class='ocrx_word' id='word_1_16' title='bbox 669 532 706 601; x_wconf 69' lang='grc' dir='ltr'><strong><em>δέ</em></strong></span> <span class='ocrx_word' id='word_1_17' title='bbox 720 528 874 621; x_wconf 80' lang='grc' dir='ltr'><strong><em>ἀπεόρεαί</em></strong></span> <span class='ocrx_word' id='word_1_18' title='bbox 887 537 949 601; x_wconf 86' lang='grc' dir='ltr'><strong><em>είσι</em></strong></span> <span class='ocrx_word' id='word_1_19' title='bbox 961 536 1030 600; x_wconf 81' lang='grc' dir='ltr'><strong><em>τῶν</em></strong></span> <span class='ocrx_word' id='word_1_20' title='bbox 1041 526 1187 619; x_wconf 80' lang='grc' dir='ltr'><strong><em>οὐρέων,</em></strong></span> 
     </span>
     <span class='ocr_line' id='line_1_4' title="bbox 179 622 1187 721; baseline -0.009 -20"><span class='ocrx_word' id='word_1_21' title='bbox 179 638 264 701; x_wconf 78' lang='grc' dir='ltr'><strong><em>ἔνθα</em></strong></span> <span class='ocrx_word' id='word_1_22' title='bbox 289 629 347 712; x_wconf 89' lang='grc' dir='ltr'><strong><em>τάς</em></strong></span> <span class='ocrx_word' id='word_1_23' title='bbox 372 629 478 721; x_wconf 86' lang='grc' dir='ltr'><strong><em>νομάς</em></strong></span> <span class='ocrx_word' id='word_1_24' title='bbox 503 638 571 700; x_wconf 79' lang='grc' dir='ltr'><strong><em>τῶν</em></strong></span> <span class='ocrx_word' id='word_1_25' title='bbox 586 637 678 719; x_wconf 78' lang='grc' dir='ltr'><strong><em>βοῶν</em></strong></span> <span class='ocrx_word' id='word_1_26' title='bbox 703 628 767 719; x_wconf 78' lang='grc' dir='ltr'><strong><em>εἶχε</em></strong></span> <span class='ocrx_word' id='word_1_27' title='bbox 790 622 889 710; x_wconf 77' lang='grc' dir='ltr'><strong><em>οὗτος</em></strong></span> <span class='ocrx_word' id='word_1_28' title='bbox 912 627 953 718; x_wconf 78' lang='grc' dir='ltr'><strong><em>δὴ</em></strong></span> <span class='ocrx_word' id='word_1_29' title='bbox 970 628 988 699; x_wconf 87' lang='grc' dir='ltr'>ὁ</span> <span class='ocrx_word' id='word_1_30' title='bbox 1005 626 1187 718; x_wconf 79' lang='grc' dir='ltr'><em>βουκόλος,</em></span> 
     </span>
     <span class='ocr_line' id='line_1_5' title="bbox 177 723 1189 820; baseline -0.005 -23"><span class='ocrx_word' id='word_1_31' title='bbox 177 727 262 817; x_wconf 84' lang='grc' dir='ltr'><strong><em>πρὸς</em></strong></span> <span class='ocrx_word' id='word_1_32' title='bbox 281 731 390 820; x_wconf 85' lang='grc' dir='ltr'><strong><em>βορέω</em></strong></span> <span class='ocrx_word' id='word_1_33' title='bbox 413 756 448 799; x_wconf 90' lang='grc' dir='ltr'><strong><em>τε</em></strong></span> <span class='ocrx_word' id='word_1_34' title='bbox 474 726 601 818; x_wconf 81' lang='grc' dir='ltr'><em>ἀνέμου</em></span> <span class='ocrx_word' id='word_1_35' title='bbox 628 735 697 798; x_wconf 77' lang='grc' dir='ltr'><strong><em>τῶν</em></strong></span> <span class='ocrx_word' id='word_1_36' title='bbox 708 726 923 818; x_wconf 76' lang='grc' dir='ltr'><strong><em>Ἀγβατάνων</em></strong></span> <span class='ocrx_word' id='word_1_37' title='bbox 942 731 997 797; x_wconf 82' lang='grc' dir='ltr'><strong><em>καί</em></strong></span> <span class='ocrx_word' id='word_1_38' title='bbox 1017 723 1102 816; x_wconf 89' lang='grc' dir='ltr'><strong><em>πρδς</em></strong></span> <span class='ocrx_word' id='word_1_39' title='bbox 1122 733 1189 794; x_wconf 83' lang='grc' dir='ltr'><strong><em>τοῦ</em></strong></span> 
     </span>
     <span class='ocr_line' id='line_1_6' title="bbox 177 823 1188 917; baseline 0 -23"><span class='ocrx_word' id='word_1_40' title='bbox 177 827 305 897; x_wconf 88' lang='grc' dir='ltr'><strong><em>πόντου</em></strong></span> <span class='ocrx_word' id='word_1_41' title='bbox 320 836 381 897; x_wconf 89' lang='grc' dir='ltr'><strong><em>τοῦ</em></strong></span> <span class='ocrx_word' id='word_1_42' title='bbox 396 825 570 909; x_wconf 68' lang='grc' dir='ltr'><strong><em>Εὐξείνου.</em></strong></span> <span class='ocrx_word' id='word_1_43' title='bbox 606 825 711 917; x_wconf 85' lang='grc' dir='ltr'><strong><em>ταότη</em></strong></span> <span class='ocrx_word' id='word_1_44' title='bbox 733 828 805 914; x_wconf 69' lang='grc' dir='ltr'><strong><em>μέν’</em></strong></span> <span class='ocrx_word' id='word_1_45' title='bbox 818 824 884 915; x_wconf 83' lang='grc' dir='ltr'><strong><em>χάρ</em></strong></span> <span class='ocrx_word' id='word_1_46' title='bbox 899 823 920 916; x_wconf 80' lang='grc' dir='ltr'><strong><em>ἡ</em></strong></span> <span class='ocrx_word' id='word_1_47' title='bbox 936 825 1075 915; x_wconf 80' lang='grc' dir='ltr'><strong><em>Μηδικὴ</em></strong></span> <span class='ocrx_word' id='word_1_48' title='bbox 1089 823 1188 914; x_wconf 79' lang='grc' dir='ltr'><strong><em>χόρη</em></strong></span> 
     </span>
     <span class='ocr_line' id='line_1_7' title="bbox 177 922 1187 1015; baseline -0.001 -21"><span class='ocrx_word' id='word_1_49' title='bbox 177 922 262 1015; x_wconf 85' lang='grc' dir='ltr'><strong><em>πρός</em></strong></span> <span class='ocrx_word' id='word_1_50' title='bbox 283 932 485 1015; x_wconf 74' lang='grc' dir='ltr'><strong><em>Σασπείρων</em></strong></span> <span class='ocrx_word' id='word_1_51' title='bbox 508 922 623 1013; x_wconf 79' lang='grc' dir='ltr'><strong><em>ὀρεινή</em></strong></span> <span class='ocrx_word' id='word_1_52' title='bbox 639 928 708 993; x_wconf 88' lang='grc' dir='ltr'><strong><em>ἐστι</em></strong></span> <span class='ocrx_word' id='word_1_53' title='bbox 734 924 840 1014; x_wconf 85' lang='grc' dir='ltr'><strong><em>κάρτα</em></strong></span> <span class='ocrx_word' id='word_1_54' title='bbox 868 928 924 995; x_wconf 81' lang='grc' dir='ltr'><strong><em>καί</em></strong></span> <span class='ocrx_word' id='word_1_55' title='bbox 941 922 1054 1015; x_wconf 79' lang='grc' dir='ltr'><strong><em>ὑψηλή</em></strong></span> <span class='ocrx_word' id='word_1_56' title='bbox 1074 926 1187 993; x_wconf 78' lang='grc' dir='ltr'><strong><em>τεκαὶ</em></strong></span> 
     </span>
     <span class='ocr_line' id='line_1_8' title="bbox 178 1023 1189 1117; baseline -0.004 -20"><span class='ocrx_word' id='word_1_57' title='bbox 178 1032 268 1115; x_wconf 84' lang='grc' dir='ltr'><strong><em>ίδησι</em></strong></span> <span class='ocrx_word' id='word_1_58' title='bbox 289 1024 500 1116; x_wconf 77' lang='grc' dir='ltr'><strong><em>συνηρεφὴς,</em></strong></span> <span class='ocrx_word' id='word_1_59' title='bbox 524 1023 544 1115; x_wconf 81' lang='grc' dir='ltr'><em>ἡ</em></span> <span class='ocrx_word' id='word_1_60' title='bbox 572 1027 608 1096; x_wconf 79' lang='grc' dir='ltr'><strong><em>δέ</em></strong></span> <span class='ocrx_word' id='word_1_61' title='bbox 629 1025 713 1114; x_wconf 87' lang='grc' dir='ltr'><strong><em>ἀλλη</em></strong></span> <span class='ocrx_word' id='word_1_62' title='bbox 729 1023 867 1114; x_wconf 72' lang='grc' dir='ltr'><strong><em>Μηδικὴ</em></strong></span> <span class='ocrx_word' id='word_1_63' title='bbox 893 1026 985 1117; x_wconf 80' lang='grc' dir='ltr'><strong><em>χόρη</em></strong></span> <span class='ocrx_word' id='word_1_64' title='bbox 1004 1029 1072 1097; x_wconf 81' lang='grc' dir='ltr'><strong><em>ἐστὶ</em></strong></span> <span class='ocrx_word' id='word_1_65' title='bbox 1092 1032 1189 1094; x_wconf 86' lang='grc' dir='ltr'><strong><em>πᾶσα</em></strong></span> 
     </span>
     <span class='ocr_line' id='line_1_9' title="bbox 177 1116 1191 1215; baseline -0.005 -23"><span class='ocrx_word' id='word_1_66' title='bbox 177 1122 307 1203; x_wconf 90' lang='grc' dir='ltr'><strong><em>ἀπεδος.</em></strong></span> <span class='ocrx_word' id='word_1_67' title='bbox 346 1125 415 1192; x_wconf 80' lang='grc' dir='ltr'><strong><em>ἐπεὶ</em></strong></span> <span class='ocrx_word' id='word_1_68' title='bbox 431 1116 511 1194; x_wconf 81' lang='grc' dir='ltr'><strong><em>όυὸ</em></strong></span> <span class='ocrx_word' id='word_1_69' title='bbox 528 1124 694 1213; x_wconf 89' lang='grc' dir='ltr'><strong><em>βουκόλος</em></strong></span> <span class='ocrx_word' id='word_1_70' title='bbox 709 1128 839 1214; x_wconf 76' lang='grc' dir='ltr'><strong><em>σπουδῇ</em></strong></span> <span class='ocrx_word' id='word_1_71' title='bbox 859 1131 966 1215; x_wconf 80' lang='grc' dir='ltr'><strong><em>πολλῇ</em></strong></span> <span class='ocrx_word' id='word_1_72' title='bbox 980 1120 1191 1209; x_wconf 78' lang='grc' dir='ltr'><strong><em>καλεόμενος</em></strong></span> 
     </span>
     <span class='ocr_line' id='line_1_10' title="bbox 178 1220 1191 1315; baseline 0 -24"><span class='ocrx_word' id='word_1_73' title='bbox 178 1222 324 1311; x_wconf 89' lang='grc' dir='ltr'><strong><em>ἀπίκετο,</em></strong></span> <span class='ocrx_word' id='word_1_74' title='bbox 341 1229 433 1311; x_wconf 81' lang='grc' dir='ltr'><strong><em>ἐλεχε</em></strong></span> <span class='ocrx_word' id='word_1_75' title='bbox 448 1222 642 1315; x_wconf 73' lang='grc' dir='ltr'><strong><em>δ’Ἇρπαγος</em></strong></span> <span class='ocrx_word' id='word_1_76' title='bbox 658 1224 754 1293; x_wconf 86' lang='grc' dir='ltr'><strong><em>τόδε·</em></strong></span> <span class='ocrx_word' id='word_1_77' title='bbox 785 1224 927 1293; x_wconf 86' lang='grc' dir='ltr'><strong><em>Κελεόει</em></strong></span> <span class='ocrx_word' id='word_1_78' title='bbox 944 1244 982 1293; x_wconf 91' lang='grc' dir='ltr'><strong><em>σε</em></strong></span> <span class='ocrx_word' id='word_1_79' title='bbox 999 1220 1191 1309; x_wconf 79' lang='grc' dir='ltr'><strong><em>Ἀστυόχης</em></strong></span> 
     </span>
     <span class='ocr_line' id='line_1_11' title="bbox 176 1319 1191 1411; baseline -0.004 -21"><span class='ocrx_word' id='word_1_80' title='bbox 176 1319 213 1390; x_wconf 83' lang='grc' dir='ltr'><strong><em>τό</em></strong></span> <span class='ocrx_word' id='word_1_81' title='bbox 229 1325 364 1391; x_wconf 76' lang='grc' dir='ltr'><strong><em>παιδίον</em></strong></span> <span class='ocrx_word' id='word_1_82' title='bbox 382 1330 482 1392; x_wconf 87' lang='grc' dir='ltr'><strong><em>τοῦτο</em></strong></span> <span class='ocrx_word' id='word_1_83' title='bbox 497 1322 646 1410; x_wconf 77' lang='grc' dir='ltr'><strong><em>λαβόντα</em></strong></span> <span class='ocrx_word' id='word_1_84' title='bbox 664 1333 776 1393; x_wconf 79' lang='grc' dir='ltr'><strong><em>θεῖναι</em></strong></span> <span class='ocrx_word' id='word_1_85' title='bbox 794 1324 828 1403; x_wconf 84' lang='grc' dir='ltr'><strong><em>ές</em></strong></span> <span class='ocrx_word' id='word_1_86' title='bbox 841 1320 878 1390; x_wconf 83' lang='grc' dir='ltr'><strong><em>τὰ</em></strong></span> <span class='ocrx_word' id='word_1_87' title='bbox 894 1321 1100 1411; x_wconf 72' lang='grc' dir='ltr'><strong><em>ἐρημότατον</em></strong></span> <span class='ocrx_word' id='word_1_88' title='bbox 1115 1326 1191 1388; x_wconf 78' lang='grc' dir='ltr'><strong><em>τῶν</em></strong></span> 
     </span>
     <span class='ocr_line' id='line_1_12' title="bbox 176 1417 1189 1511; baseline 0 -25"><span class='ocrx_word' id='word_1_89' title='bbox 176 1417 324 1509; x_wconf 78' lang='grc' dir='ltr'><strong><em>οὐρέων,</em></strong></span> <span class='ocrx_word' id='word_1_90' title='bbox 350 1418 437 1502; x_wconf 82' lang='grc' dir='ltr'><strong><em>ὅκως</em></strong></span> <span class='ocrx_word' id='word_1_91' title='bbox 462 1418 506 1491; x_wconf 85' lang='grc' dir='ltr'><strong><em>ἀν</em></strong></span> <span class='ocrx_word' id='word_1_92' title='bbox 530 1422 668 1510; x_wconf 82' lang='grc' dir='ltr'><strong><em>τάχιστα</em></strong></span> <span class='ocrx_word' id='word_1_93' title='bbox 693 1426 908 1511; x_wconf 77' lang='grc' dir='ltr'><strong><em>διαφθαρείη.</em></strong></span> <span class='ocrx_word' id='word_1_94' title='bbox 943 1424 998 1489; x_wconf 81' lang='grc' dir='ltr'><strong><em>καί</em></strong></span> <span class='ocrx_word' id='word_1_95' title='bbox 1025 1418 1107 1489; x_wconf 88' lang='grc' dir='ltr'><strong><em>τάδε</em></strong></span> <span class='ocrx_word' id='word_1_96' title='bbox 1131 1444 1189 1487; x_wconf 92' lang='grc' dir='ltr'><strong><em>τοι</em></strong></span> 
     </span>
     <span class='ocr_line' id='line_1_13' title="bbox 175 1516 1184 1611; baseline -0.001 -25"><span class='ocrx_word' id='word_1_97' title='bbox 175 1518 329 1587; x_wconf 82' lang='grc' dir='ltr'><strong><em>ἐκέλευσε</em></strong></span> <span class='ocrx_word' id='word_1_98' title='bbox 345 1525 461 1607; x_wconf 85' lang='grc' dir='ltr'><strong><em>είπείν,</em></strong></span> <span class='ocrx_word' id='word_1_99' title='bbox 476 1516 521 1609; x_wconf 79' lang='grc' dir='ltr'><strong><em>ἢν</em></strong></span> <span class='ocrx_word' id='word_1_100' title='bbox 536 1518 581 1609; x_wconf 82' lang='grc' dir='ltr'><strong><em>μη</em></strong></span> <span class='ocrx_word' id='word_1_101' title='bbox 598 1518 797 1610; x_wconf 77' lang='grc' dir='ltr'><strong><em>ἀποκτείνῃς</em></strong></span> <span class='ocrx_word' id='word_1_102' title='bbox 814 1517 908 1609; x_wconf 84' lang='grc' dir='ltr'><strong><em>αότδ,</em></strong></span> <span class='ocrx_word' id='word_1_103' title='bbox 924 1517 1009 1589; x_wconf 87' lang='grc' dir='ltr'><strong><em>ἀλλά</em></strong></span> <span class='ocrx_word' id='word_1_104' title='bbox 1024 1544 1088 1611; x_wconf 78' lang='grc' dir='ltr'><strong><em>τερ</em></strong></span> <span class='ocrx_word' id='word_1_105' title='bbox 1104 1517 1184 1605; x_wconf 88' lang='grc' dir='ltr'><strong><em>τρό-</em></strong></span> 
     </span>
     <span class='ocr_line' id='line_1_14' title="bbox 174 1616 1184 1711; baseline 0 -28"><span class='ocrx_word' id='word_1_106' title='bbox 174 1640 227 1709; x_wconf 74' lang='grc' dir='ltr'><strong><em>πηο</em></strong></span> <span class='ocrx_word' id='word_1_107' title='bbox 242 1616 476 1707; x_wconf 77' lang='grc' dir='ltr'><strong><em>περιποιήσῃς,</em></strong></span> <span class='ocrx_word' id='word_1_108' title='bbox 495 1617 628 1711; x_wconf 74' lang='grc' dir='ltr'><strong><em>ὀλέθρῳ</em></strong></span> <span class='ocrx_word' id='word_1_109' title='bbox 642 1626 689 1711; x_wconf 76' lang='grc' dir='ltr'><strong><em>τῷ</em></strong></span> <span class='ocrx_word' id='word_1_110' title='bbox 703 1626 848 1711; x_wconf 78' lang='grc' dir='ltr'><strong><em>κακίστην</em></strong></span> <span class='ocrx_word' id='word_1_111' title='bbox 863 1637 900 1687; x_wconf 92' lang='grc' dir='ltr'><strong><em>σε</em></strong></span> <span class='ocrx_word' id='word_1_112' title='bbox 918 1616 1184 1705; x_wconf 74' lang='grc' dir='ltr'><strong><em>διαχρήσεσθαι·</em></strong></span> 
     </span>
     <span class='ocr_line' id='line_1_15' title="bbox 175 1719 826 1808; baseline 0.011 -25"><span class='ocrx_word' id='word_1_113' title='bbox 175 1719 300 1805; x_wconf 80' lang='grc' dir='ltr'><strong><em>ἐπορᾶν</em></strong></span> <span class='ocrx_word' id='word_1_114' title='bbox 315 1721 351 1787; x_wconf 79' lang='grc' dir='ltr'><strong><em>δὲ</em></strong></span> <span class='ocrx_word' id='word_1_115' title='bbox 369 1722 560 1808; x_wconf 87' lang='grc' dir='ltr'><strong><em>ἐκκείμενον</em></strong></span> <span class='ocrx_word' id='word_1_116' title='bbox 581 1720 736 1807; x_wconf 79' lang='grc' dir='ltr'><strong><em>τέταγμαι</em></strong></span> <span class='ocrx_word' id='word_1_117' title='bbox 753 1720 826 1808; x_wconf 80' lang='grc' dir='ltr'><strong><em>ἐγοό.</em></strong></span> 
     </span>
    </p>

    <p class='ocr_par' dir='ltr' id='par_1_3' title="bbox 110 1813 1241 3200">
     <span class='ocr_line' id='line_1_16' title="bbox 110 1813 1189 1911; baseline -0.001 -25"><span class='ocrx_word' id='word_1_118' title='bbox 110 1858 154 1911; x_wconf 79' lang='lat'><strong><em>111</em></strong></span> <span class='ocrx_word' id='word_1_119' title='bbox 262 1824 373 1886; x_wconf 85' lang='grc' dir='ltr'><strong><em>Ταῦτα</em></strong></span> <span class='ocrx_word' id='word_1_120' title='bbox 390 1815 537 1898; x_wconf 84' lang='grc' dir='ltr'><strong><em>ἀκούσας</em></strong></span> <span class='ocrx_word' id='word_1_121' title='bbox 555 1815 574 1887; x_wconf 87' lang='grc' dir='ltr'><strong><em>ό</em></strong></span> <span class='ocrx_word' id='word_1_122' title='bbox 597 1816 762 1896; x_wconf 75' lang='grc' dir='ltr'><strong><em>βουκόλος</em></strong></span> <span class='ocrx_word' id='word_1_123' title='bbox 781 1819 835 1885; x_wconf 83' lang='grc' dir='ltr'><strong><em>καί</em></strong></span> <span class='ocrx_word' id='word_1_124' title='bbox 851 1813 1031 1905; x_wconf 75' lang='grc' dir='ltr'><strong><em>ἀναλαβὸν</em></strong></span> <span class='ocrx_word' id='word_1_125' title='bbox 1047 1813 1085 1884; x_wconf 84' lang='grc' dir='ltr'><strong><em>τὸ</em></strong></span> <span class='ocrx_word' id='word_1_126' title='bbox 1103 1839 1189 1885; x_wconf 87' lang='grc' dir='ltr'><strong><em>παι-</em></strong></span> 
     </span>
     <span class='ocr_line' id='line_1_17' title="bbox 173 1912 1192 2005; baseline 0.001 -22"><span class='ocrx_word' id='word_1_127' title='bbox 173 1918 247 1984; x_wconf 93' lang='grc' dir='ltr'><strong><em>διόυ</em></strong></span> <span class='ocrx_word' id='word_1_128' title='bbox 261 1912 315 2004; x_wconf 78' lang='grc' dir='ltr'><strong><em>ἤιε</em></strong></span> <span class='ocrx_word' id='word_1_129' title='bbox 337 1913 399 2005; x_wconf 78' lang='grc' dir='ltr'><strong><em>τὴν</em></strong></span> <span class='ocrx_word' id='word_1_130' title='bbox 414 1914 520 2005; x_wconf 74' lang='grc' dir='ltr'><strong><em>αὐτὴν</em></strong></span> <span class='ocrx_word' id='word_1_131' title='bbox 535 1914 642 1988; x_wconf 85' lang='grc' dir='ltr'><strong><em>ὀπίσω</em></strong></span> <span class='ocrx_word' id='word_1_132' title='bbox 658 1913 757 2004; x_wconf 84' lang='grc' dir='ltr'><strong><em>ὁδόν,</em></strong></span> <span class='ocrx_word' id='word_1_133' title='bbox 784 1918 839 1986; x_wconf 83' lang='grc' dir='ltr'><strong><em>καί</em></strong></span> <span class='ocrx_word' id='word_1_134' title='bbox 860 1912 1051 1986; x_wconf 89' lang='grc' dir='ltr'><strong><em>ἀπικνέεται</em></strong></span> <span class='ocrx_word' id='word_1_135' title='bbox 1072 1918 1107 1996; x_wconf 93' lang='grc' dir='ltr'><strong><em>ἐς</em></strong></span> <span class='ocrx_word' id='word_1_136' title='bbox 1121 1912 1192 2004; x_wconf 83' lang='grc' dir='ltr'><strong><em>τὴν</em></strong></span> 
     </span>
     <span class='ocr_line' id='line_1_18' title="bbox 173 2011 1192 2106; baseline 0 -24"><span class='ocrx_word' id='word_1_137' title='bbox 173 2020 323 2084; x_wconf 79' lang='grc' dir='ltr'><strong><em>ἔπαυλιν.</em></strong></span> <span class='ocrx_word' id='word_1_138' title='bbox 360 2022 407 2106; x_wconf 78' lang='grc' dir='ltr'><strong><em>τῷ</em></strong></span> <span class='ocrx_word' id='word_1_139' title='bbox 424 2013 456 2084; x_wconf 87' lang='grc' dir='ltr'><strong><em>δ’</em></strong></span> <span class='ocrx_word' id='word_1_140' title='bbox 472 2014 537 2104; x_wconf 89' lang='grc' dir='ltr'><strong><em>ἀρα</em></strong></span> <span class='ocrx_word' id='word_1_141' title='bbox 552 2019 607 2085; x_wconf 81' lang='grc' dir='ltr'><strong><em>καί</em></strong></span> <span class='ocrx_word' id='word_1_142' title='bbox 622 2012 747 2106; x_wconf 82' lang='grc' dir='ltr'><strong><em>αι’πςδὴ</em></strong></span> <span class='ocrx_word' id='word_1_143' title='bbox 769 2011 856 2102; x_wconf 78' lang='grc' dir='ltr'><strong><em>γυνη</em></strong></span> <span class='ocrx_word' id='word_1_144' title='bbox 874 2018 981 2102; x_wconf 76' lang='grc' dir='ltr'><strong><em>ἐπίτεξ</em></strong></span> <span class='ocrx_word' id='word_1_145' title='bbox 997 2017 1100 2084; x_wconf 86' lang='grc' dir='ltr'><strong><em>ἐοῦσα</em></strong></span> <span class='ocrx_word' id='word_1_146' title='bbox 1116 2023 1192 2082; x_wconf 83' lang='grc' dir='ltr'><strong><em>πᾶ-</em></strong></span> 
     </span>
     <span class='ocr_line' id='line_1_19' title="bbox 173 2108 1241 2202; baseline 0.003 -23"><span class='ocrx_word' id='word_1_147' title='bbox 173 2133 236 2180; x_wconf 85' lang='grc' dir='ltr'><strong><em>σαν</em></strong></span> <span class='ocrx_word' id='word_1_148' title='bbox 258 2108 404 2201; x_wconf 78' lang='grc' dir='ltr'><strong><em>ἡμέρην,</em></strong></span> <span class='ocrx_word' id='word_1_149' title='bbox 434 2113 509 2183; x_wconf 88' lang='grc' dir='ltr'><strong><em>τότε</em></strong></span> <span class='ocrx_word' id='word_1_150' title='bbox 534 2141 601 2194; x_wconf 91' lang='grc' dir='ltr'><strong><em>κως</em></strong></span> <span class='ocrx_word' id='word_1_151' title='bbox 623 2110 707 2182; x_wconf 86' lang='grc' dir='ltr'><strong><em>κατά</em></strong></span> <span class='ocrx_word' id='word_1_152' title='bbox 723 2116 866 2198; x_wconf 89' lang='grc' dir='ltr'><strong><em>δαίμονα</em></strong></span> <span class='ocrx_word' id='word_1_153' title='bbox 886 2120 987 2183; x_wconf 86' lang='grc' dir='ltr'><strong><em>τίκτει</em></strong></span> <span class='ocrx_word' id='word_1_154' title='bbox 1004 2116 1192 2202; x_wconf 80' lang='grc' dir='ltr'><strong><em>οἰχομένου</em></strong></span> <span class='ocrx_word' id='word_1_155' title='bbox 1240 2114 1241 2119; x_wconf 63' lang='grc'>’</span> 
     </span>
     <span class='ocr_line' id='line_1_20' title="bbox 172 2205 1189 2302; baseline 0.005 -26"><span class='ocrx_word' id='word_1_156' title='bbox 172 2217 233 2277; x_wconf 85' lang='grc' dir='ltr'><strong><em>τοῦ</em></strong></span> <span class='ocrx_word' id='word_1_157' title='bbox 245 2210 417 2298; x_wconf 90' lang='grc' dir='ltr'><strong><em>βουκόλου</em></strong></span> <span class='ocrx_word' id='word_1_158' title='bbox 432 2215 465 2292; x_wconf 92' lang='grc' dir='ltr'><strong><em>ἐς</em></strong></span> <span class='ocrx_word' id='word_1_159' title='bbox 480 2212 589 2282; x_wconf 88' lang='grc' dir='ltr'><strong><em>πόλιν.</em></strong></span> <span class='ocrx_word' id='word_1_160' title='bbox 617 2205 705 2300; x_wconf 80' lang='grc' dir='ltr'><strong><em>ἦσαν</em></strong></span> <span class='ocrx_word' id='word_1_161' title='bbox 719 2213 755 2280; x_wconf 73' lang='grc' dir='ltr'><strong><em>δὲ</em></strong></span> <span class='ocrx_word' id='word_1_162' title='bbox 771 2214 807 2280; x_wconf 93' lang='grc' dir='ltr'><strong><em>ἐν</em></strong></span> <span class='ocrx_word' id='word_1_163' title='bbox 823 2217 978 2302; x_wconf 83' lang='grc' dir='ltr'><strong><em>φροντίδι</em></strong></span> <span class='ocrx_word' id='word_1_164' title='bbox 993 2211 1189 2301; x_wconf 85' lang='grc' dir='ltr'><strong><em>ἀμφότεροι</em></strong></span> 
     </span>
     <span class='ocr_line' id='line_1_21' title="bbox 171 2304 1191 2402; baseline 0.006 -28"><span class='ocrx_word' id='word_1_165' title='bbox 171 2304 326 2394; x_wconf 82' lang='grc' dir='ltr'><strong><em>ἀλλήλων</em></strong></span> <span class='ocrx_word' id='word_1_166' title='bbox 340 2309 428 2398; x_wconf 91' lang='grc' dir='ltr'><strong><em>πέρι,</em></strong></span> <span class='ocrx_word' id='word_1_167' title='bbox 443 2308 462 2378; x_wconf 88' lang='grc' dir='ltr'>ὁ</span> <span class='ocrx_word' id='word_1_168' title='bbox 478 2311 540 2399; x_wconf 78' lang='grc' dir='ltr'><strong><em>μέυ</em></strong></span> <span class='ocrx_word' id='word_1_169' title='bbox 551 2317 613 2379; x_wconf 86' lang='grc' dir='ltr'><strong><em>τοῦ</em></strong></span> <span class='ocrx_word' id='word_1_170' title='bbox 644 2308 728 2379; x_wconf 92' lang='grc' dir='ltr'><strong><em>όκου</em></strong></span> <span class='ocrx_word' id='word_1_171' title='bbox 740 2317 796 2399; x_wconf 85' lang='grc' dir='ltr'><strong><em>τῆς</em></strong></span> <span class='ocrx_word' id='word_1_172' title='bbox 809 2309 971 2399; x_wconf 81' lang='grc' dir='ltr'><strong><em>γυναικός</em></strong></span> <span class='ocrx_word' id='word_1_173' title='bbox 984 2309 1191 2402; x_wconf 90' lang='grc' dir='ltr'><strong><em>ἀρρωδέων,</em></strong></span> 
     </span>
     <span class='ocr_line' id='line_1_22' title="bbox 168 2337 1191 2500; baseline 0.005 -25"><span class='ocrx_word' id='word_1_174' title='bbox 168 2404 246 2495; x_wconf 73' lang='grc' dir='ltr'><strong><em>ἡδὲ</em></strong></span> <span class='ocrx_word' id='word_1_175' title='bbox 260 2404 366 2496; x_wconf 80' lang='grc' dir='ltr'><strong><em>γυνη,</em></strong></span> <span class='ocrx_word' id='word_1_176' title='bbox 393 2407 414 2475; x_wconf 85' lang='grc' dir='ltr'>ὅ</span> <span class='ocrx_word' id='word_1_177' title='bbox 437 2435 468 2476; x_wconf 92' lang='grc' dir='ltr'><strong><em>τι</em></strong></span> <span class='ocrx_word' id='word_1_178' title='bbox 494 2407 556 2478; x_wconf 88' lang='grc' dir='ltr'><strong><em>οάκ</em></strong></span> <span class='ocrx_word' id='word_1_179' title='bbox 577 2337 695 2490; x_wconf 71' lang='grc' dir='ltr'><strong><em>ἐωάιδς</em></strong></span> <span class='ocrx_word' id='word_1_180' title='bbox 715 2406 909 2498; x_wconf 76' lang='grc' dir='ltr'><strong><em>δ”Αρπαγος</em></strong></span> <span class='ocrx_word' id='word_1_181' title='bbox 929 2413 1191 2500; x_wconf 79' lang='grc' dir='ltr'><strong><em>μεταπέμψαιτο</em></strong></span> 
     </span>
     <span class='ocr_line' id='line_1_23' title="bbox 168 2504 1191 2601; baseline 0.006 -25"><span class='ocrx_word' id='word_1_182' title='bbox 168 2504 271 2594; x_wconf 78' lang='grc' dir='ltr'><strong><em>αὐτῆς</em></strong></span> <span class='ocrx_word' id='word_1_183' title='bbox 284 2505 345 2575; x_wconf 85' lang='grc' dir='ltr'><strong><em>τόν</em></strong></span> <span class='ocrx_word' id='word_1_184' title='bbox 360 2505 476 2598; x_wconf 89' lang='grc' dir='ltr'><strong><em>ἀνδρα.</em></strong></span> <span class='ocrx_word' id='word_1_185' title='bbox 530 2510 636 2578; x_wconf 87' lang='grc' dir='ltr'><strong><em>ἐπείτε</em></strong></span> <span class='ocrx_word' id='word_1_186' title='bbox 661 2513 697 2579; x_wconf 74' lang='grc' dir='ltr'><strong><em>δὲ</em></strong></span> <span class='ocrx_word' id='word_1_187' title='bbox 713 2507 945 2598; x_wconf 79' lang='grc' dir='ltr'><strong><em>ἀπονοστήσας</em></strong></span> <span class='ocrx_word' id='word_1_188' title='bbox 959 2514 1099 2601; x_wconf 90' lang='grc' dir='ltr'><strong><em>ἐπέστη,</em></strong></span> <span class='ocrx_word' id='word_1_189' title='bbox 1129 2511 1191 2584; x_wconf 85' lang='grc' dir='ltr'><strong><em>οἷα</em></strong></span> 
     </span>
     <span class='ocr_line' id='line_1_24' title="bbox 168 2602 1238 2698; baseline 0.004 -23"><span class='ocrx_word' id='word_1_190' title='bbox 168 2609 201 2688; x_wconf 79' lang='grc' dir='ltr'><strong><em>ἐξ</em></strong></span> <span class='ocrx_word' id='word_1_191' title='bbox 217 2602 362 2675; x_wconf 82' lang='grc' dir='ltr'><strong><em>ἀέλπτου</em></strong></span> <span class='ocrx_word' id='word_1_192' title='bbox 380 2609 499 2674; x_wconf 83' lang='grc' dir='ltr'><strong><em>ἰδοῦσα</em></strong></span> <span class='ocrx_word' id='word_1_193' title='bbox 514 2602 534 2693; x_wconf 82' lang='grc' dir='ltr'><em>ἡ</em></span> <span class='ocrx_word' id='word_1_194' title='bbox 552 2602 640 2693; x_wconf 76' lang='grc' dir='ltr'><strong><em>γυνὴ</em></strong></span> <span class='ocrx_word' id='word_1_195' title='bbox 656 2615 762 2694; x_wconf 89' lang='grc' dir='ltr'><strong><em>είρετο</em></strong></span> <span class='ocrx_word' id='word_1_196' title='bbox 776 2609 932 2697; x_wconf 86' lang='grc' dir='ltr'><strong><em>προτέρη,</em></strong></span> <span class='ocrx_word' id='word_1_197' title='bbox 959 2607 980 2675; x_wconf 87' lang='grc' dir='ltr'><strong><em>ό</em></strong></span> <span class='ocrx_word' id='word_1_198' title='bbox 994 2636 1026 2678; x_wconf 95' lang='grc' dir='ltr'><strong><em>τι</em></strong></span> <span class='ocrx_word' id='word_1_199' title='bbox 1041 2637 1102 2698; x_wconf 89' lang='grc' dir='ltr'><strong><em>μιν</em></strong></span> <span class='ocrx_word' id='word_1_200' title='bbox 1121 2610 1193 2680; x_wconf 78' lang='grc' dir='ltr'><strong><em>οὕ·</em></strong></span> <span class='ocrx_word' id='word_1_201' title='bbox 1237 2610 1238 2623; x_wconf 70' lang='grc'>’</span> 
     </span>
     <span class='ocr_line' id='line_1_25' title="bbox 166 2704 1237 2803; baseline 0.008 -28"><span class='ocrx_word' id='word_1_202' title='bbox 166 2733 213 2775; x_wconf 88' lang='grc' dir='ltr'><strong><em>τω</em></strong></span> <span class='ocrx_word' id='word_1_203' title='bbox 236 2705 423 2795; x_wconf 79' lang='grc' dir='ltr'><strong><em>προθύμως</em></strong></span> <span class='ocrx_word' id='word_1_204' title='bbox 435 2704 605 2796; x_wconf 75' lang='grc' dir='ltr'><strong><em>’Ἅρπαγος</em></strong></span> <span class='ocrx_word' id='word_1_205' title='bbox 625 2707 881 2794; x_wconf 71' lang='grc' dir='ltr'><strong><em>μεταπέμψαιτο.</em></strong></span> <span class='ocrx_word' id='word_1_206' title='bbox 909 2707 927 2777; x_wconf 89' lang='grc' dir='ltr'><strong>ὁ</strong></span> <span class='ocrx_word' id='word_1_207' title='bbox 952 2713 989 2778; x_wconf 74' lang='grc' dir='ltr'><strong><em>δὲ</em></strong></span> <span class='ocrx_word' id='word_1_208' title='bbox 1010 2709 1099 2780; x_wconf 81' lang='grc' dir='ltr'><strong><em>εἶπε·</em></strong></span> <span class='ocrx_word' id='word_1_209' title='bbox 1143 2710 1190 2784; x_wconf 76' lang='grc' dir='ltr'><em>Ὦ</em></span> <span class='ocrx_word' id='word_1_210' title='bbox 1236 2730 1237 2803; x_wconf 64' lang='grc' dir='ltr'><strong><em>η</em></strong></span> 
     </span>
     <span class='ocr_line' id='line_1_26' title="bbox 164 2801 1192 2903; baseline 0.007 -30"><span class='ocrx_word' id='word_1_211' title='bbox 164 2802 286 2892; x_wconf 79' lang='grc' dir='ltr'><strong><em>μόναι,</em></strong></span> <span class='ocrx_word' id='word_1_212' title='bbox 313 2801 404 2872; x_wconf 85' lang='grc' dir='ltr'><strong><em>είδόν</em></strong></span> <span class='ocrx_word' id='word_1_213' title='bbox 431 2830 467 2872; x_wconf 91' lang='grc' dir='ltr'><strong><em>τε</em></strong></span> <span class='ocrx_word' id='word_1_214' title='bbox 490 2806 524 2883; x_wconf 94' lang='grc' dir='ltr'><strong><em>ἐς</em></strong></span> <span class='ocrx_word' id='word_1_215' title='bbox 539 2803 641 2873; x_wconf 91' lang='grc' dir='ltr'><strong><em>πόλιν</em></strong></span> <span class='ocrx_word' id='word_1_216' title='bbox 658 2802 770 2873; x_wconf 76' lang='grc' dir='ltr'><strong><em>ἐλθόν</em></strong></span> <span class='ocrx_word' id='word_1_217' title='bbox 786 2809 841 2875; x_wconf 82' lang='grc' dir='ltr'><strong><em>καί</em></strong></span> <span class='ocrx_word' id='word_1_218' title='bbox 855 2802 1002 2898; x_wconf 80' lang='grc' dir='ltr'><strong><em>ἥκουσα,</em></strong></span> <span class='ocrx_word' id='word_1_219' title='bbox 1026 2809 1065 2880; x_wconf 87' lang='grc' dir='ltr'><strong><em>τδ</em></strong></span> <span class='ocrx_word' id='word_1_220' title='bbox 1096 2814 1192 2903; x_wconf 78' lang='grc' dir='ltr'><strong><em>μήτε</em></strong></span> 
     </span>
     <span class='ocr_line' id='line_1_27' title="bbox 166 2888 1236 3001; baseline 0.002 -30"><span class='ocrx_word' id='word_1_221' title='bbox 166 2907 250 2972; x_wconf 89' lang='grc' dir='ltr'><strong><em>ίδείν</em></strong></span> <span class='ocrx_word' id='word_1_222' title='bbox 266 2896 399 2988; x_wconf 77' lang='grc' dir='ltr'><strong><em>ὤφελον</em></strong></span> <span class='ocrx_word' id='word_1_223' title='bbox 416 2899 497 2989; x_wconf 81' lang='grc' dir='ltr'><strong><em>μήτε</em></strong></span> <span class='ocrx_word' id='word_1_224' title='bbox 515 2902 591 2970; x_wconf 74' lang='grc' dir='ltr'><strong><em>κοτὲ</em></strong></span> <span class='ocrx_word' id='word_1_225' title='bbox 604 2904 765 2988; x_wconf 79' lang='grc' dir='ltr'><strong><em>γενέσθαι</em></strong></span> <span class='ocrx_word' id='word_1_226' title='bbox 777 2906 809 2983; x_wconf 90' lang='grc' dir='ltr'><strong><em>ές</em></strong></span> <span class='ocrx_word' id='word_1_227' title='bbox 821 2905 984 2988; x_wconf 86' lang='grc' dir='ltr'><strong><em>δεσπότας</em></strong></span> <span class='ocrx_word' id='word_1_228' title='bbox 998 2907 1080 2990; x_wconf 75' lang='grc' dir='ltr'><strong><em>τοὺς</em></strong></span> <span class='ocrx_word' id='word_1_229' title='bbox 1095 2908 1196 3001; x_wconf 73' lang='grc' dir='ltr'><strong><em>ἡμε-</em></strong></span> <span class='ocrx_word' id='word_1_230' title='bbox 1235 2888 1236 2973; x_wconf 69' lang='grc' dir='ltr'><strong><em>ί</em></strong></span> 
     </span>
     <span class='ocr_line' id='line_1_28' title="bbox 164 2998 1191 3099; baseline 0.009 -27"><span class='ocrx_word' id='word_1_231' title='bbox 164 3004 291 3091; x_wconf 87' lang='grc' dir='ltr'><strong><em>τέρους.</em></strong></span> <span class='ocrx_word' id='word_1_232' title='bbox 326 2998 415 3080; x_wconf 87' lang='grc' dir='ltr'><strong><em>οίκος</em></strong></span> <span class='ocrx_word' id='word_1_233' title='bbox 437 3003 499 3088; x_wconf 80' lang='grc' dir='ltr'><strong><em>μὲν</em></strong></span> <span class='ocrx_word' id='word_1_234' title='bbox 522 3008 587 3081; x_wconf 84' lang='grc' dir='ltr'><strong><em>πᾶς</em></strong></span> <span class='ocrx_word' id='word_1_235' title='bbox 604 3000 776 3090; x_wconf 78' lang='grc' dir='ltr'><strong><em>Ἀρπάγον</em></strong></span> <span class='ocrx_word' id='word_1_236' title='bbox 802 3014 966 3099; x_wconf 77' lang='grc' dir='ltr'><strong><em>κλαυθμῷ</em></strong></span> <span class='ocrx_word' id='word_1_237' title='bbox 990 3017 1191 3098; x_wconf 87' lang='grc' dir='ltr'><strong><em>κατείχετο·</em></strong></span> 
     </span>
     <span class='ocr_line' id='line_1_29' title="bbox 166 3097 1192 3200; baseline 0.009 -29"><span class='ocrx_word' id='word_1_238' title='bbox 166 3100 232 3190; x_wconf 80' lang='grc' dir='ltr'><strong><em>ἐγά</em></strong></span> <span class='ocrx_word' id='word_1_239' title='bbox 248 3104 284 3170; x_wconf 78' lang='grc' dir='ltr'><strong><em>δὲ</em></strong></span> <span class='ocrx_word' id='word_1_240' title='bbox 299 3103 473 3186; x_wconf 83' lang='grc' dir='ltr'><strong><em>ἐκπλαγεὶς</em></strong></span> <span class='ocrx_word' id='word_1_241' title='bbox 484 3097 540 3187; x_wconf 79' lang='grc' dir='ltr'><strong><em>ἤια</em></strong></span> <span class='ocrx_word' id='word_1_242' title='bbox 551 3107 625 3171; x_wconf 87' lang='grc' dir='ltr'><strong><em>έσω.</em></strong></span> <span class='ocrx_word' id='word_1_243' title='bbox 651 3100 695 3183; x_wconf 79' lang='grc' dir='ltr'><strong><em>ὡς</em></strong></span> <span class='ocrx_word' id='word_1_244' title='bbox 708 3104 745 3172; x_wconf 72' lang='grc' dir='ltr'><strong><em>δέ</em></strong></span> <span class='ocrx_word' id='word_1_245' title='bbox 759 3102 896 3191; x_wconf 88' lang='grc' dir='ltr'><strong><em>τάχιστα</em></strong></span> <span class='ocrx_word' id='word_1_246' title='bbox 911 3108 1073 3195; x_wconf 78' lang='grc' dir='ltr'><strong><em>ἐσῆλθον,</em></strong></span> <span class='ocrx_word' id='word_1_247' title='bbox 1091 3107 1192 3200; x_wconf 85' lang='grc' dir='ltr'><strong><em>ὁρέω</em></strong></span> 
     </span>
    </p>
   </div>
   <div class='ocr_carea' id='block_1_3' title="bbox 161 3198 1193 3588">
    <p class='ocr_par' dir='ltr' id='par_1_4' title="bbox 161 3198 1193 3588">
     <span class='ocr_line' id='line_1_30' title="bbox 165 3198 1190 3302; baseline 0.012 -34"><span class='ocrx_word' id='word_1_248' title='bbox 165 3204 300 3269; x_wconf 92' lang='grc' dir='ltr'><strong><em>παιδίον</em></strong></span> <span class='ocrx_word' id='word_1_249' title='bbox 320 3204 543 3287; x_wconf 88' lang='grc' dir='ltr'><strong><em>προκείμενον</em></strong></span> <span class='ocrx_word' id='word_1_250' title='bbox 564 3198 731 3289; x_wconf 75' lang='grc' dir='ltr'><strong><em>ἀσπαῖρόν</em></strong></span> <span class='ocrx_word' id='word_1_251' title='bbox 752 3206 863 3272; x_wconf 81' lang='grc' dir='ltr'><strong><em>τεκαὶ</em></strong></span> <span class='ocrx_word' id='word_1_252' title='bbox 883 3204 1190 3302; x_wconf 80' lang='grc' dir='ltr'><strong><em>κραχμενόμενον,</em></strong></span> 
     </span>
     <span class='ocr_line' id='line_1_31' title="bbox 164 3297 1193 3424; baseline 0.011 -58"><span class='ocrx_word' id='word_1_253' title='bbox 164 3297 416 3424; x_wconf 85' lang='grc' dir='ltr'><strong><em>κεκοσμημένον</em></strong></span> <span class='ocrx_word' id='word_1_254' title='bbox 436 3305 550 3393; x_wconf 76' lang='grc' dir='ltr'><strong><em>χρυσῷ</em></strong></span> <span class='ocrx_word' id='word_1_255' title='bbox 566 3323 602 3368; x_wconf 89' lang='grc' dir='ltr'><strong><em>τε</em></strong></span> <span class='ocrx_word' id='word_1_256' title='bbox 622 3302 678 3368; x_wconf 85' lang='grc' dir='ltr'><strong><em>καί</em></strong></span> <span class='ocrx_word' id='word_1_257' title='bbox 693 3303 809 3388; x_wconf 80' lang='grc' dir='ltr'><strong><em>ἐσθῆτι</em></strong></span> <span class='ocrx_word' id='word_1_258' title='bbox 824 3309 966 3393; x_wconf 86' lang='grc' dir='ltr'><strong><em>ποικίλη.</em></strong></span> <span class='ocrx_word' id='word_1_259' title='bbox 1004 3302 1193 3396; x_wconf 69' lang='grc' dir='ltr'><strong><em>’Ἅρπαγος</em></strong></span> 
     </span>
     <span class='ocr_line' id='line_1_32' title="bbox 164 3394 1192 3490; baseline 0.011 -24"><span class='ocrx_word' id='word_1_260' title='bbox 164 3407 200 3466; x_wconf 79' lang='grc' dir='ltr'><strong><em>δὲ</em></strong></span> <span class='ocrx_word' id='word_1_261' title='bbox 216 3394 261 3476; x_wconf 80' lang='grc' dir='ltr'><strong><em>ὡς</em></strong></span> <span class='ocrx_word' id='word_1_262' title='bbox 278 3397 346 3465; x_wconf 87' lang='grc' dir='ltr'><strong><em>ειδέ</em></strong></span> <span class='ocrx_word' id='word_1_263' title='bbox 360 3422 411 3485; x_wconf 89' lang='grc' dir='ltr'><strong><em>με,</em></strong></span> <span class='ocrx_word' id='word_1_264' title='bbox 428 3399 559 3468; x_wconf 90' lang='grc' dir='ltr'><strong><em>ἐκέλευε</em></strong></span> <span class='ocrx_word' id='word_1_265' title='bbox 573 3398 638 3488; x_wconf 75' lang='grc' dir='ltr'><strong><em>τὴν</em></strong></span> <span class='ocrx_word' id='word_1_266' title='bbox 650 3407 806 3488; x_wconf 88' lang='grc' dir='ltr'><strong><em>ταχίστην</em></strong></span> <span class='ocrx_word' id='word_1_267' title='bbox 820 3397 1034 3490; x_wconf 85' lang='grc' dir='ltr'><strong><em>ἀναλαβόντα</em></strong></span> <span class='ocrx_word' id='word_1_268' title='bbox 1046 3402 1088 3472; x_wconf 83' lang='grc' dir='ltr'><strong><em>τό</em></strong></span> <span class='ocrx_word' id='word_1_269' title='bbox 1101 3433 1192 3477; x_wconf 84' lang='grc' dir='ltr'><strong><em>παι·</em></strong></span> 
     </span>
     <span class='ocr_line' id='line_1_33' title="bbox 161 3498 1192 3588; baseline 0.013 -25"><span class='ocrx_word' id='word_1_270' title='bbox 161 3498 237 3564; x_wconf 91' lang='grc' dir='ltr'><strong><em>δίον</em></strong></span> <span class='ocrx_word' id='word_1_271' title='bbox 253 3503 403 3581; x_wconf 86' lang='grc' dir='ltr'><strong><em>οίχεσθαι</em></strong></span> <span class='ocrx_word' id='word_1_272' title='bbox 420 3499 585 3588; x_wconf 83' lang='grc' dir='ltr'><strong><em>φέροντα,</em></strong></span> <span class='ocrx_word' id='word_1_273' title='bbox 601 3502 658 3568; x_wconf 83' lang='grc' dir='ltr'><strong><em>καί</em></strong></span> <span class='ocrx_word' id='word_1_274' title='bbox 670 3509 784 3568; x_wconf 76' lang='grc' dir='ltr'><strong><em>θεῖναι</em></strong></span> <span class='ocrx_word' id='word_1_275' title='bbox 800 3504 885 3568; x_wconf 72' lang='grc' dir='ltr'><strong><em>ἔνθα</em></strong></span> <span class='ocrx_word' id='word_1_276' title='bbox 901 3505 1192 3588; x_wconf 85' lang='grc' dir='ltr'><strong><em>θηριωδέστατον</em></strong></span> 
     </span>
    </p>
   </div>
   <div class='ocr_carea' id='block_1_4' title="bbox 0 0 1254 3925">
    <p class='ocr_par' dir='ltr' id='par_1_5' title="bbox 0 0 1254 3925">
     <span class='ocr_line' id='line_1_34' title="bbox 0 0 1254 3925; baseline 0 1"><span class='ocrx_word' id='word_1_277' title='bbox 0 0 1254 3925; x_wconf 95' lang='lat' dir='ltr'><strong><em> </em></strong></span> 
     </span>
    </p>
   </div>
  </div>
 </body>
</html>
