2500 3925
326 288 411 344 LIB.
442 288 476 343 11.
507 287 606 347 cAP.
641 294 815 350 167—172.
1012 288 1074 351 205

103 446 160 511 όιίιί
169 444 231 513 τόν
243 444 382 533 Ἀπρίην
391 459 478 514 τοῖσι
487 449 710 533 Αἰγυπτίοισι.
730 450 765 515 οί
772 448 811 515 όέ
820 474 878 533 μιν
889 444 1073 529 ἀπέπνιξαν

101 544 267 612 misaam
278 550 413 625 ἐθαιμαν
423 549 461 612 ἐν
471 551 545 633 τῇσι
554 549 739 633 πατρωίῃσι
753 552 887 635 ταφῇσι.
909 549 947 614 αί
958 545 998 614 ῦέ
1010 551 1072 612 είσι

99 640 167 728 ἐντῷ
180 646 245 731 ίρῷ
260 648 319 727 τῆς
334 639 531 728 Ἀθηναίης,
552 638 723 727 ἀγχοτάτω
736 648 798 710 τοῦ
814 640 981 729 μεγάρου,
1004 644 1072 709 ἐσι-

96 733 143 802 όντι
156 735 332 825 ἀριστερῆς
349 740 467 825 χειρός.
496 744 631 820 ἐθαμαν
652 739 688 806 θέ
699 738 824 807 Σαῗται
845 737 973 816 πάντας
993 734 1072 817 τούς

96 834 236 919 έκνομοῦ
254 837 379 903 τούτου
403 838 606 923 γενομένους
624 839 780 924 βασιλέας
800 841 865 905 ἐσω
886 839 923 903 ἐν
938 841 984 927 τῷ
998 838 1069 925 ίρῷ.

94 936 128 999 καί
144 930 211 1019 γάρ
233 932 271 1002 τὸ
293 942 354 1002 τοῦ
372 934 525 1019 Ἀμάσιος
541 942 630 1021 σῆμα
652 936 816 1020 ἑκαστέρω
838 937 901 1023 μέν
921 936 989 1001 ἐστι
1009 939 1070 1000 τοῦ

92 1032 218 1117 μεγάρου
231 1028 254 1118 ἦ
267 1029 306 1101 τό
319 1039 381 1101 τοῦ
393 1031 532 1119 Ἀπρίεω
545 1036 600 1101 καί
615 1038 683 1099 τῶν
699 1032 822 1100 τούτου
835 1030 1070 1117 προπατόρων,

91 1133 137 1195 ἔστι
149 1131 265 1215 μέντοι
279 1130 336 1198 καί
349 1137 448 1199 τοῦτο
469 1132 507 1199 ἐν
520 1138 561 1220 τῇ
576 1127 662 1219 αὐλῇ
678 1136 739 1198 τοῦ
755 1134 850 1217 ίροῦ,
870 1124 997 1206 παστάς
1016 1135 1069 1196 λι·
1142 1166 1150 1182 ·

88 1234 147 1314 θίιη
161 1229 289 1317 μεγάλη
303 1234 358 1300 καί
372 1228 542 1319 ἠσκημένη
553 1231 707 1299 στύλοισί
717 1254 752 1299 τε
766 1236 920 1317 φοίνικας
933 1224 973 1295 τά
991 1228 1068 1295 egv-

87 1327 147 1408 ίρεα
160 1332 416 1415 μεμιμημένοισι
435 1332 491 1397 καί
510 1333 550 1416 τῇ
571 1325 655 1415 άλλη
672 1326 814 1417 δαπάνη.
844 1331 909 1395 ἐσω
923 1328 959 1393 δὲ
976 1328 1013 1393 ἐν
1028 1333 1067 1414 τῇ

86 1425 207 1492 παστάδι
224 1425 300 1507 διξοὶ
313 1424 500 1514 θνροόματα
521 1429 654 1513 ἕστηκε,
677 1429 714 1493 ἐν
728 1426 764 1493 δὲ
783 1438 867 1494 τοῖσι
886 1424 1066 1511 θυμιάμασι

84 1516 191 1611 ἡθήκη
206 1527 283 1593 ἐστί.
312 1528 388 1595 aaz
404 1528 441 1593 δὲ
456 1526 509 1595 καὶ
525 1530 562 1592 αί
573 1528 676 1612 ταφαί
688 1530 750 1593 τοῦ
765 1521 827 1592 ούκ
839 1520 934 1592 όσιον
949 1526 1066 1589 ποιεῦ-
1087 1538 1138 1591 1λο

82 1643 124 1702 μαι
138 1623 190 1690 ἐπὶ
205 1623 347 1715 τοιούτῳ
367 1624 534 1712 πρήγματι
554 1622 766 1709 ἐξαγορεύειν
781 1618 930 1708 τοῦνομα
946 1624 984 1689 έν
997 1618 1068 1687 Σάι·

82 1718 106 1782 ἐν
117 1725 161 1809 τῷ
174 1723 236 1811 ίρῳῑ
248 1728 308 1809 τῆς
321 1720 517 1810 Ἀθηναίης,
535 1719 658 1791 ὄπισθε
672 1726 732 1789 τοῦ
747 1728 849 1808 νηοῦ,
866 1715 990 1797 παντός
1003 1721 1065 1786 τοῦ

81 1820 125 1900 τῆς
139 1813 318 1906 Ἀθηναίης
334 1819 488 1907 ἐχόμεναι
506 1828 631 1905 τοίχου.
661 1823 715 1888 καί
735 1822 772 1887 ἐν
786 1824 832 1909 τῷ
847 1818 976 1904 τεμένει
990 1814 1065 1903 όβε·

79 1914 121 1978 ίοὶ
135 1914 243 1982 ἑστᾶσι
257 1917 397 2003 μεγάλοι
410 1923 549 2005 λίθινοι,
560 1922 661 2004 λίμνη
672 1916 710 1984 τέ
723 1917 789 1984 ἐστι
802 1917 939 2002 ἐχομένη
950 1919 1065 2002 λιθίνη

79 2014 197 2095 ιρητίόι
212 2017 443 2102 κεκοσμημένη
458 2016 514 2082 καί
528 2015 713 2101 ἐργασμένη
729 2005 769 2080 εὖ
786 2013 915 2102 κύκλῳ,
937 2013 992 2079 καί
1006 2012 1064 2098 μέ-

78 2119 184 2196 γαθος,
203 2107 248 2189 ὡς
267 2114 341 2198 ἐμοί
358 2112 488 2196 ἐδόκεε,
516 2109 644 2198 όσηπερ
671 2107 745 2197 ἡέν
759 2110 861 2202 Δήλῳ
881 2105 1063 2197 ἡτροχοει-

78 2202 126 2291 λης
137 2211 328 2295 καλεομένη.
370 2207 424 2278 Ἐν
444 2208 481 2278 δὲ
496 2213 537 2297 τῇ
551 2215 652 2296 λίμνη
672 2207 776 2296 ταύτῃ
791 2205 831 2276 τά
847 2212 982 2294 δείκηλα
996 2211 1064 2276 τῶν
1077 2220 1124 2276 171

76 2307 200 2373 παθέων
219 2303 326 2374 αύτοῦ
349 2303 472 2385 νυκτός
490 2312 641 2390 ποιεῦσι,
662 2301 702 2372 τά
722 2306 879 2373 καλέουσι
897 2306 1063 2394 μυστήρια
1085 2329 1097 2352 ·

74 2403 248 2488 Αἰγύπτιοι.
276 2407 353 2492 περὶ
373 2407 436 2491 μέν
451 2430 518 2472 νυν
538 2403 669 2471 τούτων
691 2400 791 2471 είόότι
807 2428 864 2488 μοι
881 2404 933 2470 έπί
948 2407 1061 2490 πλέον,

75 2525 112 2576 ις
124 2502 241 2568 ἕκαστα
256 2499 369 2569 αὐτῶν
384 2509 468 2589 ἐχει,
486 2499 631 2588 εῦστομα
647 2507 781 2569 κείσθω.
805 2500 861 2569 καί
874 2508 931 2588 τῆς
942 2501 1061 2589 Δήμη·

74 2623 139 2683 τρος
158 2605 288 2687 τελετῆς
310 2602 404 2688 πέρι,
426 2599 488 2688 τὴν
506 2605 540 2667 οί
550 2598 708 2685 Ἕλληνες
727 2598 941 2688 θεσμοφόρια
963 2601 1062 2668 κοιλέ-

75 2715 154 2782 οοσι,
173 2701 230 2767 καί
244 2697 367 2786 ταύτης
386 2724 443 2785 μοι
459 2700 534 2785 πέρι
552 2695 697 2782 εὔστομοι
711 2702 854 2783 κείσθω,
876 2695 964 2786 πλὴν
980 2695 1062 2766 ὅσον

74 2789 161 2879 αὐτῆς
182 2792 258 2882 ὁσίη
280 2798 347 2865 ἐστί
368 2797 488 2884 λέγειν.
510 2799 548 2864 αί
558 2801 700 2864 Δαναοῦ
720 2797 904 2884 θυγατέρες
918 2789 1004 2884 ἦσαν
1026 2801 1065 2865 αί

73 2889 124 2977 τὴν
136 2891 269 2980 τελετὴν
281 2894 408 2982 ταύτην
423 2897 457 2978 ἐξ
471 2895 647 2982 Αίγύπτου
661 2897 880 2982 ἐξαγαγοῦσαι
894 2900 949 2966 καί
965 2896 1075 2964 διδά-.

75 2991 155 3066 ξασαι
166 2989 226 3070 τάς
237 2993 511 3080 Πελασγιώτιδας
528 3006 706 3080 γυναῖκας
728 2991 810 3081 μετά
826 2995 862 3062 δέ
880 2992 1060 3074 ἐξαναστά-

73 3105 122 3171 σης
143 3087 250 3176 πάσης
267 3091 534 3179 Πελοποννήσου
558 3087 625 3159 ὑπὸ
647 3093 810 3172 Δωριέων
834 3088 1016 3170 ἐξαπώλετο
1037 3088 1057 3177 ἡ

72 3183 187 3273 τελετὴ,
209 3191 244 3255 οί
266 3189 304 3257 δέ
327 3187 592 3276 ὑπολειφθέντες
611 3195 896 3275 Πελοποννησίων
920 3189 975 3257 καί
996 3186 1058 3257 οῦκ

72 3281 294 3364 ἐξαναστάντες
303 3283 462 3373 Ἀρκάδες
472 3290 636 3370 ’διέσωζον
652 3283 759 3374 αύτήν
773 3291 904 3374 μοῦνοι.

140 3378 275 3468 Ἀπρίεω
290 3384 326 3450 δὲ
347 3375 413 3450 τάδε
429 3385 719 3472 καταραιρημένου
737 3387 928 3470 ἐβασίλευσε
940 3382 1058 3470 ’Ἀμα-
1075 3402 1125 3457 172

72 3493 141 3561 θέε,
159 3487 267 3566 νομοῦ
281 3485 344 3569 μὲν
358 3489 488 3552 Σαΐτεω
506 3481 591 3568 ἐάν,
612 3484 649 3550 ἐκ
662 3489 720 3567 τῆς
735 3485 770 3550 δὲ
787 3475 830 3568 ἦν
843 3481 975 3567 πόλιος,
997 3477 1058 3546 οῦ-
