2500 3925
285 227 373 285 ΗΒ.
406 227 477 285 vm.
512 229 611 286 cn.
644 235 786 291 27—33.
979 228 1041 295 237

15 393 144 477 ἰαντα
158 384 339 473 ἀργυρίου,
360 388 416 455 καὶ
429 383 512 473 ὑμῖν
528 383 765 476 ὑποδεκόμεθα
774 385 820 459 ’τὰ
838 390 975 460 ἐπιόντα
990 394 1042 461 ἐπί

15 481 442 573 τὴνχόρηνᾶποτρίρεμν.
463 484 576 553 Τοῦτό
586 504 649 572 σφι
660 488 901 575 ἐπηγγέλλοντο
912 492 948 559 οί
955 498 1042 559 Θεσ-
1054 502 1090 556 σο

15 587 142 651 σαλοί.
165 586 200 650 oc
212 578 277 672 γὰρ
289 584 422 663 Φωκέες
432 589 555 670 μοῦνοι
570 589 639 652 τῶν
654 586 759 675 ταότη
770 584 966 674 ἄνδριόπων
978 586 1040 658 οὐκ

15 682 208 770 ἐμήδιζον,
222 679 296 751 κατ’
313 681 395 754 ἄλλο
409 685 472 769 μέν
486 680 606 769 οόδδν,
626 681 672 763 ὡς
685 682 750 771 ἐγιδ
767 687 1040 775 συμβαλλόμενος

15 777 198 867 εὑρίσκω,
214 778 303 860 κατὰ,
313 785 350 859 δὲ
365 778 403 849 τδ
422 786 523 868 ἔχθος
535 779 573 849 τδ
592 789 790 853 Θεσσαλων·
813 790 844 853 εί
859 788 895 853 δὲ
911 795 1040 858 Θεσσα-

15 882 84 949 λοὶ
100 876 143 947 τὰ
151 877 323 967 Ἑλλήνων
336 875 458 969 αὔξον,
475 879 519 961 ὡς
533 883 606 968 ἐμοὶ
620 886 761 971 δοκέειν,
780 886 934 973 ἐμήδιζον
949 882 993 954 δν
1009 890 1043 954 οἱ

15 981 177 1059 Φωκέες.
197 986 301 1059 ταῦτα
315 983 611 1069 ἐτιαγγελλομένων
626 987 808 1053 Θεσσαλῶν
821 981 898 1051 οὔτε
918 984 1040 1054 δόσειν

15 1086 166 1164 ἔφασαν
179 1079 329 1167 χρήματα
341 1085 498 1167 παρέχων
509 1081 549 1150 τέ
555 1099 617 1167 σφι
629 1089 827 1151 Θεσσαλοῖσι
843 1079 965 1169 ὁμοίως
974 1110 1040 1170 μη-

16 1184 151 1265 δίζειν,
174 1185 205 1247 εί
223 1178 331 1261 ἄλλως
350 1185 545 1269 βουλοίατο·
568 1176 643 1252 ἄλλ’
666 1178 730 1249 οὐκ
750 1186 886 1253 ἔσεσθαι
907 1181 1060 1261 ἑκόντες

18 1279 120 1347 εἶναι
135 1278 298 1363 προδόται
316 1285 374 1365 τῆς
388 1275 554 1357 Ἑλλάδος.
589 1275 720 1367 Ἐπειδὴ
736 1280 772 1347 δὲ
789 1276 1037 1367 ἀνηνείχθησαν
1053 1297 1084 1351 31

18 1371 129 1445 οὗτοι
145 1382 179 1446 oc
190 1377 303 1464 λόγοι,
321 1376 410 1445 οὕτω
425 1373 466 1463 δη
481 1381 516 1445 οί
530 1380 695 1445 Θεσσαλοὶ
711 1381 932 1465 κεχολωμένοι
951 1392 1037 1446 τοῖσι

20 1481 191 1545 Φωκεῦσι
211 1478 366 1561 ἐγένοντο
386 1472 548 1563 ἡγεμόνες
560 1481 607 1565 τῷ
623 1476 785 1566 βαρβάρῳ
798 1482 856 1561 τῆς
877 1474 968 1544 ὁδοῦ.
1000 1477 1037 1542 ἐκ

23 1572 96 1660 μὲν
111 1570 152 1661 δη
167 1578 225 1658 τῆς
242 1578 419 1660 Τρηχινίης
433 1575 467 1651 ἐς
479 1570 543 1659 τὴν
556 1578 695 1657 Δωρίδα
710 1574 877 1658 ἐσέβαλον.
899 1580 957 1660 τῆς
971 1572 1036 1659 γὰρ

24 1676 189 1757 Δωρίδος
204 1672 314 1760 χόρης
335 1670 469 1743 ποδεοδν
490 1670 620 1752 στεινός
640 1671 745 1761 ταότη
764 1680 964 1762 κατατείνει,
993 1672 1038 1753 ὡς

26 1770 213 1858 τριήκοντα
233 1775 377 1839 σταδίων
397 1770 541 1858 μόλιοτό
555 1797 598 1859 κη
613 1762 729 1856 εὖρος,
752 1775 903 1856 κείμενος
912 1769 1039 1857 μεταξὺ

28 1876 90 1954 τῆς
101 1893 137 1935 τε
148 1872 302 1955 Μηλίδος
323 1873 379 1944 καὶ
400 1875 458 1956 τῆς
468 1875 620 1947 Φωκίδος
630 1865 749 1955 χώρης,
767 1862 854 1956 ἥπερ
870 1861 961 1956 ἦντὸ
975 1893 1040 1937 πα-

30 1967 131 2038 λαιδν
145 1977 312 2054 Δρυοπίς·
340 1969 415 2057 ἡδὲ
435 1970 526 2058 χόρη
547 1969 633 2056 αὕτη
656 1971 722 2036 έστλ
741 1966 945 2055 μητρόπολις
958 1979 1039 2038 Δω-

30 2071 135 2153 ριέων
148 2075 216 2139 τόν
227 2072 264 2137 ἐν
274 2070 533 2162 Πελοποννήσῳ,
552 2069 679 2155 ταότην
691 2059 739 2134 όν
750 2066 812 2154 την
823 2071 961 2154 Δωρίδα
975 2074 1039 2153 γῆν
1126 2126 1129 2142 ,

29 2166 97 2236 οὐκ
115 2169 266 2236 ἐσίναντο
282 2167 478 2256 ἐσβαλόντες
492 2174 527 2237 oc
539 2168 722 2257 βάρβαροι·
751 2166 905 2253 ἐμήδιζόν
925 2191 960 2233 τε
973 2163 1038 2251 γὰρ

29 2269 88 2334 καὶ
104 2263 166 2333 οὐκ
178 2266 290 2335 ἐδόκεε
300 2277 506 2346 Θεσσαλοῖσι.
525 2265 584 2346 Ὡς
598 2265 636 2334 δέ
646 2268 682 2333 ἐκ
697 2272 756 2352 τῆς
765 2269 921 2351 Δωρίδος
931 2271 964 2342 ἐς
974 2260 1037 2350 τὴν
1051 2273 1086 2325 32

30 2367 171 2433 Φωκίδα
180 2364 349 2450 ἐσέβαλον,
361 2363 485 2444 αόνοδς
495 2368 558 2453 μὲν
566 2363 647 2444 τούς
655 2367 791 2443 Φωκέας
803 2362 865 2432 οὐκ
877 2365 1035 2450 αἱρέουσι.

32 2466 74 2529 οδ
83 2460 144 2545 μὲν
160 2460 225 2547 γὰρ
239 2470 312 2531 τῶν,
322 2463 469 2534 Φωκέων
478 2468 512 2545 ἐς
519 2465 560 2534 τδ
574 2464 660 2551 ἄκρα
668 2470 729 2533 τοῦ
739 2465 947 2550 Παρνησσοῦ
959 2457 1038 2526 όνέ·

32 2567 142 2646 βησαν
161 2564 242 2626 ’ἐστι
262 2561 299 2628 δὲ
315 2563 371 2628 καλ
386 2561 538 2646 ἐπιτηδέη
555 2560 716 2637 δέξασθαι
731 2556 851 2643 ὅμιλον
866 2562 927 2630 τοῦ
940 2563 1037 2641 Παρ-

32 2663 139 2742 νησοῦ
152 2652 174 2743 ἡ
186 2657 333 2744 κορυφὴ,
348 2655 430 2727 κατὰ
442 2663 564 2726 Νέωνα
575 2655 676 2724 πόλιν
687 2659 823 2742 κειμένη
835 2651 887 2723 ἐπ’
901 2658 1036 2742 ἑωυτῆς,

36 2755 182 2842 Τιθορέα
197 2754 327 2842 ου”νομα
341 2753 437 2843 αὐτῇ,
453 2758 486 2834 ἐς
499 2752 562 2841 τὴν
579 2751 619 2843 δὴ
636 2750 856 2841 ἀνηνείκαντο
871 2757 927 2822 καὶ
940 2750 1037 2823 αὐτοὶ

34 2853 226 2940 ἀνέβησαν,
238 2859 272 2923 οί
281 2855 317 2924 δέ
328 2862 470 2934 πλεῦνες
480 2851 594 2923 αὐτόν
604 2855 638 2932 ἐς
648 2849 727 2931 τοδς
739 2849 871 2934 Ὀζόλας
882 2849 1036 2939 Δοκρούς

35 2955 280 3039 ἐξεκομίσαντο,
304 2956 338 3033 ἐς
348 2953 545 3042 Ἀμφισσαν
562 2952 662 3021 πόλιν
683 2951 744 3040 την
763 2951 850 3036 ὑπὲρ
870 2958 933 3019 τοῦ
950 2959 1035 3035 Κρι-

36 3055 130 3118 σαίου
142 3053 261 3119 πεδίον
275 3057 478 3140 οἰκεομένην.
500 3058 535 3122 οί
548 3051 585 3120 δέ
595 3052 761 3140 βάρβαροι
772 3049 834 3138 την
846 3050 958 3137 χόρην
969 3054 1036 3116 πᾶ-

36 3170 99 3217 σαν
117 3150 303 3236 ἐσέδραμον
322 3150 385 3239 τὴν
400 3155 552 3222 Φωκίδα·
582 3151 746 3219 Θέσοαλολ
762 3150 827 3236 γὰρ
843 3147 932 3216 οὕτω
949 3139 1034 3234 ἦγον

35 3245 95 3316 τόν
107 3248 263 3332 στρατόν·
291 3247 395 3321 ὁκόσα
416 3253 452 3321 δέ
467 3252 622 3337 ἐπέσχον,
642 3247 753 3315 πάντα
773 3249 958 3334 ἐπέφλεγον
979 3247 1033 3312 καὶ

36 3352 172 3434 ἔκειρον,
187 3348 243 3416 καί
253 3349 287 3426 ἐς
297 3344 356 3426 τὰς
367 3347 462 3426 πόλις
474 3348 695 3434 ἐνιέντεςπῦρ
710 3345 765 3412 καὶ
775 3345 808 3422 ἐς
818 3339 859 3411 τὰ
870 3341 936 3429 ίρό.
958 3349 1031 3410 110-
1045 3348 1083 3408 δδ

35 3444 207 3534 ρευόμενοι
222 3443 288 3532 γὰρ
302 3445 406 3534 ταότη
420 3443 510 3531 παρὰ
523 3442 584 3513 τόν
603 3439 759 3530 Κηφισόν
776 3438 928 3530 ποταμόν
942 3443 1033 3526 eont-
