<?xml version="1.0" encoding="UTF-8"?>
<!DOCTYPE html PUBLIC "-//W3C//DTD XHTML 1.0 Transitional//EN"
    "http://www.w3.org/TR/xhtml1/DTD/xhtml1-transitional.dtd">
<html xmlns="http://www.w3.org/1999/xhtml" xml:lang="en" lang="en">
 <head>
  <title>
</title>
<meta http-equiv="Content-Type" content="text/html;charset=utf-8" />
  <meta name='ocr-system' content='tesseract 3.04.00' />
  <meta name='ocr-capabilities' content='ocr_page ocr_carea ocr_par ocr_line ocrx_word'/>
</head>
<body>
  <div class='ocr_page' id='page_1' title='image "./herodotihistori00dietgoog_0331.png"; bbox 0 0 2500 3925; ppageno 0'>
   <div class='ocr_carea' id='block_1_1' title="bbox 330 254 1070 321">
    <p class='ocr_par' dir='ltr' id='par_1_1' title="bbox 330 254 1070 321">
     <span class='ocr_line' id='line_1_1' title="bbox 330 254 1070 321; baseline 0.016 -11"><span class='ocrx_word' id='word_1_1' title='bbox 330 254 415 311; x_wconf 79' lang='grc' dir='ltr'><strong><em>ΗΒ.</em></strong></span> <span class='ocrx_word' id='word_1_2' title='bbox 446 254 495 315; x_wconf 74' lang='grc' dir='ltr'><strong><em>Ν.</em></strong></span> <span class='ocrx_word' id='word_1_3' title='bbox 531 254 630 313; x_wconf 83' lang='lat' dir='ltr'><strong>CAP.</strong></span> <span class='ocrx_word' id='word_1_4' title='bbox 664 262 798 319; x_wconf 78' lang='lat'><strong>78-80.</strong></span> <span class='ocrx_word' id='word_1_5' title='bbox 1005 254 1070 321; x_wconf 73' lang='lat'><strong><em>³2⁹</em></strong></span> 
     </span>
    </p>
   </div>
   <div class='ocr_carea' id='block_1_2' title="bbox 54 408 1172 3566">
    <p class='ocr_par' dir='ltr' id='par_1_2' title="bbox 54 408 1172 3566">
     <span class='ocr_line' id='line_1_2' title="bbox 73 408 1068 529; baseline 0.013 -54"><span class='ocrx_word' id='word_1_6' title='bbox 73 422 167 529; x_wconf 79' lang='grc' dir='ltr'><strong><em>σκηυε</em></strong></span> <span class='ocrx_word' id='word_1_7' title='bbox 181 409 286 496; x_wconf 86' lang='grc' dir='ltr'><strong><em>βέλος.</em></strong></span> <span class='ocrx_word' id='word_1_8' title='bbox 311 413 366 479; x_wconf 83' lang='grc' dir='ltr'><strong><em>κοιλ</em></strong></span> <span class='ocrx_word' id='word_1_9' title='bbox 379 408 401 499; x_wconf 79' lang='grc' dir='ltr'><strong><em>ἡ</em></strong></span> <span class='ocrx_word' id='word_1_10' title='bbox 413 410 477 498; x_wconf 77' lang='grc' dir='ltr'><strong><em>μὲν</em></strong></span> <span class='ocrx_word' id='word_1_11' title='bbox 487 414 632 501; x_wconf 77' lang='grc' dir='ltr'><em>κατεκάη</em></span> <span class='ocrx_word' id='word_1_12' title='bbox 646 420 754 502; x_wconf 85' lang='grc' dir='ltr'><strong><em>πάσα,</em></strong></span> <span class='ocrx_word' id='word_1_13' title='bbox 772 415 908 505; x_wconf 88' lang='grc' dir='ltr'><strong><em>Σκύλης</em></strong></span> <span class='ocrx_word' id='word_1_14' title='bbox 918 418 955 486; x_wconf 79' lang='grc' dir='ltr'><strong><em>δέ</em></strong></span> <span class='ocrx_word' id='word_1_15' title='bbox 966 414 1068 488; x_wconf 74' lang='grc' dir='ltr'><strong><em>ούδλκ</em></strong></span> 
     </span>
     <span class='ocr_line' id='line_1_3' title="bbox 73 510 1066 603; baseline 0.01 -29"><span class='ocrx_word' id='word_1_16' title='bbox 73 511 181 575; x_wconf 87' lang='grc' dir='ltr'><strong><em>τούτου</em></strong></span> <span class='ocrx_word' id='word_1_17' title='bbox 195 512 325 577; x_wconf 78' lang='grc' dir='ltr'><strong><em>εἵνεκεν</em></strong></span> <span class='ocrx_word' id='word_1_18' title='bbox 346 511 448 577; x_wconf 76' lang='grc' dir='ltr'><strong><em>ἕσσον</em></strong></span> <span class='ocrx_word' id='word_1_19' title='bbox 469 510 694 581; x_wconf 78' lang='grc' dir='ltr'><strong><em>ἐπετέλεσε</em></strong></span> <span class='ocrx_word' id='word_1_20' title='bbox 657 539 721 601; x_wconf 86' lang='grc' dir='ltr'><strong><em>την</em></strong></span> <span class='ocrx_word' id='word_1_21' title='bbox 733 514 878 603; x_wconf 90' lang='grc' dir='ltr'><strong><em>τελετήν.</em></strong></span> <span class='ocrx_word' id='word_1_22' title='bbox 926 515 1066 585; x_wconf 87' lang='grc' dir='ltr'><strong><em>Σκύθαι</em></strong></span> 
     </span>
     <span class='ocr_line' id='line_1_4' title="bbox 74 606 1067 701; baseline 0.01 -28"><span class='ocrx_word' id='word_1_23' title='bbox 74 608 105 673; x_wconf 79' lang='grc' dir='ltr'><strong><em>δὲ</em></strong></span> <span class='ocrx_word' id='word_1_24' title='bbox 117 632 170 673; x_wconf 90' lang='grc' dir='ltr'><strong><em>του</em></strong></span> <span class='ocrx_word' id='word_1_25' title='bbox 157 608 362 693; x_wconf 76' lang='grc' dir='ltr'><strong><em>βακχεύειν</em></strong></span> <span class='ocrx_word' id='word_1_26' title='bbox 377 609 453 694; x_wconf 87' lang='grc' dir='ltr'><strong><em>πέρι</em></strong></span> <span class='ocrx_word' id='word_1_27' title='bbox 461 606 596 697; x_wconf 80' lang='grc' dir='ltr'><strong><em>Ἕλλησι</em></strong></span> <span class='ocrx_word' id='word_1_28' title='bbox 611 608 828 693; x_wconf 70' lang='grc' dir='ltr'><strong><em>ὀνειδιΐουσι·</em></strong></span> <span class='ocrx_word' id='word_1_29' title='bbox 851 610 894 683; x_wconf 89' lang='grc' dir='ltr'><strong><em>ού</em></strong></span> <span class='ocrx_word' id='word_1_30' title='bbox 903 615 970 701; x_wconf 80' lang='grc' dir='ltr'><strong><em>γάρ</em></strong></span> <span class='ocrx_word' id='word_1_31' title='bbox 982 634 1067 701; x_wconf 86' lang='grc' dir='ltr'><strong><em>φασι</em></strong></span> 
     </span>
     <span class='ocr_line' id='line_1_5' title="bbox 73 700 1066 799; baseline 0.011 -29.307"><span class='ocrx_word' id='word_1_32' title='bbox 73 700 151 782; x_wconf 84' lang='grc' dir='ltr'><strong><em>οίκὸς</em></strong></span> <span class='ocrx_word' id='word_1_33' title='bbox 89 702 254 772; x_wconf 82' lang='grc' dir='ltr'><strong><em>ίείναι</em></strong></span> <span class='ocrx_word' id='word_1_34' title='bbox 270 702 358 773; x_wconf 82' lang='grc' dir='ltr'><strong><em>θεὸν</em></strong></span> <span class='ocrx_word' id='word_1_35' title='bbox 379 708 583 791; x_wconf 78' lang='grc' dir='ltr'><strong><em>ἐξευρίσκειν</em></strong></span> <span class='ocrx_word' id='word_1_36' title='bbox 602 715 742 798; x_wconf 83' lang='grc' dir='ltr'><strong><em>τοῦτον,</em></strong></span> <span class='ocrx_word' id='word_1_37' title='bbox 771 708 863 791; x_wconf 81' lang='grc' dir='ltr'><strong><em>ὅστις</em></strong></span> <span class='ocrx_word' id='word_1_38' title='bbox 884 718 1066 799; x_wconf 87' lang='grc' dir='ltr'><strong><em>μαίνεσθαι</em></strong></span> 
     </span>
     <span class='ocr_line' id='line_1_6' title="bbox 70 800 1065 905; baseline 0.008 -32"><span class='ocrx_word' id='word_1_39' title='bbox 70 804 169 890; x_wconf 86' lang='grc' dir='ltr'><strong><em>ἐνάγει</em></strong></span> <span class='ocrx_word' id='word_1_40' title='bbox 190 800 408 889; x_wconf 70' lang='grc' dir='ltr'><strong><em>ἀνθρώπους</em></strong></span> <span class='ocrx_word' id='word_1_41' title='bbox 451 809 560 880; x_wconf 82' lang='grc' dir='ltr'><strong><em>ἐπείτε</em></strong></span> <span class='ocrx_word' id='word_1_42' title='bbox 581 809 618 877; x_wconf 71' lang='grc' dir='ltr'><strong><em>δὲ</em></strong></span> <span class='ocrx_word' id='word_1_43' title='bbox 638 812 796 897; x_wconf 75' lang='grc' dir='ltr'><strong><em>ἐτελέσθη</em></strong></span> <span class='ocrx_word' id='word_1_44' title='bbox 817 837 863 903; x_wconf 91' lang='grc' dir='ltr'><strong><em>τω</em></strong></span> <span class='ocrx_word' id='word_1_45' title='bbox 849 808 1061 905; x_wconf 69' lang='grc' dir='ltr'><strong><em>Βακχείῳ</em></strong></span> <span class='ocrx_word' id='word_1_46' title='bbox 1045 837 1065 881; x_wconf 95' lang='grc' dir='ltr'><strong><em>ο</em></strong></span> 
     </span>
     <span class='ocr_line' id='line_1_7' title="bbox 69 902 1065 997; baseline 0.01 -28"><span class='ocrx_word' id='word_1_47' title='bbox 69 902 199 989; x_wconf 82' lang='grc' dir='ltr'><strong><em>Σκύλης,</em></strong></span> <span class='ocrx_word' id='word_1_48' title='bbox 213 905 330 989; x_wconf 88' lang='grc' dir='ltr'><strong><em>διέδρη</em></strong></span> <span class='ocrx_word' id='word_1_49' title='bbox 344 903 511 984; x_wconf 82' lang='grc' dir='ltr'><strong><em>πιστεύσας</em></strong></span> <span class='ocrx_word' id='word_1_50' title='bbox 526 910 597 974; x_wconf 79' lang='grc' dir='ltr'><strong><em>τάν</em></strong></span> <span class='ocrx_word' id='word_1_51' title='bbox 608 912 959 995; x_wconf 77' lang='grc' dir='ltr'><strong><em>τιςλλορυσθενεττέων</em></strong></span> <span class='ocrx_word' id='word_1_52' title='bbox 979 907 1065 997; x_wconf 77' lang='grc' dir='ltr'><strong><em>πρὸς</em></strong></span> 
     </span>
     <span class='ocr_line' id='line_1_8' title="bbox 69 998 1062 1095; baseline 0.008 -28"><span class='ocrx_word' id='word_1_53' title='bbox 69 998 136 1079; x_wconf 86' lang='grc' dir='ltr'><strong><em>τούς</em></strong></span> <span class='ocrx_word' id='word_1_54' title='bbox 145 1002 288 1083; x_wconf 87' lang='grc' dir='ltr'><strong><em>Σκύθας</em></strong></span> <span class='ocrx_word' id='word_1_55' title='bbox 298 1006 424 1091; x_wconf 78' lang='grc' dir='ltr'><strong><em>λέγων·</em></strong></span> <span class='ocrx_word' id='word_1_56' title='bbox 451 1000 551 1091; x_wconf 79' lang='grc' dir='ltr'><strong><em>Ημίν</em></strong></span> <span class='ocrx_word' id='word_1_57' title='bbox 564 1004 630 1094; x_wconf 88' lang='grc' dir='ltr'><strong><em>γάρ</em></strong></span> <span class='ocrx_word' id='word_1_58' title='bbox 642 1002 898 1094; x_wconf 77' lang='grc' dir='ltr'><strong><em>καταγελᾶτε,</em></strong></span> <span class='ocrx_word' id='word_1_59' title='bbox 871 1034 898 1076; x_wconf 92' lang='grc' dir='ltr'><strong><em>ω</em></strong></span> <span class='ocrx_word' id='word_1_60' title='bbox 911 1009 1062 1095; x_wconf 90' lang='grc' dir='ltr'><strong><em>Σκύθαι,</em></strong></span> 
     </span>
     <span class='ocr_line' id='line_1_9' title="bbox 68 1098 1064 1195; baseline 0.011 -30"><span class='ocrx_word' id='word_1_61' title='bbox 68 1098 113 1166; x_wconf 76' lang='grc' dir='ltr'><strong><em>ὅτι</em></strong></span> <span class='ocrx_word' id='word_1_62' title='bbox 125 1103 330 1189; x_wconf 83' lang='grc' dir='ltr'><strong><em>βακχεύομεν</em></strong></span> <span class='ocrx_word' id='word_1_63' title='bbox 350 1106 406 1173; x_wconf 77' lang='grc' dir='ltr'><strong><em>καί</em></strong></span> <span class='ocrx_word' id='word_1_64' title='bbox 420 1101 558 1193; x_wconf 69' lang='grc' dir='ltr'><strong><em>ἡμέας’</em></strong></span> <span class='ocrx_word' id='word_1_65' title='bbox 545 1130 562 1171; x_wconf 96' lang='grc' dir='ltr'><strong><em>ο</em></strong></span> <span class='ocrx_word' id='word_1_66' title='bbox 581 1103 664 1185; x_wconf 83' lang='grc' dir='ltr'><strong><em>θεὰς</em></strong></span> <span class='ocrx_word' id='word_1_67' title='bbox 678 1106 860 1195; x_wconf 87' lang='grc' dir='ltr'><strong><em>λαμβάνει·</em></strong></span> <span class='ocrx_word' id='word_1_68' title='bbox 881 1114 948 1176; x_wconf 84' lang='grc' dir='ltr'><strong><em>νῦν</em></strong></span> <span class='ocrx_word' id='word_1_69' title='bbox 963 1100 1064 1187; x_wconf 80' lang='grc' dir='ltr'><strong><em>οὗτος</em></strong></span> 
     </span>
     <span class='ocr_line' id='line_1_10' title="bbox 66 1197 1062 1295; baseline 0.011 -29"><span class='ocrx_word' id='word_1_70' title='bbox 66 1197 81 1267; x_wconf 89' lang='lat'><strong><em>6</em></strong></span> <span class='ocrx_word' id='word_1_71' title='bbox 94 1204 215 1288; x_wconf 88' lang='grc' dir='ltr'><strong><em>δαίμων</em></strong></span> <span class='ocrx_word' id='word_1_72' title='bbox 232 1206 288 1273; x_wconf 78' lang='grc' dir='ltr'><strong><em>καί</em></strong></span> <span class='ocrx_word' id='word_1_73' title='bbox 302 1201 364 1272; x_wconf 82' lang='grc' dir='ltr'><strong><em>τὸν</em></strong></span> <span class='ocrx_word' id='word_1_74' title='bbox 377 1202 541 1291; x_wconf 70' lang='grc' dir='ltr'><strong><em>ὑμέτερον</em></strong></span> <span class='ocrx_word' id='word_1_75' title='bbox 555 1208 694 1293; x_wconf 75' lang='grc' dir='ltr'><strong><em>βασιλέα</em></strong></span> <span class='ocrx_word' id='word_1_76' title='bbox 707 1208 887 1295; x_wconf 85' lang='grc' dir='ltr'><strong><em>λελάβηκε,</em></strong></span> <span class='ocrx_word' id='word_1_77' title='bbox 908 1210 964 1276; x_wconf 74' lang='grc' dir='ltr'><strong><em>καί</em></strong></span> <span class='ocrx_word' id='word_1_78' title='bbox 977 1215 1062 1295; x_wconf 87' lang='grc' dir='ltr'><strong><em>βακ-</em></strong></span> 
     </span>
     <span class='ocr_line' id='line_1_11' title="bbox 64 1298 1060 1393; baseline 0.008 -28"><span class='ocrx_word' id='word_1_79' title='bbox 64 1298 143 1384; x_wconf 78' lang='grc' dir='ltr'><strong><em>χεύει</em></strong></span> <span class='ocrx_word' id='word_1_80' title='bbox 157 1303 211 1369; x_wconf 78' lang='grc' dir='ltr'><strong><em>καί</em></strong></span> <span class='ocrx_word' id='word_1_81' title='bbox 228 1298 296 1369; x_wconf 80' lang='grc' dir='ltr'><strong><em>ὑπὸ</em></strong></span> <span class='ocrx_word' id='word_1_82' title='bbox 318 1308 380 1371; x_wconf 87' lang='grc' dir='ltr'><strong><em>τού</em></strong></span> <span class='ocrx_word' id='word_1_83' title='bbox 399 1310 488 1372; x_wconf 84' lang='grc' dir='ltr'><strong><em>θεοῦ</em></strong></span> <span class='ocrx_word' id='word_1_84' title='bbox 502 1311 665 1390; x_wconf 84' lang='grc' dir='ltr'><strong><em>μαίνεται.</em></strong></span> <span class='ocrx_word' id='word_1_85' title='bbox 700 1309 731 1373; x_wconf 84' lang='grc' dir='ltr'><strong><em>εί</em></strong></span> <span class='ocrx_word' id='word_1_86' title='bbox 746 1307 786 1372; x_wconf 88' lang='grc' dir='ltr'><strong><em>δέ</em></strong></span> <span class='ocrx_word' id='word_1_87' title='bbox 801 1331 860 1393; x_wconf 88' lang='grc' dir='ltr'><strong><em>μοι</em></strong></span> <span class='ocrx_word' id='word_1_88' title='bbox 879 1302 1060 1393; x_wconf 75' lang='grc' dir='ltr'><strong><em>ἀπιστέετε,</em></strong></span> 
     </span>
     <span class='ocr_line' id='line_1_12' title="bbox 64 1396 1063 1488; baseline 0.007 -23"><span class='ocrx_word' id='word_1_89' title='bbox 64 1400 192 1486; x_wconf 74' lang='grc' dir='ltr'><strong><em>ἕπεσθε,</em></strong></span> <span class='ocrx_word' id='word_1_90' title='bbox 214 1402 270 1467; x_wconf 80' lang='grc' dir='ltr'><strong><em>καὶ</em></strong></span> <span class='ocrx_word' id='word_1_91' title='bbox 284 1396 368 1487; x_wconf 84' lang='grc' dir='ltr'><strong><em>ύμλν</em></strong></span> <span class='ocrx_word' id='word_1_92' title='bbox 382 1398 447 1488; x_wconf 78' lang='grc' dir='ltr'><strong><em>ἐγω</em></strong></span> <span class='ocrx_word' id='word_1_93' title='bbox 464 1404 555 1483; x_wconf 83' lang='grc' dir='ltr'><strong><em>δέξω.</em></strong></span> <span class='ocrx_word' id='word_1_94' title='bbox 601 1405 751 1471; x_wconf 60' lang='lat' dir='ltr'><strong><em>Eunomo</em></strong></span> <span class='ocrx_word' id='word_1_95' title='bbox 765 1409 836 1471; x_wconf 76' lang='grc' dir='ltr'><strong><em>τάν</em></strong></span> <span class='ocrx_word' id='word_1_96' title='bbox 845 1408 1015 1472; x_wconf 82' lang='grc' dir='ltr'><strong><em>Σκυθέων</em></strong></span> <span class='ocrx_word' id='word_1_97' title='bbox 1028 1407 1063 1472; x_wconf 80' lang='lat' dir='ltr'><strong><em>oc</em></strong></span> 
     </span>
     <span class='ocr_line' id='line_1_13' title="bbox 64 1499 1061 1591; baseline 0 -23"><span class='ocrx_word' id='word_1_98' title='bbox 64 1508 291 1588; x_wconf 79' lang='grc' dir='ltr'><strong><em>προεστεῶτες,</em></strong></span> <span class='ocrx_word' id='word_1_99' title='bbox 317 1504 372 1570; x_wconf 75' lang='grc' dir='ltr'><strong><em>καί</em></strong></span> <span class='ocrx_word' id='word_1_100' title='bbox 393 1499 518 1583; x_wconf 83' lang='grc' dir='ltr'><strong><em>αύτούς</em></strong></span> <span class='ocrx_word' id='word_1_101' title='bbox 542 1500 725 1591; x_wconf 77' lang='grc' dir='ltr'><strong><em>άναγαγων</em></strong></span> <span class='ocrx_word' id='word_1_102' title='bbox 747 1499 767 1571; x_wconf 92' lang='lat'><strong><em>6</em></strong></span> <span class='ocrx_word' id='word_1_103' title='bbox 790 1507 1061 1589; x_wconf 76' lang='grc' dir='ltr'><strong><em>Βορυσθενεΐτης</em></strong></span> 
     </span>
     <span class='ocr_line' id='line_1_14' title="bbox 62 1601 1061 1695; baseline 0.001 -24"><span class='ocrx_word' id='word_1_104' title='bbox 62 1602 168 1691; x_wconf 82' lang='grc' dir='ltr'><strong><em>λάθρη</em></strong></span> <span class='ocrx_word' id='word_1_105' title='bbox 189 1604 243 1671; x_wconf 76' lang='grc' dir='ltr'><strong><em>ἐπὶ</em></strong></span> <span class='ocrx_word' id='word_1_106' title='bbox 265 1603 399 1692; x_wconf 89' lang='grc' dir='ltr'><strong><em>πύργον</em></strong></span> <span class='ocrx_word' id='word_1_107' title='bbox 424 1616 547 1673; x_wconf 79' lang='grc' dir='ltr'><strong><em>κατίσε.</em></strong></span> <span class='ocrx_word' id='word_1_108' title='bbox 595 1605 704 1674; x_wconf 90' lang='grc' dir='ltr'><strong><em>ἐπείτε</em></strong></span> <span class='ocrx_word' id='word_1_109' title='bbox 729 1604 767 1673; x_wconf 72' lang='grc' dir='ltr'><strong><em>δὲ</em></strong></span> <span class='ocrx_word' id='word_1_110' title='bbox 787 1604 907 1692; x_wconf 89' lang='grc' dir='ltr'><strong><em>παρήιε</em></strong></span> <span class='ocrx_word' id='word_1_111' title='bbox 928 1601 994 1672; x_wconf 86' lang='grc' dir='ltr'><strong><em>σύν</em></strong></span> <span class='ocrx_word' id='word_1_112' title='bbox 1014 1608 1061 1695; x_wconf 78' lang='grc' dir='ltr'><strong><em>τῷ</em></strong></span> 
     </span>
     <span class='ocr_line' id='line_1_15' title="bbox 60 1699 1059 1794; baseline 0.003 -28"><span class='ocrx_word' id='word_1_113' title='bbox 60 1699 162 1794; x_wconf 75' lang='grc' dir='ltr'><strong><em>θιάσῳ</em></strong></span> <span class='ocrx_word' id='word_1_114' title='bbox 182 1699 200 1770; x_wconf 88' lang='lat'><strong><em>6</em></strong></span> <span class='ocrx_word' id='word_1_115' title='bbox 217 1702 356 1790; x_wconf 81' lang='grc' dir='ltr'><strong><em>Σκύλης</em></strong></span> <span class='ocrx_word' id='word_1_116' title='bbox 370 1705 426 1772; x_wconf 84' lang='grc' dir='ltr'><strong><em>καὶ</em></strong></span> <span class='ocrx_word' id='word_1_117' title='bbox 448 1701 540 1771; x_wconf 81' lang='grc' dir='ltr'><strong><em>εέδύν</em></strong></span> <span class='ocrx_word' id='word_1_118' title='bbox 559 1730 620 1790; x_wconf 88' lang='grc' dir='ltr'><strong><em>μιν</em></strong></span> <span class='ocrx_word' id='word_1_119' title='bbox 633 1704 842 1791; x_wconf 81' lang='grc' dir='ltr'><strong><em>βακχεύοντα</em></strong></span> <span class='ocrx_word' id='word_1_120' title='bbox 863 1707 898 1770; x_wconf 84' lang='lat' dir='ltr'><strong><em>oc</em></strong></span> <span class='ocrx_word' id='word_1_121' title='bbox 909 1702 1059 1786; x_wconf 87' lang='grc' dir='ltr'><strong><em>Σκύθαι,</em></strong></span> 
     </span>
     <span class='ocr_line' id='line_1_16' title="bbox 60 1799 1060 1889; baseline 0 -23"><span class='ocrx_word' id='word_1_122' title='bbox 60 1800 156 1885; x_wconf 90' lang='grc' dir='ltr'><strong><em>κάρτα</em></strong></span> <span class='ocrx_word' id='word_1_123' title='bbox 177 1799 361 1888; x_wconf 84' lang='grc' dir='ltr'><strong><em>συμφορήν</em></strong></span> <span class='ocrx_word' id='word_1_124' title='bbox 382 1801 533 1888; x_wconf 90' lang='grc' dir='ltr'><strong><em>μεγάλην</em></strong></span> <span class='ocrx_word' id='word_1_125' title='bbox 556 1802 775 1889; x_wconf 85' lang='grc' dir='ltr'><strong><em>ἐποιήσαντο,</em></strong></span> <span class='ocrx_word' id='word_1_126' title='bbox 803 1802 997 1884; x_wconf 77' lang='grc' dir='ltr'><strong><em>ἐξελθόντες</em></strong></span> <span class='ocrx_word' id='word_1_127' title='bbox 1022 1800 1060 1867; x_wconf 72' lang='grc' dir='ltr'><strong><em>δὲ</em></strong></span> 
     </span>
     <span class='ocr_line' id='line_1_17' title="bbox 61 1891 1110 1990; baseline -0.002 -25"><span class='ocrx_word' id='word_1_128' title='bbox 61 1898 236 1986; x_wconf 82' lang='grc' dir='ltr'><strong><em>ἐσήμαινον</em></strong></span> <span class='ocrx_word' id='word_1_129' title='bbox 260 1898 352 1990; x_wconf 84' lang='grc' dir='ltr'><strong><em>ιιάση</em></strong></span> <span class='ocrx_word' id='word_1_130' title='bbox 378 1906 418 1990; x_wconf 81' lang='grc' dir='ltr'><strong><em>τῇ</em></strong></span> <span class='ocrx_word' id='word_1_131' title='bbox 442 1905 580 1990; x_wconf 77' lang='grc' dir='ltr'><strong><em>στρατιῇ</em></strong></span> <span class='ocrx_word' id='word_1_132' title='bbox 600 1897 641 1968; x_wconf 84' lang='grc' dir='ltr'><strong><em>τά</em></strong></span> <span class='ocrx_word' id='word_1_133' title='bbox 667 1905 783 1969; x_wconf 87' lang='grc' dir='ltr'><strong><em>λδοιεν.</em></strong></span> <span class='ocrx_word' id='word_1_134' title='bbox 831 1898 891 1978; x_wconf 78' lang='grc' dir='ltr'><strong><em>Ὡς</em></strong></span> <span class='ocrx_word' id='word_1_135' title='bbox 915 1900 952 1968; x_wconf 75' lang='grc' dir='ltr'><strong><em>δὲ</em></strong></span> <span class='ocrx_word' id='word_1_136' title='bbox 976 1891 1059 1983; x_wconf 78' lang='grc' dir='ltr'><strong><em>μετά</em></strong></span> <span class='ocrx_word' id='word_1_137' title='bbox 1074 1907 1110 1964; x_wconf 78' lang='lat'><strong>06</strong></span> 
     </span>
     <span class='ocr_line' id='line_1_18' title="bbox 59 1996 1058 2088; baseline 0.001 -25"><span class='ocrx_word' id='word_1_138' title='bbox 59 2005 153 2067; x_wconf 84' lang='grc' dir='ltr'><strong><em>ταῦτα</em></strong></span> <span class='ocrx_word' id='word_1_139' title='bbox 169 2000 332 2088; x_wconf 82' lang='grc' dir='ltr'><strong><em>ἐξήλαυνε</em></strong></span> <span class='ocrx_word' id='word_1_140' title='bbox 346 1999 364 2069; x_wconf 90' lang='lat'><strong><em>6</em></strong></span> <span class='ocrx_word' id='word_1_141' title='bbox 377 2000 515 2086; x_wconf 89' lang='grc' dir='ltr'><strong><em>Σκύλης</em></strong></span> <span class='ocrx_word' id='word_1_142' title='bbox 527 2001 560 2078; x_wconf 89' lang='grc' dir='ltr'><strong><em>ἐς</em></strong></span> <span class='ocrx_word' id='word_1_143' title='bbox 572 1996 661 2087; x_wconf 82' lang='grc' dir='ltr'><strong><em>ἤθεα</em></strong></span> <span class='ocrx_word' id='word_1_144' title='bbox 671 1998 713 2069; x_wconf 87' lang='grc' dir='ltr'><strong><em>τά</em></strong></span> <span class='ocrx_word' id='word_1_145' title='bbox 724 2003 864 2087; x_wconf 85' lang='grc' dir='ltr'><strong><em>ἑωυτοῦ,</em></strong></span> <span class='ocrx_word' id='word_1_146' title='bbox 878 2005 912 2069; x_wconf 88' lang='grc' dir='ltr'><strong><em>οί</em></strong></span> <span class='ocrx_word' id='word_1_147' title='bbox 920 1997 1058 2068; x_wconf 87' lang='grc' dir='ltr'><strong><em>Σκύθαι</em></strong></span> 
     </span>
     <span class='ocr_line' id='line_1_19' title="bbox 58 2095 1058 2186; baseline 0.002 -24"><span class='ocrx_word' id='word_1_148' title='bbox 58 2098 318 2186; x_wconf 86' lang='grc' dir='ltr'><strong><em>προστησάμενοι</em></strong></span> <span class='ocrx_word' id='word_1_149' title='bbox 334 2096 396 2166; x_wconf 88' lang='grc' dir='ltr'><strong><em>τόν</em></strong></span> <span class='ocrx_word' id='word_1_150' title='bbox 411 2095 579 2185; x_wconf 84' lang='grc' dir='ltr'><strong><em>άδελφεδν</em></strong></span> <span class='ocrx_word' id='word_1_151' title='bbox 594 2095 701 2165; x_wconf 88' lang='grc' dir='ltr'><strong><em>αύτοῦ</em></strong></span> <span class='ocrx_word' id='word_1_152' title='bbox 712 2095 984 2185; x_wconf 82' lang='grc' dir='ltr'><strong><em>Ὀκταμασάδην,</em></strong></span> <span class='ocrx_word' id='word_1_153' title='bbox 1000 2122 1058 2183; x_wconf 77' lang='grc' dir='ltr'><strong><em>γε·</em></strong></span> 
     </span>
     <span class='ocr_line' id='line_1_20' title="bbox 57 2195 1055 2289; baseline 0.003 -26"><span class='ocrx_word' id='word_1_154' title='bbox 57 2197 171 2281; x_wconf 89' lang='grc' dir='ltr'><strong><em>γονύτα</em></strong></span> <span class='ocrx_word' id='word_1_155' title='bbox 186 2202 225 2266; x_wconf 87' lang='grc' dir='ltr'><strong><em>ἐκ</em></strong></span> <span class='ocrx_word' id='word_1_156' title='bbox 237 2205 295 2285; x_wconf 84' lang='grc' dir='ltr'><strong><em>τῆς</em></strong></span> <span class='ocrx_word' id='word_1_157' title='bbox 310 2198 427 2288; x_wconf 81' lang='grc' dir='ltr'><strong><em>Τήρεω</em></strong></span> <span class='ocrx_word' id='word_1_158' title='bbox 437 2195 627 2284; x_wconf 86' lang='grc' dir='ltr'><strong><em>θυγατρὸς,</em></strong></span> <span class='ocrx_word' id='word_1_159' title='bbox 643 2200 857 2267; x_wconf 77' lang='grc' dir='ltr'><strong><em>ἐπανιστέατο</em></strong></span> <span class='ocrx_word' id='word_1_160' title='bbox 868 2204 915 2289; x_wconf 77' lang='grc' dir='ltr'><strong><em>τῷ</em></strong></span> <span class='ocrx_word' id='word_1_161' title='bbox 925 2197 1055 2285; x_wconf 75' lang='grc' dir='ltr'><strong><em>Σκύλῃ.</em></strong></span> 
     </span>
     <span class='ocr_line' id='line_1_21' title="bbox 58 2291 1055 2388; baseline 0.001 -28"><span class='ocrx_word' id='word_1_162' title='bbox 58 2293 116 2364; x_wconf 77' lang='grc' dir='ltr'><strong><em>ὅδὲ</em></strong></span> <span class='ocrx_word' id='word_1_163' title='bbox 130 2295 257 2384; x_wconf 83' lang='grc' dir='ltr'><strong><em>μαθιδν</em></strong></span> <span class='ocrx_word' id='word_1_164' title='bbox 271 2295 307 2366; x_wconf 86' lang='grc' dir='ltr'>τό</span> <span class='ocrx_word' id='word_1_165' title='bbox 325 2297 508 2386; x_wconf 87' lang='grc' dir='ltr'><strong><em>γινόμενον</em></strong></span> <span class='ocrx_word' id='word_1_166' title='bbox 525 2294 578 2365; x_wconf 89' lang='grc' dir='ltr'><strong><em>ἐπ’</em></strong></span> <span class='ocrx_word' id='word_1_167' title='bbox 598 2300 712 2388; x_wconf 78' lang='grc' dir='ltr'><strong><em>ἑωυτῷ</em></strong></span> <span class='ocrx_word' id='word_1_168' title='bbox 725 2299 781 2366; x_wconf 80' lang='grc' dir='ltr'><strong><em>καλ</em></strong></span> <span class='ocrx_word' id='word_1_169' title='bbox 792 2293 855 2382; x_wconf 81' lang='grc' dir='ltr'><strong><em>τήν</em></strong></span> <span class='ocrx_word' id='word_1_170' title='bbox 870 2301 990 2382; x_wconf 79' lang='grc' dir='ltr'><strong><em>αἰτίην,</em></strong></span> <span class='ocrx_word' id='word_1_171' title='bbox 1008 2291 1055 2362; x_wconf 83' lang='grc' dir='ltr'><strong><em>δι’</em></strong></span> 
     </span>
     <span class='ocr_line' id='line_1_22' title="bbox 57 2391 1057 2515; baseline -0.003 -54"><span class='ocrx_word' id='word_1_172' title='bbox 57 2391 91 2480; x_wconf 80' lang='grc' dir='ltr'><strong><em>ἣν</em></strong></span> <span class='ocrx_word' id='word_1_173' title='bbox 105 2399 269 2484; x_wconf 79' lang='grc' dir='ltr'><strong><em>ἐποιέετο,</em></strong></span> <span class='ocrx_word' id='word_1_174' title='bbox 290 2395 495 2515; x_wconf 80' lang='grc' dir='ltr'><strong><em>καταφεύγει</em></strong></span> <span class='ocrx_word' id='word_1_175' title='bbox 518 2398 552 2475; x_wconf 87' lang='grc' dir='ltr'><strong><em>ἐς</em></strong></span> <span class='ocrx_word' id='word_1_176' title='bbox 571 2392 635 2483; x_wconf 82' lang='grc' dir='ltr'><strong><em>τήν</em></strong></span> <span class='ocrx_word' id='word_1_177' title='bbox 650 2400 812 2481; x_wconf 82' lang='grc' dir='ltr'><strong><em>Θρηίκην.</em></strong></span> <span class='ocrx_word' id='word_1_178' title='bbox 858 2392 1057 2477; x_wconf 87' lang='grc' dir='ltr'><strong><em>πυθόμενος</em></strong></span> 
     </span>
     <span class='ocr_line' id='line_1_23' title="bbox 57 2487 1056 2617; baseline -0.006 -56"><span class='ocrx_word' id='word_1_179' title='bbox 57 2494 113 2563; x_wconf 75' lang='lat'><strong>6‘</strong></span> <span class='ocrx_word' id='word_1_180' title='bbox 99 2523 116 2564; x_wconf 93' lang='grc' dir='ltr'><strong><em>ο</em></strong></span> <span class='ocrx_word' id='word_1_181' title='bbox 128 2495 379 2617; x_wconf 79' lang='grc' dir='ltr'><strong><em>Ὀκταμασάδης</em></strong></span> <span class='ocrx_word' id='word_1_182' title='bbox 393 2501 497 2564; x_wconf 74' lang='grc' dir='ltr'><strong><em>ταῦτα</em></strong></span> <span class='ocrx_word' id='word_1_183' title='bbox 514 2492 730 2579; x_wconf 80' lang='grc' dir='ltr'><strong><em>ἐστρατεύετο</em></strong></span> <span class='ocrx_word' id='word_1_184' title='bbox 742 2487 846 2558; x_wconf 71' lang='grc' dir='ltr'><strong><em>ἐπὶ</em></strong></span> <span class='ocrx_word' id='word_1_185' title='bbox 810 2516 874 2577; x_wconf 91' lang='grc' dir='ltr'><strong><em>την</em></strong></span> <span class='ocrx_word' id='word_1_186' title='bbox 888 2495 1056 2576; x_wconf 78' lang='grc' dir='ltr'><strong><em>Θρηίκην</em></strong></span> 
     </span>
     <span class='ocr_line' id='line_1_24' title="bbox 55 2585 1054 2686; baseline -0.011 -23.855"><span class='ocrx_word' id='word_1_187' title='bbox 55 2597 151 2666; x_wconf 86' lang='grc' dir='ltr'><strong><em>ἐπείτε</em></strong></span> <span class='ocrx_word' id='word_1_188' title='bbox 172 2593 211 2664; x_wconf 71' lang='grc' dir='ltr'><strong><em>δὲ</em></strong></span> <span class='ocrx_word' id='word_1_189' title='bbox 223 2597 276 2664; x_wconf 77' lang='grc' dir='ltr'><strong><em>επὶ</em></strong></span> <span class='ocrx_word' id='word_1_190' title='bbox 286 2621 332 2686; x_wconf 91' lang='grc' dir='ltr'><strong><em>τω</em></strong></span> <span class='ocrx_word' id='word_1_191' title='bbox 338 2593 456 2685; x_wconf 87' lang='grc' dir='ltr'><strong><em>Ιστρω</em></strong></span> <span class='ocrx_word' id='word_1_192' title='bbox 467 2587 781 2679; x_wconf 88' lang='grc' dir='ltr'><strong><em>ἐγενετο,ηντίασαν</em></strong></span> <span class='ocrx_word' id='word_1_193' title='bbox 791 2613 851 2673; x_wconf 91' lang='grc' dir='ltr'><strong><em>μιν</em></strong></span> <span class='ocrx_word' id='word_1_194' title='bbox 862 2591 896 2654; x_wconf 75' lang='lat' dir='ltr'><strong><em>ot</em></strong></span> <span class='ocrx_word' id='word_1_195' title='bbox 901 2585 1054 2674; x_wconf 81' lang='grc' dir='ltr'><strong><em>Θρηικες,</em></strong></span> 
     </span>
     <span class='ocr_line' id='line_1_25' title="bbox 55 2680 1053 2809; baseline -0.008 -51"><span class='ocrx_word' id='word_1_196' title='bbox 55 2693 240 2776; x_wconf 84' lang='grc' dir='ltr'><strong><em>μελλόντων</em></strong></span> <span class='ocrx_word' id='word_1_197' title='bbox 255 2695 291 2761; x_wconf 76' lang='grc' dir='ltr'><strong><em>δὲ</em></strong></span> <span class='ocrx_word' id='word_1_198' title='bbox 309 2690 422 2760; x_wconf 89' lang='grc' dir='ltr'><strong><em>αύτων</em></strong></span> <span class='ocrx_word' id='word_1_199' title='bbox 443 2689 612 2770; x_wconf 82' lang='grc' dir='ltr'><strong><em>συνάψειν</em></strong></span> <span class='ocrx_word' id='word_1_200' title='bbox 633 2693 760 2773; x_wconf 75' lang='grc' dir='ltr'><strong><em>ἔπεμψε</em></strong></span> <span class='ocrx_word' id='word_1_201' title='bbox 774 2685 942 2809; x_wconf 78' lang='grc' dir='ltr'><strong><em>Σιτάλκης</em></strong></span> <span class='ocrx_word' id='word_1_202' title='bbox 962 2680 1053 2772; x_wconf 81' lang='grc' dir='ltr'><strong><em>παρά</em></strong></span> 
     </span>
     <span class='ocr_line' id='line_1_26' title="bbox 54 2779 1053 2879; baseline -0.008 -24"><span class='ocrx_word' id='word_1_203' title='bbox 54 2788 105 2858; x_wconf 87' lang='grc' dir='ltr'><strong><em>τόν</em></strong></span> <span class='ocrx_word' id='word_1_204' title='bbox 114 2790 370 2879; x_wconf 76' lang='grc' dir='ltr'><strong><em>Ὀκταμασάδην</em></strong></span> <span class='ocrx_word' id='word_1_205' title='bbox 384 2793 493 2876; x_wconf 80' lang='grc' dir='ltr'><strong><em>λέγων</em></strong></span> <span class='ocrx_word' id='word_1_206' title='bbox 508 2786 638 2855; x_wconf 78' lang='grc' dir='ltr'><strong><em>τοιάδε·</em></strong></span> <span class='ocrx_word' id='word_1_207' title='bbox 664 2792 706 2854; x_wconf 90' lang='grc' dir='ltr'><strong><em>Τί</em></strong></span> <span class='ocrx_word' id='word_1_208' title='bbox 717 2781 797 2852; x_wconf 62' lang='grc' dir='ltr'><strong><em>δεί’</em></strong></span> <span class='ocrx_word' id='word_1_209' title='bbox 780 2785 884 2871; x_wconf 83' lang='grc' dir='ltr'><strong><em>ημέας</em></strong></span> <span class='ocrx_word' id='word_1_210' title='bbox 897 2779 1053 2868; x_wconf 89' lang='grc' dir='ltr'><strong><em>άλλήλων</em></strong></span> 
     </span>
     <span class='ocr_line' id='line_1_27' title="bbox 55 2881 1056 3002; baseline -0.008 -48"><span class='ocrx_word' id='word_1_211' title='bbox 55 2897 268 2978; x_wconf 75' lang='grc' dir='ltr'><strong><em>κειρηθῆναις</em></strong></span> <span class='ocrx_word' id='word_1_212' title='bbox 291 2887 337 2968; x_wconf 78' lang='grc' dir='ltr'><strong><em>εἷς</em></strong></span> <span class='ocrx_word' id='word_1_213' title='bbox 358 2891 421 2975; x_wconf 83' lang='grc' dir='ltr'><strong><em>μέν</em></strong></span> <span class='ocrx_word' id='word_1_214' title='bbox 435 2913 501 2975; x_wconf 90' lang='grc' dir='ltr'><strong><em>μεν</em></strong></span> <span class='ocrx_word' id='word_1_215' title='bbox 520 2893 578 2972; x_wconf 79' lang='grc' dir='ltr'><strong><em>τῆς</em></strong></span> <span class='ocrx_word' id='word_1_216' title='bbox 598 2881 764 3002; x_wconf 84' lang='grc' dir='ltr'><strong><em>άδελφεης</em></strong></span> <span class='ocrx_word' id='word_1_217' title='bbox 787 2897 881 2970; x_wconf 81' lang='grc' dir='ltr'><strong><em>παῖς,</em></strong></span> <span class='ocrx_word' id='word_1_218' title='bbox 909 2887 993 2968; x_wconf 82' lang='grc' dir='ltr'><strong><em>ἐχεις</em></strong></span> <span class='ocrx_word' id='word_1_219' title='bbox 1016 2883 1056 2947; x_wconf 85' lang='grc' dir='ltr'><strong><em>δέ</em></strong></span> 
     </span>
     <span class='ocr_line' id='line_1_28' title="bbox 55 2975 1053 3074; baseline -0.013 -19"><span class='ocrx_word' id='word_1_220' title='bbox 55 3015 107 3072; x_wconf 90' lang='grc' dir='ltr'><strong><em>μεν</em></strong></span> <span class='ocrx_word' id='word_1_221' title='bbox 122 2987 301 3074; x_wconf 84' lang='grc' dir='ltr'><strong><em>άδελφεόν.</em></strong></span> <span class='ocrx_word' id='word_1_222' title='bbox 336 2985 381 3054; x_wconf 90' lang='grc' dir='ltr'><strong><em>σύ</em></strong></span> <span class='ocrx_word' id='word_1_223' title='bbox 401 3012 421 3054; x_wconf 89' lang='grc' dir='ltr'><strong><em>τ</em></strong></span> <span class='ocrx_word' id='word_1_224' title='bbox 424 2982 530 3072; x_wconf 84' lang='grc' dir='ltr'><strong><em>ἐ’μολ</em></strong></span> <span class='ocrx_word' id='word_1_225' title='bbox 547 2981 674 3062; x_wconf 89' lang='grc' dir='ltr'><strong><em>άπόδος</em></strong></span> <span class='ocrx_word' id='word_1_226' title='bbox 687 2989 826 3070; x_wconf 83' lang='grc' dir='ltr'><strong><em>τοῦτον,</em></strong></span> <span class='ocrx_word' id='word_1_227' title='bbox 848 2983 904 3049; x_wconf 79' lang='grc' dir='ltr'><strong><em>καὶ</em></strong></span> <span class='ocrx_word' id='word_1_228' title='bbox 920 2975 984 3066; x_wconf 73' lang='grc' dir='ltr'><strong><em>ἐγὼ</em></strong></span> <span class='ocrx_word' id='word_1_229' title='bbox 1000 2978 1053 3056; x_wconf 83' lang='grc' dir='ltr'><strong><em>σοὶ</em></strong></span> 
     </span>
     <span class='ocr_line' id='line_1_29' title="bbox 55 3075 1053 3175; baseline -0.01 -22"><span class='ocrx_word' id='word_1_230' title='bbox 55 3085 104 3155; x_wconf 88' lang='grc' dir='ltr'><strong><em>ιδν</em></strong></span> <span class='ocrx_word' id='word_1_231' title='bbox 118 3086 181 3156; x_wconf 85' lang='grc' dir='ltr'><strong><em>σδν</em></strong></span> <span class='ocrx_word' id='word_1_232' title='bbox 196 3088 339 3175; x_wconf 90' lang='grc' dir='ltr'><strong><em>Σκύλην</em></strong></span> <span class='ocrx_word' id='word_1_233' title='bbox 353 3089 581 3172; x_wconf 88' lang='grc' dir='ltr'><strong><em>παραδίδωμι·</em></strong></span> <span class='ocrx_word' id='word_1_234' title='bbox 611 3085 799 3173; x_wconf 75' lang='grc' dir='ltr'><strong><em>στρατιῇδέ</em></strong></span> <span class='ocrx_word' id='word_1_235' title='bbox 817 3082 899 3170; x_wconf 86' lang='grc' dir='ltr'><strong><em>μήτε</em></strong></span> <span class='ocrx_word' id='word_1_236' title='bbox 916 3075 959 3146; x_wconf 87' lang='grc' dir='ltr'><strong><em>σύ</em></strong></span> <span class='ocrx_word' id='word_1_237' title='bbox 977 3102 1053 3144; x_wconf 83' lang='grc' dir='ltr'><strong><em>κιν-</em></strong></span> 
     </span>
     <span class='ocr_line' id='line_1_30' title="bbox 55 3178 1053 3303; baseline -0.008 -53"><span class='ocrx_word' id='word_1_238' title='bbox 55 3187 210 3303; x_wconf 77' lang='grc' dir='ltr'><strong><em>δονεύσης</em></strong></span> <span class='ocrx_word' id='word_1_239' title='bbox 225 3186 290 3274; x_wconf 89' lang='grc' dir='ltr'><strong><em>μήτ</em></strong></span> <span class='ocrx_word' id='word_1_240' title='bbox 293 3183 397 3274; x_wconf 66' lang='grc' dir='ltr'><strong><em>’ἐγοή</em></strong></span> <span class='ocrx_word' id='word_1_241' title='bbox 436 3183 550 3252; x_wconf 84' lang='grc' dir='ltr'><strong><em>Ταῦτά</em></strong></span> <span class='ocrx_word' id='word_1_242' title='bbox 564 3187 600 3252; x_wconf 80' lang='grc' dir='ltr'><strong><em>ολ</em></strong></span> <span class='ocrx_word' id='word_1_243' title='bbox 613 3184 745 3270; x_wconf 76' lang='grc' dir='ltr'><strong><em>πέμψας</em></strong></span> <span class='ocrx_word' id='word_1_244' title='bbox 759 3208 778 3249; x_wconf 95' lang='grc' dir='ltr'><strong><em>ο</em></strong></span> <span class='ocrx_word' id='word_1_245' title='bbox 764 3180 960 3265; x_wconf 71' lang='grc' dir='ltr'><strong><em>’Σιτάλκης</em></strong></span> <span class='ocrx_word' id='word_1_246' title='bbox 976 3178 1053 3243; x_wconf 87' lang='grc' dir='ltr'><strong><em>ἐπε-</em></strong></span> 
     </span>
     <span class='ocr_line' id='line_1_31' title="bbox 55 3271 1052 3404; baseline -0.009 -52.835"><span class='ocrx_word' id='word_1_247' title='bbox 55 3285 265 3370; x_wconf 87' lang='grc' dir='ltr'><strong><em>κηρυκεύετο</em></strong></span> <span class='ocrx_word' id='word_1_248' title='bbox 297 3276 343 3372; x_wconf 78' lang='grc' dir='ltr'><strong><em>ἦν</em></strong></span> <span class='ocrx_word' id='word_1_249' title='bbox 364 3281 429 3404; x_wconf 83' lang='grc' dir='ltr'><strong><em>γάρ</em></strong></span> <span class='ocrx_word' id='word_1_250' title='bbox 451 3277 542 3370; x_wconf 84' lang='grc' dir='ltr'><strong><em>παρά</em></strong></span> <span class='ocrx_word' id='word_1_251' title='bbox 566 3287 612 3373; x_wconf 79' lang='grc' dir='ltr'><strong><em>τύ</em></strong></span> <span class='ocrx_word' id='word_1_252' title='bbox 631 3277 861 3367; x_wconf 84' lang='grc' dir='ltr'><strong><em>Ὀκταμασάδη</em></strong></span> <span class='ocrx_word' id='word_1_253' title='bbox 889 3271 1052 3361; x_wconf 84' lang='grc' dir='ltr'><strong><em>άδελφεδς</em></strong></span> 
     </span>
     <span class='ocr_line' id='line_1_32' title="bbox 56 3377 1052 3469; baseline -0.005 -20.985"><span class='ocrx_word' id='word_1_254' title='bbox 56 3383 216 3451; x_wconf 81' lang='grc' dir='ltr'><strong><em>Σιτάλκεω</em></strong></span> <span class='ocrx_word' id='word_1_255' title='bbox 226 3380 405 3469; x_wconf 73' lang='grc' dir='ltr'><strong><em>πεφευγώς</em></strong></span> <span class='ocrx_word' id='word_1_256' title='bbox 428 3388 562 3450; x_wconf 85' lang='grc' dir='ltr'><strong><em>τοῦτον</em></strong></span> <span class='ocrx_word' id='word_1_257' title='bbox 595 3377 667 3448; x_wconf 75' lang='grc' dir='ltr'><strong><em>ὁδέ</em></strong></span> <span class='ocrx_word' id='word_1_258' title='bbox 678 3377 1052 3496; x_wconf 79' lang='grc' dir='ltr'><strong><em>Ὀκταμασάδηςκαται-</em></strong></span> 
     </span>
     <span class='ocr_line' id='line_1_33' title="bbox 55 3475 1172 3566; baseline -0.004 -17"><span class='ocrx_word' id='word_1_259' title='bbox 55 3486 110 3550; x_wconf 84' lang='grc' dir='ltr'><strong><em>νίει</em></strong></span> <span class='ocrx_word' id='word_1_260' title='bbox 132 3489 254 3566; x_wconf 81' lang='grc' dir='ltr'><strong><em>ταῦτα,</em></strong></span> <span class='ocrx_word' id='word_1_261' title='bbox 289 3480 408 3561; x_wconf 83' lang='grc' dir='ltr'><strong><em>ἐκδούς</em></strong></span> <span class='ocrx_word' id='word_1_262' title='bbox 436 3484 472 3550; x_wconf 78' lang='grc' dir='ltr'><strong><em>δέ</em></strong></span> <span class='ocrx_word' id='word_1_263' title='bbox 500 3479 560 3549; x_wconf 83' lang='grc' dir='ltr'><strong><em>τὸν</em></strong></span> <span class='ocrx_word' id='word_1_264' title='bbox 587 3483 716 3548; x_wconf 81' lang='grc' dir='ltr'><strong><em>ἑωυτοῦ</em></strong></span> <span class='ocrx_word' id='word_1_265' title='bbox 740 3475 878 3564; x_wconf 84' lang='grc' dir='ltr'><strong><em>μήτραν</em></strong></span> <span class='ocrx_word' id='word_1_266' title='bbox 902 3476 1052 3564; x_wconf 84' lang='grc' dir='ltr'><strong><em>Σιτάλκη</em></strong></span> <span class='ocrx_word' id='word_1_267' title='bbox 1167 3548 1172 3559; x_wconf 57' lang='grc'><strong><em>,</em></strong></span> 
     </span>
    </p>
   </div>
   <div class='ocr_carea' id='block_1_3' title="bbox 0 0 1254 3925">
    <p class='ocr_par' dir='ltr' id='par_1_3' title="bbox 0 0 1254 3925">
     <span class='ocr_line' id='line_1_34' title="bbox 0 0 1254 3925; baseline 0 7"><span class='ocrx_word' id='word_1_268' title='bbox 0 0 1254 3925; x_wconf 95' lang='lat' dir='ltr'><strong><em> </em></strong></span> 
     </span>
    </p>
   </div>
  </div>
 </body>
</html>
