2500 3925
374 749 810 842 HPvoToY

565 919 619 954 701

149 1007 526 1078 ΑΛΙΚΑΡΝΗΣΕΟΣ
546 1007 788 1079 ΙΣΤΟΡΙΩΝ
810 1011 1034 1084 ΠΕΜΠΤΗ

257 1135 625 1188 οιτιννκοοοιωιυιι
649 1135 928 1189 mmm.

490 1292 679 1302 ua———u-m

85 1406 145 1486 01
162 1419 227 1480 ΔΕ
245 1412 282 1478 ἐν
302 1417 341 1500 τῇ
363 1408 512 1500 Εὐρώπη
536 1417 605 1478 τών
625 1415 787 1495 Περσέων
811 1417 1119 1498 καταλειφθέντεςι

84 1507 149 1578 ὑπὸ
162 1516 325 1596 Δαρείου,
340 1517 409 1577 τών
426 1505 444 1577 ὁ
457 1510 657 1596 Μεγάβαζος
671 1505 767 1597 ἦρχε,
784 1510 937 1597 πρώτους
949 1514 1010 1597 μὲν
1021 1517 1090 1578 Πε-

82 1614 238 1693 ρινθίους
246 1604 512 1694 Ἑλλησποντίων
523 1608 564 1676 οὐ
576 1613 805 1696 βουλομένους
817 1605 990 1693 ὑπηκόους
1006 1605 1090 1676 εἶναι

82 1714 233 1795 Δαρείου
243 1709 519 1794 κατεστρέψαντο,
529 1713 773 1795 περιεφθέντας
783 1708 948 1794 πρότερον
958 1709 1014 1776 καί
1022 1704 1088 1775 ὑπὸ

81 1806 243 1875 Παιόνων
258 1807 411 1893 τρηχέως.
446 1811 480 1875 οί
497 1805 562 1892 γὰρ
586 1799 636 1874 ών
652 1803 716 1874 ἀπό
732 1804 932 1892 Στρυμόνος
945 1812 1090 1883 Παίονες

80 1905 265 1995 χρήσαντος
279 1911 340 1973 τοῦ
354 1911 441 1973 θεοῦ
457 1906 700 1992 στρατεύεσθαι
718 1909 770 1974 ἐπί
784 1911 1008 1994 Περινθίους,
1033 1906 1089 1973 καί

82 1999 125 2088 ἢν
141 2003 203 2089 μὲν
219 1999 505 2089 ἀντικατιζόμενοι
521 2005 784 2071 ἐπικαλέσωνταί
795 2024 900 2088 σφεας
917 2006 952 2071 οί
962 2007 1088 2089 Περίν-

80 2115 154 2170 θιοι
175 2098 356 2187 οὖυομαστί
376 2102 564 2191 βώσαντες,
585 2100 665 2181 τούς
684 2105 721 2171 δὲ
743 2104 954 2188 ἐπιχειρέειν,
983 2095 1028 2189 ἦν
1051 2104 1087 2170 δέ

79 2197 125 2289 μη
148 2197 397 2288 ἐπιβώσωνται,
425 2197 469 2287 μὴ
491 2201 703 2288 ἐπιχειρέειν,
731 2202 867 2269 ἐποίευν
889 2204 924 2269 οί
942 2206 1088 2279 Παίονες

81 2305 194 2368 ταῦτα.
224 2294 522 2383 ἀντικατιζομένων
543 2302 579 2367 δὲ
594 2306 663 2367 τῶν
676 2305 871 2387 Περινθίων
889 2302 985 2390 ἐντῷ
1001 2325 1087 2383 προ-

79 2405 199 2487 αστείῳ
215 2400 363 2465 ἐνθαῦτα
377 2404 584 2484 μουνομαχίη
596 2405 754 2485 τριφασίη
765 2400 801 2467 ἐκ
813 2396 1015 2484 προκλήσιός
1025 2418 1086 2481 σφι

79 2501 211 2584 ἐγένετο
222 2522 228 2535 ·
245 2493 375 2582 καὶγὰρ
386 2494 494 2577 ἄνδρα
506 2492 603 2580 ἀνδρὶ
615 2498 670 2563 καὶ
680 2498 786 2563 ἵππου
797 2499 887 2585 ἵππω
899 2500 1085 2582 συνέβαλον

78 2597 135 2663 καί
150 2594 238 2661 κύνα
254 2599 341 2661 κυνί.
363 2590 591 2661 νικεόυτωνθέ
606 2592 646 2660 τὰ
663 2593 725 2661 δύο
741 2601 809 2661 τών
819 2599 1024 2680 Περινθίων,
1042 2591 1086 2672 ὡς

78 2692 278 2773 ἐπαιώνιζον
305 2691 541 2779 κεχαρηκότες,
573 2692 801 2778 συνεβάλοντο
827 2696 862 2760 οί
879 2697 1023 2771 Παίονες
1047 2688 1084 2758 τὸ

78 2790 280 2878 χρηστήριον
297 2786 379 2857 αὐτὸ
400 2796 499 2857 τοῦτο
522 2788 607 2857 εἶναι
623 2792 679 2857 καί
694 2788 791 2857 εἶπόν
808 2816 871 2857 κου
886 2787 976 2876 παρὰ
991 2795 1086 2875 σφίσι

78 2887 224 2957 αὐτοῖσι·
247 2895 326 2957 Νῦν
341 2883 385 2955 όν
400 2898 450 2975 είη
467 2886 644 2976 ὁχρησμὸς
655 2887 903 2974 ἐπιτελεόμενος
916 2886 1007 2975 ἡμῖν,
1021 2896 1086 2955 νυν

77 2986 241 3076 ἡμέτερον
256 2983 292 3053 τὸ
309 2991 418 3073 ἔργον.
452 2985 551 3055 Οὕτω
565 3002 651 3058 τοῖσι
660 2995 874 3074 Περινθίοισι
885 2992 1086 3053 παιωνίσασι

78 3086 298 3171 ἐπιχειρέουσι
319 3089 354 3154 οί
365 3092 527 3173 Παίονες,
549 3089 605 3154 καί
624 3086 753 3156 πολλόν
767 3112 803 3154 τε
823 3085 1010 3171 ἐκρότησαν
1030 3088 1085 3152 καὶΙ

78 3180 196 3251 ἔλιπόν
212 3199 326 3268 σφεων
341 3180 484 3270 ὀλίγους.
534 3183 581 3251 To}
597 3185 660 3270 μὲν
681 3181 721 3270 δὴ
742 3181 809 3251 ἀπὸ
824 3181 987 3251 Παιόνων
999 3183 1115 3269 πρό-λ

77 3305 177 3366 τερον
197 3278 362 3367 γευόμενα
384 3273 448 3349 ώθε
466 3284 613 3368 ἐγένετο,
636 3283 711 3351 τότε
732 3285 768 3349 δὲ
787 3278 923 3367 ἀνδρῶν
943 3278 1084 3367 ἆγαθών

78 3381 154 3465 περὶ
168 3386 225 3466 τῆς
243 3383 437 3467 ἐλευθερίης
450 3384 641 3467 γινομένων
655 3388 723 3449 τών
737 3385 934 3467 Περινθίων
948 3382 983 3447 οί
994 3381 1084 3464 Πέρ-

78 3501 134 3547 σαι
149 3506 184 3547 τε
195 3482 250 3547 καὶ
263 3478 494 3629 ὁΪβίεμώβαζος
505 3482 736 3571 ἐπεκράτησαν
747 3481 878 3568 πλήθει.
898 3476 942 3559 ώς
953 3482 988 3549 δὲ
1001 3480 1085 3569 ἐχει-

161 3590 260 3629 ιιειιοο.
308 3615 315 3629 .
925 3582 942 3633 1
