2500 3925
108 226 191 312 '10⁶
507 250 760 310 εεοοοοτι
822 288 825 296 .

129 407 246 490 ὁσάκις
263 408 295 478 δ’
315 405 360 478 ἀν
381 415 487 499 μιχθῇ
501 409 638 496 γυναικί
658 415 698 498 τῇ
719 410 847 480 ἑωυτοῦ
869 407 954 500 ἀνὴρ
972 405 1138 498 Βαβνλιό-

128 537 218 596 νιος,
241 513 316 595 περὶ
337 516 493 596 θυμίημα
515 508 775 596 καταγιζόμενον
795 511 872 596 ἵζει,
895 513 1036 595 ἑτέρωθι
1057 508 1093 578 δὲ
1115 503 1136 595 ἡ

128 607 214 697 γυνὴ
232 605 338 676 τόυτδ
351 613 450 676 τοῦτο
463 610 578 677 ποιέει.
602 606 734 696 ὄρθρου
753 609 789 676 δὲ
800 612 987 696 γευομένου
998 617 1137 678 λοῦνται

127 710 184 778 καί
201 704 402 794 ἀμφότεροι·
426 703 545 794 ἀγγεος
561 703 628 793 γάρ
651 703 790 784 οὐδενὸς
807 705 968 795 ἅψονται,
990 710 1071 794 πρὶν
1094 700 1138 772 ἀν

62 822 112 881 199
127 806 324 878 λούσωνται.
356 801 461 873 ταῦτά
483 805 645 874 δὲταῦτα
666 805 722 872 καί
740 802 889 893 Ἀράβιοι
916 813 1060 876 ποιεῦσι.
1100 801 1136 870 ‘O

128 911 163 977 δέ
192 904 233 993 δὴ
255 915 421 992 αἴσχιστος
448 913 517 973 τῶν
542 905 660 991 νόμων
688 906 755 974 ἐστὶ
781 920 868 976 τοῖσι
887 913 1138 996 Βαβυλωνίοισι

127 1003 193 1073 ὅδε.
228 1008 280 1072 δεῖ
303 1010 416 1071 πᾶσαν
442 1018 587 1089 γυναῖκα
614 1006 796 1091 ἐπιχωρίην
823 1009 978 1092 ἱζομένην
1006 1009 1040 1084 ές
1060 1002 1138 1093 ίρδυ

123 1106 319 1193 Ἀφροδίτης
330 1100 416 1183 ἅπαξ
427 1105 465 1172 ἐν
475 1109 516 1193 τῇ
528 1102 584 1191 ζόη
600 1110 761 1190 μιχθῆναι
774 1101 872 1190 ἀνδρί
887 1111 992 1197 ξείνω.
1017 1108 1139 1196 πολλαὶ

128 1206 165 1272 δὲ
180 1205 237 1272 καὶ
252 1199 315 1270 οὐκ
337 1199 529 1288 ἀξιούμεναι
550 1198 797 1288 ἀναμίσγεσθαι
822 1211 896 1292 τῇσι
918 1201 1055 1292 άλλησι,
1083 1198 1139 1274 οἷα

126 1301 261 1394 πλοῦτφ
277 1297 589 1387 ὑπερφρονέουσαι,
608 1303 661 1370 ἐπὶ
672 1305 816 1389 ζευγέων
830 1305 868 1371 έν
878 1303 1048 1394 καμάρῃσι
1059 1304 1140 1374 ἐλά-

128 1422 226 1483 σασαι
253 1396 337 1488 πρὸς
356 1397 394 1467 τδ
422 1397 499 1486 ίρδν
520 1403 649 1486 έστάσι,
670 1407 839 1489 θεραπηίη
869 1407 910 1471 δέ
929 1423 991 1490 σφι
1013 1401 1139 1472 ὄπισθε

109 1505 240 1569 ’ἕπεται
264 1497 380 1586 πολλή.
415 1502 451 1565 αί
465 1497 501 1565 δὲ
522 1505 666 1576 πλεῦνες
686 1506 818 1569 ποιεῦσι
833 1492 915 1570 οἶδε·
948 1503 986 1570 ἐν
1006 1506 1141 1589 τεμένεϊ

123 1599 320 1685 Ἀφροδίτης
333 1602 488 1666 κατέαται
503 1599 673 1683 στέφανον
686 1601 762 1686 περὶ
776 1606 851 1689 τῇσι
861 1608 1027 1690 κεφαλῇσι
1039 1606 1140 1688 έχου-

127 1719 182 1765 σαι
197 1696 371 1783 θώμιγγος
387 1698 506 1764 πολλαί
521 1710 689 1782 γυναῖκες.
720 1702 757 1766 αί
771 1696 912 1787 μὲνγὰρ
928 1702 1140 1788 προσέρχον-

125 1823 196 1882 ται,
217 1801 253 1864 αί
268 1798 305 1864 δὲ
325 1790 533 1882 ἀπέρχονται.
564 1800 788 1881 σχοινοτενέες
804 1799 841 1866 δὲ
861 1801 1004 1878 διέξοδοι
1024 1799 1139 1868 πάντα

131 1897 258 1987 τρόπον
290 1902 404 1983 έχουσι
432 1893 487 1964 διά
514 1899 583 1964 τῶν
599 1900 788 1984 γυναικῶν,
819 1894 865 1966 δι’
895 1889 943 1967 οἷν
974 1903 1010 1968 οί
1034 1901 1140 1981 ξεῖνοι

131 1996 307 2077 διεξιόντες
335 1997 532 2080 ἐκλέγονται.
584 2002 671 2065 ἔνθα
696 1996 796 2065 έπεάν
822 2002 925 2084 ἵζηται
951 1996 1059 2088 γυνη,
1094 1998 1138 2069 οῦ

131 2097 297 2183 πρότερον
315 2090 559 2162 ἀπαλλάσσεται
574 2091 609 2169 ές
620 2089 661 2159 τά
677 2097 781 2181 οίκία,
803 2092 885 2182 ἥτίς
900 2101 935 2163 οέ
943 2100 1063 2176 ξείνων
1078 2094 1145 2185 ἀρ-

130 2195 252 2281 γύριον
278 2188 431 2280 ἐμβαλόν
458 2191 492 2267 ἐς
514 2185 555 2256 τά
577 2189 727 2274 γούνατα
751 2199 856 2281 μιχθῇ
879 2197 941 2273 ἔξω
964 2201 1027 2262 τοῦ
1051 2200 1143 2283 ἱροῦ.

131 2292 318 2381 ἐμβαλόντα
339 2292 375 2359 δέ
401 2292 451 2357 δεῖ
473 2293 578 2356 εἰπεῖν
601 2290 758 2359 τοσόνδε·
792 2290 973 2362 Ἐπικαλέω
1000 2321 1054 2363 τοι
1078 2292 1145 2383 τὴν

130 2389 216 2460 θεὸν
236 2389 400 2459 Μῦλιττα.
445 2387 602 2455 Μύλιττα
623 2389 659 2457 δὲ
681 2394 838 2459 καλέουσι
857 2390 920 2480 τὴν
938 2390 1145 2481 Ἀφροδίτην

127 2487 306 2570 Ἀσοόριοι
328 2483 365 2553 τό
378 2485 416 2554 δὲ
429 2482 596 2573 ἀργύριον
606 2488 755 2573 μέγαθός
769 2492 837 2557 ἐστι
849 2488 998 2561 ὁσονῦυ·
1017 2490 1060 2560 οῦ
1074 2492 1143 2580 γάρ

131 2585 176 2674 μὴ
192 2584 380 2671 ἀπώσηται·
409 2581 451 2652 οῦ
464 2585 530 2673 γάρ
552 2591 586 2654 οί
597 2590 696 2673 θέμις
714 2591 797 2657 ἐστί·
825 2598 954 2677 γίνεται
973 2589 1041 2681 γάρ
1064 2590 1145 2681 ἱρδν

130 2692 229 2753 τοῦτο
239 2683 277 2752 τὸ
289 2682 462 2772 ἀργύριον.
490 2691 536 2776 τῷ
548 2688 585 2753 δὲ
596 2710 717 2777 πριιτφ
729 2689 908 2773 ἐμβαλόντι
919 2692 1044 2779 ἕπεται,
1062 2691 1146 2764 οῦδὲ

131 2782 319 2873 ἀποδοκιμᾷ
336 2780 469 2853 οὐδένα.
502 2782 605 2852 ἐπεάν
622 2788 658 2853 δὲ
675 2794 796 2874 μιχθῇ,
824 2784 1086 2878 ἀποσιωσαμένη
1103 2799 1146 2881 τῇ

131 2888 202 2971 θεῷ
217 2878 462 2951 ἀπαλλάσσεται
488 2887 521 2962 ές
543 2882 584 2952 w}
608 2890 713 2973 οίκία,
740 2890 794 2954 καὶ
812 2886 902 2957 τάπό
925 2892 1052 2959 τοῦτον
1077 2891 1146 2961 οῦκ

130 2976 220 3044 οὕτω
234 2982 317 3064 μέγα
333 2986 369 3047 τί
379 2985 413 3048 οί
428 2980 563 3067 δαίσεις,
586 2980 631 3061 ὥς
646 3009 704 3068 μιν
718 2984 872 3069 λάμψεαι.
902 2985 979 3057 ὅσαι
993 2994 1059 3076 μέν
1075 3018 1146 3059 νυν
1189 3058 1192 3061 .

132 3076 236 3153 είδεός
250 3101 284 3141 τε
301 3078 485 3164 ἐπαμμέναι
507 3081 569 3145 εἰσὶ
585 3080 641 3147 καὶ
656 3081 839 3167 μεγάθεος,
861 3081 945 3169 ταχῦ
964 3082 1148 3159 ἀπαλλάσ.

133 3193 264 3259 σουται,
291 3171 368 3242 ὅσαι
384 3174 421 3242 δὲ
443 3172 590 3261 ἀμορφοι
612 3174 741 3245 αὐτέων
764 3182 842 3265 είσί,
868 3180 996 3268 χρόνον
1011 3188 1149 3257 πολλὸν

102 3353 104 3356 ¹
131 3275 357 3357 προσμένουσι
368 3270 410 3340 οῦ
422 3274 608 3360 δυνάμεναι
618 3272 680 3343 τὸν
691 3276 798 3363 νόμον
810 3280 990 3366 ἐκπλῆσαι·
1008 3286 1149 3374 καὶγὰρ

130 3372 257 3455 τριέτεα
268 3370 323 3435 καί
332 3374 504 3453 τετραέτεα
517 3377 721 3463 μετεξέτεραι
734 3376 859 3462 χρόνον
870 3383 1023 3463 μένουσι.
1050 3387 1147 3453 έυια-

131 3472 171 3552 m}
187 3466 222 3532 δὲ
237 3466 363 3553 καὶτῆς
382 3468 522 3558 Κύπρον
537 3475 604 3546 ἐστὶ
620 3474 851 3564 παραπλήσιος
866 3477 975 3571 τούτῳ
990 3482 1113 3568 νεμος.
