2500 3925
161 246 224 311 ³48
540 254 791 315 nunonon

162 418 231 479 τάν
251 406 492 497 Ἀνδροφάγων
514 409 592 488 τούς
614 411 762 496 χοίρους,
789 420 1026 497 ταραχθεντων
1050 410 1086 479 δέ
1109 414 1156 477 nal

165 514 291 581 τούτων
306 511 438 598 ὑπῆγον
455 516 507 581 έπδ
520 510 583 597 τῆν
598 515 767 596 Νευρίδα,
784 516 1045 599 ταρασσομένων
1060 510 1096 578 δέ
1109 516 1157 577 καί

162 612 292 679 τούτων
313 610 413 697 ῆισαν
433 608 685 695 ὑποφεύγοντες
708 616 742 679 οἱ
756 608 896 678 Σκύθαι
916 614 950 688 ές
970 606 1051 688 τούς
1068 606 1156 691 Ἀγα-

162 712 323 797 θύρσους.
365 708 568 796 Ἀγάθυρσοι
592 712 629 778 δέ
650 708 803 795 αἱρέοντες
824 714 880 779 καλ
901 709 981 788 τούς
995 708 1156 794 ὁμούρους

163 812 351 897 φεύγοντας
373 807 439 877 ὑπὸ
461 813 631 879 Σκυθέων
655 814 711 879 καί
730 814 1013 896 τεταραγμένους,
1041 814 1120 892 πρὶν
1139 836 1156 893 η

162 932 224 995 σφι
246 912 404 996 έμβαλελν
425 908 508 989 τούς
518 911 661 987 Σκύθας
681 914 870 996 πέμψαντες
885 910 1018 998 κῆρνκα
1034 907 1157 996 ἀπηγό-

161 1035 263 1097 ρευον
284 1007 444 1094 Σκύθῃσι
467 1005 511 1093 μῆ
538 1011 724 1095 ἐπιβαίνειν
749 1016 817 1075 τῶν
842 1010 1014 1091 σφετέρων
1038 1005 1157 1090 οὔρων,

161 1107 390 1192 προλέγοντες,
403 1102 447 1183 ὡς
459 1113 490 1173 ελ
498 1106 714 1192 πειρήσονται
723 1107 930 1191 ἐσβαλόντες,
942 1112 1039 1191 σφίσι
1048 1112 1158 1189 πρῶτα
1218 1105 1219 1157 ³

162 1210 424 1291 διαμαχέσονται.
449 1202 948 1290 Ἀγάθυρσοιμλνπροείπαντες
959 1208 1068 1273 ταῦτα
1081 1203 1156 1290 έβά
1218 1275 1219 1288 ,

160 1313 245 1371 θεον
256 1306 310 1371 ἐπὶ
319 1302 398 1381 τούς
409 1301 733 1385 οὔρους,έρύκει’νέν
744 1299 948 1391 νδφέγοντες
957 1298 1038 1377 τούς
1048 1298 1157 1366 έπιάν-
1218 1303 1219 1308 ’

160 1428 228 1486 τας,
246 1403 496 1488 Μελάγχλαινοι
507 1403 544 1469 δέ
554 1403 610 1467 καλ
623 1398 846 1485 Ἀνδροφάγοι
857 1402 914 1467 καλ
922 1401 1052 1484 Νευροὶ
1064 1400 1158 1485 έσβα·

160 1498 291 1567 λάντων
314 1506 383 1568 των
402 1502 561 1582 Περσέων
581 1496 651 1583 ἀμο
666 1498 827 1586 Σκύθησι
846 1495 924 1565 οὔτε
947 1495 1033 1580 πρὸς
1056 1494 1158 1581 ἀλκῆν

160 1597 365 1681 ἐτράποντο,
382 1596 625 1682 ἐπιλαθόμενοί
642 1622 679 1663 τε
703 1604 761 1682 τῆς
776 1594 913 1681 ἀπειλῆς
929 1600 1081 1682 ἔφευγον
1101 1596 1156 1661 αίελ

158 1693 195 1762 τὰ
212 1693 296 1779 πρὸς
309 1698 420 1784 βορέω
449 1699 483 1775 ἐς
493 1692 555 1781 τῆν
566 1698 691 1782 ἐρῆμον
701 1697 947 1782 τεταραγμένοι.
971 1699 1006 1763 ολ
1019 1697 1057 1762 δὲ
1068 1691 1158 1763 Σκύ-

157 1804 220 1861 θαι
239 1796 273 1874 ές
288 1794 351 1881 μέν
370 1792 450 1873 τούς
470 1790 703 1879 Ἀγαθύρσους
723 1791 835 1862 οὐκέτι
857 1790 1065 1873 ἀπείπαντας
1084 1791 1160 1860 ἀπι-

158 1894 313 1975 κνέοντο,
335 1896 369 1961 οί
381 1894 418 1961 δέ
432 1896 469 1961 έκ
489 1899 547 1981 τῆς
560 1897 727 1976 Νευρίδος
740 1892 851 1980 χάρης
871 1894 906 1972 ές
917 1891 980 1982 τῆν
994 1894 1159 1979 σφετέρην·

92 1999 141 2054 126
157 1991 357 2076 κατηγέοντο
372 2006 457 2060 τοῖσι
467 1995 625 2079 Πέρσησι.
657 1989 716 2070 Ὡς
728 1991 764 2058 δέ
775 1988 903 2060 πολλὸν
918 1999 1019 2061 τοῦτο
1033 1995 1159 2079 έγίνετο

156 2085 289 2154 καὶούκ
305 2087 464 2172 ἐπαύετο,
479 2093 610 2175 πέμψας
620 2101 765 2175 Δαρεῖος
779 2091 880 2157 ι’ππέα
891 2087 982 2178 παρά
993 2089 1057 2159 τὸν
1066 2101 1159 2160 Σκυ-

156 2189 247 2252 θέων
268 2187 405 2270 βασιλέα
426 2182 649 2269 Ἰδάνθυρσον
669 2193 761 2272 ἔλεγε
781 2185 877 2254 τάδε·
909 2189 1080 2276 Δαιμόνιε
1101 2187 1160 2256 ἀν-

155 2288 264 2366 δρῶν,
281 2288 316 2349 τί
327 2282 464 2368 φεύγεις
478 2288 558 2369 αίεὶ,
572 2285 834 2366 έξέοντοιτάνδε
847 2282 888 2353 τά
903 2289 1001 2371 ἕτερα
1015 2291 1158 2366 ποιέειν;

156 2385 186 2447 εί
198 2378 261 2466 μέν
274 2375 340 2463 γάρ
356 2376 524 2468 ἀξιόχρεος
553 2385 679 2460 δοκέεις
695 2379 780 2449 εἶναι
798 2391 933 2473 σεωυτῷ
949 2399 1038 2452 τοῖσι
1054 2389 1159 2472 έμοῑσι
1214 2406 1215 2409 ’

154 2476 325 2564 πρήγμασι
345 2475 570 2566 ἀντιωθῆναι,
593 2479 637 2546 σύ
659 2481 695 2548 δὲ
717 2481 796 2560 στάς
812 2507 848 2548 τε
863 2484 920 2549 καὶ
942 2485 1159 2571 παυσάμενος

155 2573 283 2660 πλάνης
296 2575 478 2662 μάχεσθαι,
501 2579 585 2646 εἰδὲ
601 2579 847 2665 συγγινώσκεαι
864 2577 950 2648 εἶναι
966 2585 1096 2665 ἕσσων,
1119 2579 1160 2648 σύ
1212 2606 1214 2643 ι

155 2676 191 2740 δε
211 2671 331 2742 καλ“
288 2699 376 2740 ουτω
397 2675 610 2762 παυσάμενος
635 2684 696 2743 τοῦ
717 2676 847 2763 δρόμου
868 2678 1015 2767 δεσπότη
1039 2689 1086 2772 τῷ
1113 2703 1159 2770 οφ
1211 2690 1213 2757 λ

90 2782 137 2837 12⁷
153 2777 245 2856 δῶρα
262 2773 376 2857 φέρων
396 2778 461 2858 γῆν
481 2798 517 2840 τε
537 2776 592 2841 καὶ
612 2772 706 2858 ὕδωρ
732 2774 811 2842 ἐλθέ
831 2775 865 2854 ές
886 2774 1021 2862 λόγους.
1063 2749 1211 2864 Πρδς
1210 2822 1212 2871 η

152 2895 256 2936 ταντα
286 2864 305 2934 δ
328 2871 496 2936 Σκυθέων
518 2869 675 2957 βασιλεὺς
696 2868 915 2956 Ἰδάνθυρσος
940 2880 1036 2962 ἔλεγε
1061 2878 1158 2944 τάδε
1209 2908 1210 2947 ι

154 2967 253 3038 Οὕτω
266 2962 304 3032 τὸ
327 2962 408 3052 έμδν
422 2971 504 3052 ἔχει,
525 2993 552 3034 ω
535 2961 696 3085 ἑΠέρσα·
725 2967 790 3055 έγιδ
812 2967 937 3040 οὐδένα
952 3000 1002 3040 κω
1016 2972 1160 3061 ἀνθρω-
1209 2952 1211 2985 ¹

151 3092 225 3135 πων
240 3070 350 3142 δείσας
365 3070 494 3150 ἔφυγον
509 3061 587 3132 οὔτε
600 3067 782 3186 πρότερον,
800 3068 878 3137 οὔτε
893 3077 960 3138 νῦν
973 3092 1014 3138 σε
1024 3074 1158 3194 φεύγω,

151 3163 233 3232 οὐδέ
244 3191 276 3230 τι
291 3160 457 3246 νεώτερόν
479 3165 545 3244 εἰμι
561 3164 702 3249 ποιῆοας
717 3171 817 3252 νύνη
803 3161 888 3236 ’καὶ
904 3170 990 3236 ένί
959 3174 990 3236 εἰ
990 3169 1077 3258 ρήνη
1095 3169 1159 3236 ἐφ’·

150 3272 215 3328 θεα
229 3263 365 3328 ποιέειν.
398 3257 418 3325 ὅ
438 3261 521 3326 τιδέ
543 3258 606 3328 οὐκ
621 3260 740 3332 αὐτίκα
759 3267 910 3353 μάχομαί
926 3295 997 3356 τοι,
1019 3267 1086 3356 ἐγω
1102 3275 1158 3338 καὶ

151 3364 249 3422 τοῦτο
265 3359 434 3470 σημανέω·
453 3351 536 3442 ἡμῖν
551 3356 629 3426 οὔτε
645 3359 746 3430 ἀστεα
766 3361 844 3432 οὔτε
857 3371 901 3452 γῆ
915 3392 1159 3488 πεφυτευμένη

149 3453 234 3533 ἔστι,
255 3458 323 3516 τῶν
337 3456 412 3534 πέρι
427 3453 675 3541 δείσαντες,
632 3483 678 3542 μη
709 3457 823 3529 ἀλῶ
801 3489 822 3547 η
843 3470 947 3550 καρῇ,
969 3463 1158 3550 ταχύτερον
