2500 3925
148 218 208 282 198
535 226 789 283 HERODOTI

144 392 233 469 μεθα
254 378 425 467 ἀτρεκέως.
456 390 582 471 πρῶτοι
607 380 674 470 γάρ
698 375 792 453 οὗτοι
816 388 855 453 ἐν
867 387 1032 477 Αλγύπτφ
1055 383 1173 455 άλλό-
1234 394 1235 417 ³

146 491 292 569 γλωσσοι
307 487 579 570 κατοικίσθησαν.
600 486 636 550 ἐκ
650 487 718 551 τόν
730 485 767 551 δὲ
781 485 1005 570 ἐξανέστησαν
1025 480 1171 571 χοίρων,
1233 559 1234 562 ¹

146 585 184 647 ἐν
197 578 346 648 τοότοισι
363 577 404 668 δὴ
420 584 502 649 οἵτε
517 576 611 649 ὁλκοὶ
625 587 693 648 τῶν
712 587 801 649 νεῶν
816 580 927 651 καὶτὰ
943 584 1079 671 ἐρείπια
1093 587 1172 649 τῶν
1233 571 1234 622 ³

145 678 338 766 οἰκημάτων
360 679 398 749 τό
424 683 518 767 μέχρι
543 681 623 766 ἐμεῦ
645 671 742 766 ἦσαν.
780 679 998 769 Ψαμμήτιχος
1014 682 1083 767 μέν
1097 705 1173 746 νυν
1233 723 1234 740 .

146 777 236 846 οὕτω
253 784 327 864 ἔσχε
340 777 405 866 τήν
417 786 601 865 Αἴγυπτον.
1233 845 1234 848 ,

81 898 129 950 155
232 886 301 945 Τοῦ
316 881 352 946 δέ
366 884 568 965 χρηστηρίου
582 883 644 944 τοῦ
659 879 697 944 ἐν
709 878 870 970 Λίγόπτφ
886 876 996 948 πολλὰ
1012 876 1174 965 ἐπεμνή-

146 989 238 1064 σθην
258 973 340 1063 ἤδη,
362 979 418 1044 καλ
442 974 482 1065 δὴ
505 975 608 1063 λόγον
623 978 699 1058 περὶ
721 973 827 1044 αὐτοῦ
852 972 897 1055 ὡς
920 973 1019 1057 άξίου
1045 976 1173 1053 ἐόντος

145 1078 343 1168 ποιήσομαι·
365 1073 403 1143 τό
417 1074 484 1163 γάρ
494 1076 697 1164 χρηστήριον
707 1083 806 1144 τοῦτο
817 1073 854 1143 τό
867 1079 904 1144 ἐν
915 1076 1084 1169 Αλγόπτω
1097 1078 1174 1147 ἐστὶ

145 1180 209 1264 μὲν
231 1178 398 1263 Λητοῦςί
396 1172 475 1262 ρόν,
501 1177 539 1242 ἐν
559 1175 639 1243 πόλι
661 1174 698 1242 δέ
718 1174 847 1262 μεγάλη
867 1176 1056 1260 ἱδρυμένον
1078 1170 1173 1242 κατά
1234 1205 1235 1235 1

145 1306 182 1346 το
170 1271 450 1363 Σεβεννυτικόν
469 1272 676 1358 καλεόμενον
696 1273 803 1359 στόμα
825 1298 887 1339 του
873 1269 1102 1359 ΗΝελλον,
1077 1298 1170 1340 ανα
1227 1258 1235 1339 6

145 1372 293 1445 πλόοντι
307 1369 373 1440 άπὸ
390 1369 602 1458 θαλάσσης”
579 1398 660 1439 ανω.
688 1369 820 1458 οὕνομα
834 1373 871 1439 δὲ
890 1396 931 1460 τη
916 1370 1027 1439 πόλι
1042 1372 1171 1493 ταότη
1234 1418 1235 1437 ι

144 1474 230 1541 όκου
243 1467 281 1538 τό
297 1469 500 1557 χρηστήριον
527 1474 596 1538 ἐστι
615 1466 796 1557 Βουτό,“
774 1495 819 1547 ως
840 1468 1088 1558 καὶπρότερον
1104 1468 1174 1537 06-
1234 1504 1235 1537 1

144 1572 312 1659 νόμασταί
321 1596 388 1655 μοι.
410 1567 488 1656 λρόν
502 1570 542 1636 δέ
554 1570 622 1637 ἐστι
637 1571 674 1635 ἐν
685 1595 725 1658 τη
710 1574 863 1636 Βουτοι
872 1568 978 1659 ταότη
989 1565 1174 1637 Ἀπόλλω·
1234 1614 1235 1639 ι

146 1696 206 1748 νος
220 1670 276 1737 καὶ
289 1663 486 1752 Ἀρτέμιδος.
509 1669 565 1736 καὶ
578 1666 599 1734 ὅ
611 1693 650 1753 γε
664 1663 746 1752 νηός
761 1672 819 1753 τῆς
833 1674 983 1754 Λητοῦς,
1002 1671 1041 1735 ἐν
1057 1674 1109 1761 τῷ
1127 1662 1173 1753 δὴ
1234 1698 1235 1735 ι

146 1766 184 1838 τό
201 1764 403 1855 χρηστήριον
418 1772 483 1853 ἔνι,
506 1764 609 1845 αὐτός
621 1791 658 1833 τε
671 1764 829 1850 τυγχάνει
849 1763 916 1833 ἐόν
930 1769 1035 1853 μέγας
1051 1769 1114 1835 καὶ
1129 1764 1173 1833 τά
1230 1804 1235 1839 ,;

145 1866 339 1956 προπύλαια
354 1871 420 1952 ἔχει
440 1868 474 1944 ἐς
493 1862 580 1945 ὕψος
601 1866 681 1931 δέκα
705 1859 880 1948 ὀργυιέων.
907 1861 945 1932 τό
963 1866 1004 1933 δέ
1016 1891 1079 1951 μοι
1096 1871 1174 1933 τῶν
1230 1896 1231 1900 ’

147 1972 306 2057 φανερῶν
335 1959 379 2052 ἦν
416 1971 517 2053 δῶμα
556 1965 714 2050 μέγιστον
756 1962 989 2052 παρεχόμενον
1027 1965 1171 2053 φράσω.
1230 1993 1235 2036 ἰ

147 2076 216 2136 ἐστι
232 2069 270 2133 ἐν
283 2071 329 2154 τῷ
339 2065 471 2148 τεμένεϊ
483 2062 591 2152 τοότφ
601 2069 733 2148 Λητοῦς
746 2061 829 2150 νηός
840 2067 872 2144 ἐξ
889 2062 965 2145 ἐνὸς
979 2072 1089 2134 λίθου
1105 2089 1165 2132 πε·
1234 2100 1235 2134 ι

145 2165 325 2250 ποιημένος
340 2166 374 2238 ἐς
389 2186 425 2227 τε
445 2158 532 2241 ὕψος
548 2161 604 2228 καὶ
629 2164 662 2240 ἐς
682 2168 803 2250 μῆκος,
827 2166 882 2231 καὶ
897 2178 1007 2250 τοῖχος
1022 2167 1174 2242 ἕκαστος
1234 2197 1235 2246 ι

144 2264 294 2333 τούτοισι
318 2270 404 2338 ἴσος·
436 2259 680 2346 τεσσεράκοντα
703 2264 837 2348 πηχέων
858 2263 992 2332 τούτων
1016 2266 1174 2333 ἕκαστον
1234 2288 1235 2334 ι

144 2361 229 2432 ἐστὶ·
257 2387 295 2429 το
283 2358 350 2426 δέ
369 2362 620 2446 καταστέγασμα
640 2387 699 2448 της
719 2359 848 2482 ὀροφῆς
872 2360 974 2444 ἄλλος
995 2367 1173 2434 ἐπικέεται
1234 2391 1235 2444 ι

79 2476 128 2532 156
144 2468 240 2540 λάδος
266 2466 352 2546 ἔχων
372 2486 435 2546 την
459 2464 682 2546 παρωροφίδα
704 2461 925 2588 τετράπηχυν.
972 2461 1077 2531 Ουτω
1103 2469 1173 2551 μέν

146 2587 210 2628 νυν
235 2555 254 2626 6
281 2553 362 2643 νηός
382 2583 451 2624 των
471 2564 631 2643 φανερῶν
648 2584 706 2644 μοι
725 2584 794 2626 των
808 2563 886 2647 περὶ
905 2585 1008 2630 τουτο
1026 2561 1067 2631 τό
1086 2566 1173 2648 ιρόν

144 2661 213 2726 ἐστι
250 2654 529 2742 θωμαστότατον,
552 2682 621 2724 των
637 2656 674 2724 δε
694 2659 862 2745 δευτέρων
877 2665 981 2746 νῆσος
995 2689 1018 2747 η
1005 2657 1174 2748 ’Χέμμις

143 2759 341 2840 καλεομένη.
365 2758 433 2821 ἔστι
444 2754 507 2840 μὲν
518 2756 556 2821 ἐν
565 2762 667 2846 λίμνη
681 2759 791 2846 βαθέη
808 2763 865 2827 καὶ
879 2762 1008 2849 πλατέη
1023 2767 1172 2850 κειμένη

142 2853 234 2942 παρά
245 2850 283 2922 τό
295 2857 333 2921 ἐν
342 2862 469 2923 Βουτοῖ
476 2853 569 2943 ἱρόν,
592 2859 719 2943 λέγεται
736 2857 772 2924 δέ
787 2856 908 2928 ὑπ’λ
860 2868 894 2927 A
894 2866 1064 2982 λγυπτίωυ
1078 2861 1173 2931 εἶναι

143 2955 228 3040 αὕτη
248 2982 270 3042 η
287 2961 389 3040 νῆσος
410 2956 533 3043 πλωτη
564 2955 665 3037 αὐτὸς
679 2959 742 3042 μὲν
756 2957 916 3078 έγωγε’
880 2959 959 3028 οότε
975 2961 1173 3032 πλόουσαν

143 3052 221 3121 οὔτε
245 3062 445 3140 κινηθεισαν
469 3052 576 3139 εἶδον,
604 3057 735 3140 τέθηπα
757 3053 835 3123 δέ’
816 3055 1020 3144 ακοόων,ε
1003 3064 1036 3126 εἰ
1060 3067 1173 3146 νῆσος

142 3149 294 3236 ἀληθέως
310 3153 377 3218 ἐστι
393 3150 516 3235 πλωτή.
542 3153 579 3216 ἐν
595 3144 680 3237 δη
653 3179 700 3221 ων
716 3153 821 3242 ταότη
835 3154 919 3240 νηός
932 3181 969 3223 τε
987 3153 1166 3227 Ἀπόλλω

142 3272 202 3324 νος
222 3251 323 3332 μέγας
345 3252 396 3315 ἐνι
416 3251 471 3314 καὶ
493 3248 601 3331 βωμοὶ
623 3250 796 3335 τριφάσιοι
817 3253 1034 3342 ἐνιδρύαται,
1059 3259 1172 3343 ἐμπε-

144 3341 271 3424 φυκασι
286 3339 318 3407 δ
338 3342 434 3410 ἐν’
392 3370 477 3433 αντη
462 3349 642 3427 φοίνικές
654 3372 690 3415 τε
707 3353 825 3433 συχνολ
840 3352 897 3419 καὶ
914 3349 1001 3420 ἄλλα
1017 3358 1200 3442 δένδρεα·

143 3440 198 3506 καὶ
214 3441 416 3525 καρποφόρα
433 3444 489 3508 καὶ
509 3440 623 3529 ἄφορα
645 3448 763 3515 πολλά
795 3450 901 3536 λόγον
916 3451 1010 3518 δὲ’
968 3479 1033 3520 τοι
1024 3458 1075 3523 δε
1089 3457 1168 3523 ἐπι-
