2500 3925
167 226 230 295 ³58
542 238 798 297 HERODOTI

100 401 152 463 148
165 388 188 482 ή
203 394 320 484 Θήραν
335 396 449 464 ἐλδείν
464 398 501 464 ἐκ
512 399 779 484 Λακεδαίμονος,
803 396 890 467 ὀκτω
913 396 1055 485 ἀνδρῶν.
1096 398 1155 469 Ἐπὶ

165 497 307 577 τούτους
327 494 368 583 δή
386 487 435 565 ὧν
454 490 473 563 ὁ
489 494 603 583 Θήρας
627 495 710 583 ληὸν
736 501 822 583 ἐχων
847 494 913 565 άπὸ
938 505 1008 567 τῶν
1032 502 1156 584 φυλέων

167 603 313 684 ἔστελλε,
329 594 543 683 συνοικήσων
558 594 708 665 τούτοισι
721 598 777 665 καί
791 594 946 685 οὐδαμῶς
956 598 1154 680 ἐξελέωναύ

166 694 261 783 τούς,
278 693 362 766 άλλά
376 694 482 783 κάρτα
500 692 738 781 οίκηιεύμενος.
785 694 895 763 ἐπείτε
917 696 954 763 δὲ
972 698 1031 776 καί
1049 700 1084 765 οί
1094 703 1158 763 Μι-

164 792 246 863 νύαι
261 793 439 882 ἐκδράντες
461 794 497 861 ἐκ
517 798 576 879 τῆς
596 794 714 880 ἑρκτῆς
730 795 840 875 ἵζοντο
860 796 894 874 ἐς
914 791 952 862 τί
978 794 1154 881 Τηῦγετον,

163 900 232 961 τῶν
259 896 535 978 Λακεδαιμονίων
563 894 823 979 βουλευομένων
848 894 954 979 σφέυς
977 890 1155 963 ἀπολλύναι

162 992 373 1079 παραιτέεται
387 986 406 1060 ὁ
425 988 554 1078 Θήρας,
567 987 654 1067 ὅκως
673 989 756 1076 μήτε
770 990 878 1075 φόνος
892 993 1048 1078 γίνηται,
1065 989 1157 1071 αὐτός

162 1114 199 1157 τε
213 1086 393 1157 ὑπεδέκετό
408 1106 514 1174 σφεας
527 1086 656 1167 ἐξάξειν
665 1089 704 1155 ἐκ
717 1094 776 1174 τῆς
784 1087 903 1175 χύρης.
924 1089 1158 1177 συγχωρησάν-

162 1212 232 1257 των
247 1186 283 1255 δέ
296 1192 337 1275 τῇ
352 1184 471 1274 γνύμη
490 1191 559 1253 τῶν
570 1187 847 1270 Λακεδαιμονίων
865 1187 954 1272 τρισὶ
973 1189 1159 1273 τριηκοντέ-

162 1303 252 1372 ροισι
278 1287 312 1365 ἐς
341 1282 421 1363 τούς
441 1282 669 1371 Μεμβλιάρου
697 1278 888 1368 ἀπογόνους
914 1288 1059 1370 ἐτλωσε,
1091 1281 1158 1352 ούτι

161 1383 289 1463 πάντας
302 1380 396 1470 άγων
408 1377 489 1460 τούς
503 1380 659 1466 Μινύας,
676 1376 751 1449 ἀλλ’
767 1377 903 1467 ὀλίγους
915 1382 1019 1461 τινάς.
1052 1385 1088 1450 οί
1098 1379 1158 1468 γάρ

161 1486 303 1559 πλεῦνες
333 1476 447 1547 αι’πύν
476 1478 660 1565 ἐτράποντο
686 1478 721 1556 ἐς
746 1477 827 1558 τούς
854 1479 1080 1569 Παρωρεήτας
1108 1484 1158 1549 καί

159 1577 364 1664 Καύκωνας,
405 1574 547 1654 τούτους
578 1574 615 1643 δ’
649 1576 862 1658 ἐξελάσαντες
894 1582 932 1648 ἐκ
964 1586 1023 1667 τῆς
1054 1578 1158 1668 ηύρης

159 1677 264 1763 σφέας
288 1671 413 1754 αύτούς
440 1674 473 1753 ἓξ
504 1678 624 1760 μοίρας
654 1675 797 1760 διεῖλον,
828 1673 885 1741 καί
915 1680 1055 1759 ἐπειτεν,
1074 1684 1159 1747 ἐκτι-

158 1795 223 1844 σαν
259 1772 354 1855 πόλις
393 1773 494 1841 τάσδε
525 1776 562 1841 ίν
587 1773 733 1862 αύτοίσι,
768 1776 937 1864 Λέπρεον,
969 1777 1158 1865 Μάκιστον,

158 1872 300 1964 Φριξάς,
330 1873 489 1961 Πύργον,
508 1869 646 1958 Ἔπιον,
678 1870 850 1941 Νούδιον
892 1872 1023 1945 τούτων
1046 1876 1083 1945 δέ
1103 1874 1159 1954 τάς

158 1982 305 2055 πλεῦνας
321 1972 374 2043 ἐπ’
396 1974 471 2060 ίμίο
491 1969 614 2040 Ἠλεῖοι
637 1971 844 2060 ἐπόρθησαν.
886 1981 927 2062 τῇ
947 1975 985 2043 δὲ
999 1973 1093 2068 νήσω
1109 1976 1158 2043 ἐπὶ

92 2079 141 2138 149
157 2081 218 2142 τοῦ
233 2074 383 2141 οίκιστέω
398 2070 493 2159 Θήρα
512 2068 533 2157 ἡ
550 2073 723 2158 ἐπωνυμίη
737 2073 877 2158 ἐγίνετο.
904 2070 942 2142 ‘0
962 2077 999 2142 δὲ
1019 2087 1099 2154 παίς
1119 2069 1156 2141 ού

157 2171 223 2262 γάρ
241 2177 306 2259 ἐφη
321 2174 354 2240 οί
364 2170 643 2257 συμπλεύσεσθαι,
666 2178 834 2257 τοιγαρῶν
854 2177 919 2260 ἐφη
933 2170 1041 2241 αὐτὸν
1057 2199 1158 2240 κατα-

157 2279 285 2355 λείψειν
305 2266 359 2340 ὅτν
379 2271 417 2338 ίυ
433 2268 582 2338 λύκοισι·
619 2271 674 2339 ἐπί
691 2277 753 2339 τοῦ
773 2276 870 2350 ἐπεος
888 2271 1012 2340 τούτου
1028 2268 1158 2357 ούνομπ

155 2378 202 2464 τῷ
216 2377 382 2462 νεηνίσκῳ
396 2367 504 2460 τούτῳ
520 2367 685 2449 Οἰόλυκος
702 2371 851 2457 ἐγένετο,
878 2373 939 2438 καί
956 2394 1024 2449 κως
1043 2365 1083 2436 τὸ
1099 2366 1157 2436 οὔ·

155 2495 243 2557 νομα
262 2476 361 2537 τοῦτο
381 2465 590 2558 ἐπεκράτησε.
625 2467 795 2537 Οίολύκου
816 2466 853 2535 δὲ
872 2472 1000 2553 γίνεται
1020 2463 1156 2553 Αίγεύς,

155 2564 212 2636 ἀπ’
236 2558 279 2634 ού
293 2569 445 2652 Αίγείδαι
461 2568 658 2651 καλέονται,
688 2562 780 2652 φυλή
800 2565 926 2651 μεγάλη
947 2565 986 2632 ἐν
1002 2563 1156 2652 Σπάρτη.

152 2677 239 2733 τοῖσι
253 2664 290 2732 δέ
301 2667 338 2732 ἐν
348 2670 388 2751 τῇ
403 2669 494 2753 φυλή
508 2663 612 2752 ταύτῃ
623 2659 768 2750 άνδράσι
779 2661 820 2730 ού
833 2660 899 2750 γάρ
911 2660 1101 2749 ὑπέμειναν
1116 2659 1157 2728 τά

151 2769 262 2852 τέκνα,
277 2764 457 2853 ἱδρύσαντο
474 2767 509 2832 ἐκ
515 2772 728 2852 θεοπροπίου
737 2761 900 2853 Ἐρινύων
912 2771 983 2832 τῶν
995 2768 1107 2833 Λαίαν
1120 2787 1157 2828 τε

151 2865 208 2934 καὶ
223 2863 411 2933 Οἰδιπόδεω
428 2863 514 2951 ίρόν.
551 2867 606 2931 καὶ
625 2861 708 2951 μετά
728 2868 828 2930 τοῦτο
843 2860 1011 2949 ὑπέμεινε.
1045 2855 1154 2930 τύντό

42 3021 44 3025 ,
150 2969 250 3032 τοῦτο
262 3016 356 3031 ......
371 2965 428 3031 καί
441 2963 479 3030 ἐν
493 2960 588 3050 Θήρῃ
602 2975 687 3031 τοῖσι
701 2958 768 3030 άπὸ
788 2967 858 3029 τῶν
872 2958 1010 3047 άνδροῖυ
1023 2958 1156 3028 τούτων
1212 3020 1214 3141 ή

211 3059 316 3130 ονόσι.

84 3171 135 3230 150
149 3087 209 3150 W
232 3161 341 3246 Μέχρι
364 3159 427 3244 μέν
447 3181 514 3224 ννν
534 3156 659 3225 τούτου
685 3156 872 3242 τοῦλόγου
890 3152 1156 3240 Λακεδαιμόνιοι
1212 3152 1214 3233 f

149 3260 324 3340 Θηραίοισι
338 3252 422 3322 κατά
436 3251 541 3322 ταύτὰ
555 3257 707 3341 λέγουσι,
730 3251 769 3322 τὰ
791 3256 828 3322 δέ
842 3250 907 3320 άπό
925 3251 1051 3321 τούτου
1065 3253 1156 3338 μού-
1212 3272 1214 3345 g

148 3375 204 3418 νοτ
215 3359 355 3436 Θηραῖοι
370 3343 435 3420 τάδε
447 3354 608 3436 γενέσθαι
622 3353 767 3439 λέγουσι.
809 3357 931 3438 Γρίνος
942 3347 961 3418 ὃ
972 3352 1154 3421 Αἰσανίου,
1212 3358 1214 3361 ’

148 3448 216 3557 βάν
230 3448 324 3536 Θήρα
340 3450 464 3518 τούτου
483 3448 656 3537 ἀπόγονος
671 3456 728 3521 καί
747 3451 937 3540 βασιλεύων
958 3447 1074 3534 Θήρης
1093 3447 1154 3527 τῆς
