2500 3925
352 228 444 284 mn:
471 229 504 287 ο.
537 228 636 287 cn.
669 235 844 293 ιιι-ιω.
1043 225 1103 294 18³

101 387 279 475 πιμπλάναι
295 383 403 455 αὐτοῦ
422 385 485 454 τόν
496 386 623 477 θυμόν.
653 387 743 458 ἐόντι
764 390 801 459 δὲ
816 387 904 486 ήπίφ
919 400 964 486 τῷ
980 400 1102 462 Μυκε-

100 496 175 581 ρίνφ
188 487 274 558 κατά
285 484 368 567 τοῦς
387 488 547 577 πολιήτας
565 491 621 558 καί
641 498 745 559 ταῦτα
759 493 988 579 ἐπιτηδεύοντι
1008 499 1101 582 πρῶ-

97 613 153 654 τον
164 593 280 656 κακῶν
293 584 392 674 ἀρξαι
405 585 469 674 τήν
482 589 655 674 θυγατέρα
670 585 917 658 ἀποθανοῦσαν
930 588 1046 678 αῦτοῦ,
1061 587 1098 658 τὸ

95 688 222 774 μοῦνόν
237 692 273 756 οί
293 685 379 756 εἶναι
396 688 435 755 έν
453 701 540 756 τοῖσι
554 692 689 756 οἰκίοισι
708 689 837 757 τέτανον.
864 685 924 756 τόν
941 690 978 758 δὲ
994 686 1099 778 ὑπερ-

94 787 283 876 αλγήσαντά
296 813 333 854 τε
344 792 393 878 τῷ
407 785 672 873 περιεπεπτώκεε
685 786 852 876 πρήγματι
866 789 922 856 καὶ
933 786 1099 876 βουλόμε-

93 912 152 953 νον
170 884 415 973 περισσότερόν
436 909 469 952 τι
487 890 558 953 νῦν
581 882 695 954 ἀλλων
713 887 825 968 θάψαι
843 884 906 975 τήν
925 885 1098 974 θυγατέρα

91 983 297 1073 ποιήσασθαι
310 990 398 1072 βοῦν
412 987 552 1070 ξυλίνην
566 991 701 1073 κοίλην,
716 987 771 1054 καὶ
791 990 918 1054 έπειτεν
931 1011 1099 1074 καταχρυ-

92 1085 246 1156 σόσαντά
261 1110 321 1169 μιν
334 1083 461 1170 ταύτην
476 1089 541 1152 έσω
562 1087 600 1153 έν
614 1082 700 1176 αῦτῇ
714 1087 825 1169 θύραι
838 1086 965 1172 ταύτην
979 1083 1021 1174 δή
1035 1085 1098 1173 τήν

91 1183 335 1253 ἀποθανοῦσαν
348 1184 530 1271 θυγατέρα.
565 1181 662 1270 Αῦτη
679 1177 758 1271 ύνή
774 1193 857 1273 βοῦς
866 1193 909 1276 γή
920 1183 983 1255 οῦκ
998 1183 1100 1271 έκρύῇ
1116 1200 1166 1256 1³⁰

90 1294 180 1371 φθη,
208 1281 283 1352 ἀλλ’
300 1289 348 1350 έτι
369 1285 425 1350 καί
441 1285 475 1361 ές
489 1285 546 1370 έμὲ
562 1275 608 1371 ήν
622 1282 769 1374 φανερή,
792 1289 829 1356 έν
846 1285 916 1354 Σάλ
936 1287 999 1373 μέν
1017 1285 1096 1356 πόλι

37 1409 44 1416 ·
90 1384 207 1468 ἐοῦσα,
222 1385 359 1468 κειμένη
371 1382 408 1448 δέ
418 1383 456 1449 έν
466 1396 552 1450 τοῖσι
562 1389 766 1470 βασιληίοισι
777 1385 814 1452 έν
824 1383 977 1472 οἰκήματι
990 1382 1097 1472 ήσκη·

87 1481 193 1571 μένφ·
223 1479 423 1567 θυμιήματα
445 1479 482 1548 δὲ
504 1478 590 1568 παρ’
613 1477 699 1571 αὐτῇ
718 1497 860 1552 παντοία
883 1488 1096 1570 καταγίζουσι
1117 1539 1121 1547 .

87 1575 150 1645 ἀνά
166 1586 279 1646 πᾶσαν
291 1576 439 1666 ἡμέρην,
455 1581 564 1648 νύκτα
578 1579 617 1648 δέ
631 1581 775 1668 έπάστην
788 1582 959 1670 πάννυχος
972 1582 1095 1668 λύχνος

88 1684 311 1764 παρακαίεται.
337 1673 442 1764 ἀγχοῦ
459 1680 496 1745 δὲ
515 1685 573 1765 τῆς
592 1675 674 1765 βοός
693 1680 816 1766 ταύτης
836 1682 874 1748 ἐν
895 1679 984 1772 ἀλλφ
999 1679 1094 1766 οίκή-

89 1803 162 1860 ματι
188 1775 315 1856 εἰκόνες
338 1783 407 1844 τῶν
433 1779 632 1845 παλλακέων
656 1784 725 1846 τῶν
745 1784 946 1864 Μυκερίνου
971 1781 1092 1862 έοτάσι,

90 1875 130 1955 ός
145 1882 261 1962 ἔλεγον
275 1881 311 1944 οί
323 1879 363 1944 ἐν
378 1877 450 1945 Σάι
463 1876 543 1945 πόλι
557 1880 658 1966 ἱρέες·
681 1881 793 1947 έστάσι
808 1880 870 1965 μέν
883 1875 950 1965 γάρ
964 1875 1092 1958 ξύλινοι

89 1975 249 2063 κολοσσοί,
265 1979 381 2044 ἐοῦσαι
396 1974 547 2064 ἀριθμόν
563 1975 607 2057 ὡς
623 1988 728 2047 είλιοσι
741 1976 885 2064 μάλιστά
900 2003 954 2065 κη,
967 1975 1092 2062 γυμναί

89 2076 299 2159 ἐργασμέναι·
321 2077 445 2153 αἳτινες
461 2077 576 2161 μέντοι
598 2078 677 2161 είσλ,
700 2072 763 2143 οῦκ
781 2080 844 2161 έχω
860 2080 966 2143 εἰπεῖν
972 2124 981 2159 ,
1003 2070 1092 2160 πλήν

88 2169 158 2258 ήτά
173 2174 347 2261 λεγόμενα.
394 2180 440 2242 Ol
451 2177 492 2243 δέ
500 2200 591 2253 τινες
604 2178 740 2260 λέγουσι
753 2174 830 2262 περὶ
843 2180 901 2261 τῆς
915 2170 996 2261 βοός
1009 2172 1092 2240 ταύ-
1109 2188 1156 2244 131

88 2300 140 2359 της
158 2276 295 2341 καὶτῶν
315 2280 490 2341 κολοσσῶν
504 2274 604 2342 τόνδε
623 2270 685 2341 τόν
699 2272 820 2359 λόγον,
838 2269 882 2352 ὡς
895 2279 1091 2356 Μυκερῖνος

88 2370 215 2460 ήράσθη
245 2378 303 2460 τῆς
327 2376 457 2441 ἑωυτοῦ
485 2371 658 2461 θυγατρός
688 2376 744 2443 καὶ
776 2379 905 2443 ἔπειτεν
936 2373 1031 2457 έμύγη
1058 2373 1092 2437 οί

87 2467 241 2559 ἀεκούσῃ·
269 2467 353 2556 μετὰ
375 2470 412 2538 δὲ
434 2475 587 2558 λέγουσι,
622 2468 668 2551 ὡς
688 2468 709 2557 ἡ
731 2485 808 2549 παῖς
829 2467 998 2557 ἀπήγξατο
1020 2462 1088 2533 ὑπό

88 2567 190 2656 ἄχεος,
210 2567 230 2638 ὁ
246 2572 286 2637 δέ
297 2597 357 2657 μιν
373 2575 480 2652 ἔθαψε
493 2574 532 2639 έν
546 2577 587 2661 τή
599 2576 658 2659 βοῒ
671 2572 793 2659 ταύτη,
814 2567 836 2659 ἡ
853 2570 889 2639 δὲ
903 2568 1010 2657 μήτηρ
1024 2562 1087 2633 αῦ-

87 2675 138 2754 τής
151 2676 217 2736 των
231 2668 435 2757 ἀμφιπόλων
448 2677 518 2738 τῶν
539 2674 757 2758 προδουσέων
777 2670 839 2759 τήν
856 2672 1027 2756 θυγατέρα
1040 2673 1087 2757 τῷ

88 2770 177 2852 πατρὶ
190 2764 337 2854 ἀπέταμε
356 2766 417 2847 τὰς
431 2782 559 2856 χεῖρας,
580 2772 638 2837 καὶ
653 2776 721 2836 νῦν
734 2766 794 2847 τάς
810 2767 942 2846 εἰκόνας
956 2763 1087 2834 αύτέων

89 2862 164 2931 εἶναι
177 2874 389 2958 πεπονθυίας
412 2866 517 2957 τόπερ
541 2874 578 2938 αλ
591 2871 669 2951 ζωαί
684 2874 823 2937 ἔπαθον.
853 2874 957 2935 ταῦτα
978 2866 1014 2935 δέ
1028 2870 1085 2934 λέ·

88 2986 174 3047 γουσι
188 2969 431 3053 φλυηρέοντες,
454 2965 499 3047 ὡς
515 2965 581 3053 έγτδ
597 2970 721 3054 δοκέω,
745 2967 788 3036 τά
808 2992 844 3035 πε
859 2964 943 3035 ἀλλα
962 2965 1018 3033 καὶ
1041 2958 1082 3048 δή

87 3063 133 3130 καί
144 3060 182 3130 τά
195 3065 273 3150 περὶ
282 3061 341 3144 τάς
350 3080 462 3153 χεῖρας
475 3073 545 3134 τῦν
558 3074 747 3136 κολοσσῶν·
770 3073 874 3135 ταῦτα
886 3061 951 3151 γάρ
965 3089 1014 3131 πν
1028 3062 1083 3131 καὶ

86 3156 166 3245 ἡμεῖς
187 3160 336 3251 ὁρέομεν
375 3164 427 3233 ὅτι
444 3163 513 3233 ῦπό
534 3167 661 3254 χρόνου
681 3163 741 3245 τὰς
760 3179 871 3253 χεῖρας
892 3159 1082 3251 ἀποβεβλή-

86 3279 167 3344 κασι,
187 3266 226 3327 αλ
246 3262 284 3329 έν
303 3264 383 3332 ποσὶ
403 3260 534 3331 αῦτέων
555 3268 735 3350 ἐφαίνοντο
759 3266 874 3331 έοῦσαι
900 3266 947 3330 έτι
973 3262 1029 3331 καὶ
1048 3264 1082 3341 ές

86 3355 138 3438 ἐμέ.
173 3352 217 3423 Ἡ
234 3359 272 3425 δέ
292 3366 376 3446 βοῦς
394 3357 435 3427 τά
456 3363 519 3446 μὲν
536 3358 620 3430 ἀλλα
638 3362 904 3447 κατακέκρυπται
923 3361 1081 3445 φοινικέῳ
1100 3362 1150 3415 1³²

86 3455 194 3540 εἵματι,
216 3453 277 3525 τόν
298 3456 423 3546 αῦχένα
445 3462 482 3529 δέ
504 3462 560 3529 καὶ.
577 3458 639 3546 τὴν
660 3455 811 3544 κεφαλήν
832 3464 944 3542 φαίνει
961 3479 1081 3539 κεχρυ-
