2500 3925
359 219 447 276 LIB.
479 217 528 272 VI.
561 216 660 273 cAP.
692 222 834 275 30-35.
1060 211 1101 278 73

94 383 264 466 Σηλυβρίη
279 403 322 446 τε
337 379 392 444 καὶ
410 375 612 456 Βυζάντιον·
646 374 823 454 Βυζάντιοι
843 375 906 460 μέν
919 399 986 442 νυν
999 375 1056 444 καὶ
1069 378 1102 443 οἰ

90 483 241 566 πέρηθεν
250 476 475 563 Καλχηδόνιοι
488 471 563 544 οὐδ’
580 474 765 560 ὑπέμειναν
780 474 1008 555 ἐπιπλέοντας
1020 475 1102 554 τούς

92 585 268 663 Φοίνικας,
292 573 365 644 ἀλλ’
386 585 516 660 οίχοντο
536 571 758 650 ἀπολιπόντες
771 571 834 660 τήν
855 576 1020 662 σφετέρην
1036 578 1101 642 ἐσω

91 680 125 756 ές
135 673 195 744 τόν
205 674 371 756 Εὔξεινον
382 672 520 759 πόντον,
536 667 590 740 καὶ
603 674 754 740 ἐνθαῦτα
764 672 865 740 πόλιν
876 679 1101 760 Μεσαμβρίην

92 785 235 860 οἰκισαν,
245 779 285 854 ,οἰ
293 775 330 842 δέ
342 781 497 851 Φοίνικες
508 770 778 849 κατακαύσαντες
790 770 982 851 ταύταςτὰς
992 771 1103 858 χώρας

90 871 151 951 τὰς
165 877 431 956 ’καταλεχθείσας
444 867 629 956 τρέπονται
648 871 705 937 έπί
724 893 760 936 τε
780 869 1026 956 Προκόννησον
1047 871 1103 938 καὶ

87 972 269 1060 Ἀρτάκην,
284 974 366 1056 πυρὶ
377 977 413 1040 δέ
424 975 479 1041 καί
488 972 612 1050 ταύτας
626 976 801 1056 νείμαντες
816 977 947 1042 ἔπλωον
962 966 1057 1051 αὖτις
1069 974 1102 1051 ἐς

92 1072 154 1162 τήν
167 1071 385 1159 Χερσόνησον
409 1070 639 1160 ἐξαιρήσοντες
660 1067 720 1148 τὰς
740 1073 934 1150 ἐπιλοίπους
953 1078 1022 1141 τῶν
1037 1096 1102 1140 πο-

27 1255 30 1258 ,
90 1181 190 1261 λέων,
207 1171 287 1253 ὅσας
301 1173 467 1262 πρότερον
482 1172 706 1260 προσσχόντες
719 1170 762 1239 οὗ
778 1175 975 1260 κατέσυραν.
998 1176 1051 1244 ἐπὶ
1065 1175 1102 1243 δέ

91 1273 239 1354 Κύζικον
256 1269 335 1340 οὐδὲ
353 1276 507 1340 ἔπλωσαν
521 1269 644 1358 άρχήυ·
666 1267 841 1364 αότοίγάιρ
858 1275 1040 1359 Κυζικηνοί
1054 1277 1102 1340 ἔτι

90 1369 257 1456 πρότερον
270 1375 332 1437 τοῦ
343 1377 514 1438 Φοινίκων
525 1369 673 1438 ἐσπλόου
683 1369 883 1455 ἐγεγόνεσαν
893 1367 960 1439 ὑπὸ
972 1378 1105 1459 βασιλέι

93 1468 235 1557 Οἰβάρεϊ
253 1474 298 1559 τῷ
315 1469 520 1556 Μεγαβάζου
541 1465 827 1556 ὁμολογήσαντες,
848 1474 895 1558 τῷ
909 1470 946 1535 ἐν
961 1477 1102 1536 Δασκυ-

90 1574 169 1659 λείῳ
180 1564 329 1658 ὑπάρχῳ.
351 1573 409 1653 τῆς
420 1567 457 1635 δὲ
467 1568 698 1656 Χερσονήσου,
713 1563 802 1654 πλήν
812 1569 961 1652 Καρδίης
974 1565 1101 1653 πόλιος,

91 1664 151 1744 τὰς
165 1664 267 1744 ἄλλας
280 1664 388 1744 πάσας
403 1667 622 1753 ἐχειρώσαντο
638 1673 673 1736 οἰ
684 1674 848 1745 Φοίνικες.
945 1746 949 1751 ,

173 1762 393 1849 Ἐτυράννευε
410 1769 447 1834 δὲ
464 1765 593 1835 αὐτέων
606 1770 701 1853 μέχρι
715 1766 790 1834 τότε
800 1765 988 1854 Μιλτιάδης
1003 1763 1022 1834 ὁ
1037 1770 1100 1833 Κί-
1116 1775 1152 1830 34

92 1890 203 1954 μωυος
216 1870 278 1932 τοῦ
294 1866 536 1960 Στησαγόρεω,
552 1870 763 1954 κτησαμένου
779 1865 842 1953 τήν
856 1863 962 1955 ἀρχήν
976 1867 1103 1953 ταύτην

91 1964 258 2052 πρότερον
268 1965 463 2035 Μιλτιάδεω
477 1974 538 2036 τοῦ
555 1971 716 2048 Κυψέλου
729 1967 842 2059 τρόπῳ
856 1972 990 2059 τοιῷδε·
1014 1967 1103 2055 εἰχον

92 2064 262 2149 Δόλογκοι
277 2064 419 2152 Θρήικες
433 2066 496 2153 τήν
506 2065 726 2154 Χερσόνησον
738 2068 874 2153 ταύτην.
897 2058 991 2135 οὗτοι
1006 2059 1056 2133 ὦν
1070 2071 1106 2134 οἱ

91 2162 262 2249 Δόλογκοι
272 2167 466 2243 πιεσθέντες
478 2168 610 2256 πολέμῳ
624 2162 689 2233 ὑπ’
704 2162 889 2247 Ἀψινθίων
900 2169 933 2244 ές
943 2165 1105 2252 Δελφοὺς

92 2268 244 2349 ἔπεμψαν
263 2260 343 2341 τοδς
358 2267 513 2351 βασιλέας
530 2267 606 2350 περὶ
622 2270 684 2333 τοῦ
698 2268 847 2352 πολέμου
862 2268 1099 2351 χρησομένους.

90 2359 111 2448 ἡ
130 2363 166 2428 δὲ
180 2366 297 2446 Πυθίη
315 2380 376 2446 σφι
391 2360 502 2431 άνείλε
516 2360 668 2449 οἰκιστήν
685 2362 871 2448 ἐπάγεσθαι
888 2365 942 2431 έπί
957 2360 1020 2450 τήν
1035 2361 1103 2449 χό-

93 2485 158 2545 ρην
172 2464 311 2545 τοῦτον,
332 2456 369 2537 ὃς
389 2459 432 2527 ἄν
448 2480 553 2548 σφεας
568 2460 729 2540 ἀπιόντας
749 2465 786 2529 ἐκ
805 2469 867 2529 τοῦ
880 2468 959 2549 ἰροῦ
972 2469 1104 2550 πρῶτος

93 2560 147 2627 ἐπὶ
161 2561 265 2638 ξείνια
285 2560 419 2645 καλέσῃ.
447 2559 555 2638 ἰόντες
570 2558 606 2626 δὲ
622 2565 656 2627 οἰ
670 2559 840 2644 Δόλογκοι
853 2558 916 2646 τήν
929 2558 1006 2647 ίρήν
1021 2555 1104 2627 ὁδὸν

94 2653 149 2724 διά
165 2660 314 2723 Φωκέων
326 2679 362 2721 τε
381 2658 436 2723 καί
449 2664 609 2725 Βοιωτῶν
628 2654 729 2743 ήισαν
744 2663 804 2724 καί
815 2677 920 2743 σφεας
935 2655 978 2736 ὡς
994 2655 1104 2737 οὐδεὶς

92 2754 218 2841 έκάλεε,
231 2750 451 2839 ἐκτρέπονται
462 2755 514 2823 ἐπ’
529 2754 709 2843 Ἀθηνέων.
745 2753 798 2823 Ἐν
810 2758 846 2822 δέ
857 2764 930 2844 τῇσι
940 2754 1103 2847 Ἀθήνησι
1116 2774 1152 2829 35

92 2859 275 2941 τηνικαῦτα
297 2851 361 2939 εἰχε
382 2854 444 2941 μέν
462 2853 499 2924 τό
522 2862 591 2923 πᾶν
610 2854 732 2938 κράτος
744 2861 997 2941 Πεισίστρατος,
1019 2852 1104 2939 ιἰτάρ

93 2952 295 3023 ἐδυνάστευε
314 2956 370 3023 καὶ
386 2956 576 3041 Μιλτιάδης
598 2952 615 3022 ὁ
631 2956 812 3035 Κυψέλου,
837 2950 904 3021 έών
924 2960 1029 3039 οἰκίης
1048 2978 1104 3020 τε-

92 3049 371 3139 θριπποτρόφου,
386 3050 427 3122 τά
442 3054 505 3141 μὲν
520 3050 689 3121 ἀνέκαθεν
704 3049 762 3119 ἄπ’
779 3057 910 3119 Αἰακοῦ
924 3056 960 3119 τε
974 3053 1030 3117 καί
1039 3056 1103 3118 Αί-

93 3155 189 3237 γίυης
203 3147 367 3237 γεγονός,
388 3152 428 3219 τὰ
445 3154 482 3219 δέ
498 3150 646 3236 νειότερα
663 3148 856 3237 Ἀθηναίας,
879 3153 1022 3218 Φιλαίου
1041 3156 1104 3216 τοῦ

95 3256 239 3326 Αίαντος
258 3248 394 3337 παιδός,
415 3254 602 3336 γενομένου
621 3248 758 3334 πράτου
781 3255 840 3334 τῆς
857 3251 962 3331 οἰκίης
981 3244 1104 3329 ταύτης

93 3350 283 3435 Ἀθηναίου.
310 3341 408 3431 οὗτος
428 3348 446 3419 ό
461 3350 651 3436 Μιλτιάδης
666 3349 850 3437 κατήμενος
866 3346 904 3413 έν
918 3356 1004 3412 τοῖσι
1018 3366 1104 3427 προ-

93 3448 234 3533 θόροισι
247 3461 334 3517 τοῖσι
348 3451 488 3537 ἑαυτοῦ,
504 3444 611 3535 ὁρέων
620 3444 701 3527 τοὺς
712 3443 909 3530 Δολόγκους
921 3441 1104 3531 παριόντας
