2500 3925
188 228 254 293 τοι
565 174 819 289 ιιιιιοόοιτ

190 396 330 478 ἔχοντος.
354 387 429 461 ὅσοι
443 416 478 459 τε
489 386 1190 478 ύμέωνΚαμβύσηνονσέοντιπαρεγένοντο,

189 490 323 569 πάντας
342 513 407 557 κον
427 492 602 577 μέμνησθε
621 486 662 557 τά
687 478 1190 570 έπέοιιηψεΠέρσησιτελεντέιον

188 588 249 659 τόν
264 594 342 677 βίον
357 585 403 677 μή
423 588 668 674 πειρωμένοισι
687 582 897 653 ἀνακτᾶσθαι
919 582 981 670 τήν
1001 578 1126 668 ἀρχήν·
1158 576 1189 645 τὰ

188 688 264 757 τότε
284 684 348 755 ούκ
369 686 610 773 ἐνεδεκόμεθα,
633 681 707 755 ἀλλ’
725 686 778 751 ἐπὶ
799 686 939 770 διαβολῇ
960 684 1140 767 ἐδοκέομεν
1153 684 1190 745 εί-

189 801 267 856 πείν
280 785 480 875 Καμβύσην.
498 792 564 853 νῦν
579 778 629 853 ύν
644 790 779 870 τίθεμαι
794 786 910 867 ψῆφον
930 786 1117 849 πείθεσθαι
1130 787 1191 847 Δο-

189 891 269 976 ρείρι
283 888 339 954 καὶ
359 884 404 973 μή
420 885 619 954 διαλύεσθαι
643 884 679 951 έκ
694 887 755 950 τού
771 878 940 965 συλλόγου
962 883 1065 946 τοῦδε
1082 872 1191 943 ἀλλοθι

190 982 303 1061 δόντας
313 979 335 1070 ἢ
347 984 402 1052 ἐπὶ
414 981 476 1053 τὸν
488 982 597 1071 μάγον
612 981 725 1060 ίθέως.
748 985 861 1046 Ταῦτα
883 975 953 1047 εἶπε
967 977 1136 1065 Γωβρύης
1149 977 1193 1043 καὶ

173 1079 313 1157 ιπάντες
325 1086 430 1148 ταῦτα
444 1090 568 1148 αίνεον.

141 1190 176 1246 74
270 1173 325 1245 Ἑν
345 1170 373 1268 ᾦ
393 1177 430 1247 δὲ
451 1169 546 1247 ούτοι
566 1184 671 1246 ταῦτα
692 1176 931 1265 ἐβουλεύοντο,
961 1180 1094 1263 έγίνετο
1118 1172 1192 1245 κατὰ
1229 1217 1230 1220 =

189 1282 371 1361 συντυχίην
400 1277 490 1345 τάδε.
526 1291 612 1345 τοῖσι
637 1275 774 1364 μάγοισι
800 1279 892 1356 ἔδοξε
920 1281 1192 1365 βουλευομένοισι

189 1373 393 1459 Πρηξάσπεα
409 1382 512 1462 φίλον
531 1376 763 1462 προσθέσθαι,
785 1370 837 1441 ὅτι
856 1398 892 1441 τε
913 1374 1106 1442 ἐπεπόνθεε
1120 1368 1192 1460 πρὸς

190 1470 380 1557 Καμβύσεα
400 1470 562 1559 ἀνάρσια,
584 1470 624 1551 ὅς
644 1475 678 1540 οἱ
691 1468 753 1539 τδν
771 1476 874 1540 παῖδα
888 1472 1050 1552 τοξεύσας
1066 1471 1194 1541 ἀπολο-
1228 1498 1231 1537 ι

187 1570 297 1654 λέκεε,
319 1572 374 1637 καὶ
388 1571 475 1639 διότι
488 1578 614 1658 μοῦνος
628 1567 787 1657 ήττίοτατο
801 1565 862 1636 τὸν
872 1570 1041 1656 Σμέρδιος
1055 1578 1121 1640 τοῦ
1131 1567 1195 1637 Κύ-
1228 1586 1231 1645 λ

187 1692 253 1754 ρον
262 1668 416 1739 θάνατον
426 1669 616 1760 αύτοχειρίη
627 1696 686 1757 μιν
696 1666 878 1754 ἀπολέσας,
895 1666 979 1757 πρὸς
991 1666 1024 1737 δ’
1043 1675 1094 1739 ἔτι
1106 1670 1194 1737 έόνιο
1230 1698 1231 1735 ι

188 1770 227 1835 έν
240 1777 319 1858 αίυη
334 1776 471 1858 μεγίστῃ
485 1768 547 1837 τὸν
557 1769 762 1855 Πρηξάσπεα
777 1770 815 1836 έν
827 1771 987 1855 Πέρσησι.
1011 1768 1148 1836 τούτων
1162 1771 1195 1852 δή
1230 1786 1231 1837 λ

187 1891 247 1952 μιν
262 1865 391 1935 εἵνεκεν
404 1870 603 1946 καλέσαντες
615 1874 718 1952 φίλον
730 1869 972 1953 προσεκτέοντο
983 1875 1077 1937 πίστι
1091 1893 1131 1936 τε
1144 1875 1195 1935 λοι-
1230 1896 1231 1934 ι

187 1964 305 2049 βάντες
319 1966 376 2032 καί
388 1962 549 2053 ὁρκίοισι,
570 1958 594 2052 ή
610 1967 673 2054 μέν
688 1969 775 2047 ἕξειν
788 1962 869 2053 παρ’
886 1965 999 2034 έωυτο
1016 1964 1101 2054 μηδ’
1118 1969 1197 2046 έξοί-
1230 1973 1231 2048 λ

188 2083 262 2130 σειν
276 2068 395 2148 μηδενί
411 2063 607 2153 ἀνθρώπων
623 2063 686 2154 τήν
701 2062 766 2134 ἀπὸ
781 2068 897 2152 σφέων
911 2062 1045 2152 ἀπάτην
1061 2069 1097 2146 ές
1111 2068 1196 2148 Πέρ-
1230 2095 1231 2134 ι

187 2182 248 2241 σας
263 2178 462 2251 γεγονυῖαν,
483 2164 745 2254 ὑπισχνεύμενοι
765 2162 805 2234 τά
826 2165 936 2233 πάντα
958 2170 992 2235 οί
1011 2173 1120 2252 μυρία
1136 2163 1197 2234 δύ-

187 2283 268 2331 σειν.
291 2260 545 2351 ύποδιιιομένου
558 2268 595 2333 δέ
610 2271 673 2332 τοῦ
687 2263 897 2352 Πρηξάσπεα
911 2263 1068 2352 ποιήσειν
1082 2272 1196 2348 ταῦτα,
1211 2271 1212 2276 ’

188 2360 233 2442 ὡς
244 2360 431 2444 ἀνέπεισάν
446 2390 505 2448 μιν
519 2369 554 2432 οί
565 2364 683 2451 μάγοι,
707 2363 848 2449 δεύτερα
862 2365 1090 2450 προσέφερον,
1106 2361 1200 2432 αὐτοὶ

187 2463 250 2551 μέν
263 2463 409 2550 φάμενοι
423 2466 555 2547 Πέρσας
575 2465 704 2542 πάντας
718 2464 940 2548 συγκαλέσειν
960 2461 1029 2531 ὑπὸ
1045 2462 1083 2532 τὰ
1103 2473 1189 2552 βασι·

186 2565 283 2652 λήιον
294 2580 416 2653 τεῖχος,
434 2568 565 2634 ἐκείνου
578 2562 611 2633 δ’
634 2567 791 2634 έκέλενον
806 2563 981 2654 ἀναβάντα
997 2567 1051 2634 ἐπὶ
1066 2564 1194 2651 πύργοι

187 2660 388 2748 ἀγορεῦσαι,
410 2661 455 2742 ὡς
474 2660 541 2731 ὑπὸ
561 2669 623 2731 τοῦ
637 2663 758 2749 Κύρου
775 2665 943 2752 Σμέρδιος
963 2663 1126 2750 ἄρχονται
1148 2667 1200 2731 καὶ

186 2760 246 2830 ὑπ’
263 2760 403 2842 ούδενός
418 2762 533 2831 ἀλλον.
556 2770 661 2832 ταῦτα
679 2765 715 2831 δέ
737 2763 826 2834 οὕτω
844 2769 1058 2837 ἐνετέλλοντο
1077 2765 1124 2847 ὡς
1144 2792 1201 2835 πι-

185 2867 347 2935 στοτάτου
362 2870 469 2954 δῆθεν
483 2864 598 2943 έόντος
611 2862 718 2933 αὐτοῦ
736 2869 773 2934 έν
784 2869 951 2958 Πέρσησι,
966 2871 1024 2937 καί
1037 2867 1201 2944 πολλάκις

184 2961 436 3050 ἀποδεξαμένου
455 2962 612 3049 γνάμην,
636 2959 681 3042 ὦς
700 2970 829 3052 περιείη
851 2962 870 3032 ὁ
894 2965 1017 3053 Κύρου
1039 2967 1201 3052 Σμέρδις,

136 3075 170 3130 75
185 3065 240 3131 καὶ
254 3065 523 3147 ἐξαρνησαμένου
543 3059 605 3128 τόν
626 3062 737 3147 φόνον
752 3061 868 3133 αὐτοῦ.
914 3069 1078 3153 Φαμένου
1094 3065 1131 3133 δέ
1145 3065 1200 3130 καί

184 3169 289 3228 ταῦτα
310 3164 443 3246 έτοίμον
464 3158 550 3227 εἶναι
570 3161 698 3228 ποιέειν
718 3171 779 3233 τοῦ
795 3166 1008 3252 Πρηξάσπεα
1031 3169 1200 3254 συγκαλέ-

186 3279 302 3334 σαντες
315 3263 447 3343 Πέρσας
468 3263 503 3327 οί
516 3259 618 3345 μάγοι
639 3257 845 3351 ἀνεβίβασαν
865 3262 972 3335 αὐτὸν
988 3268 1044 3336 ἐπὶ
1064 3267 1198 3353 πύργοι

185 3356 240 3419 καί
254 3351 430 3440 ἀγορεύειν
444 3359 609 3426 ἐκέλευον.
658 3363 676 3424 ὁ
701 3362 815 3446 μέντοι
838 3369 908 3432 τῶν
934 3366 1063 3436 ἐκείνοι
1092 3387 1202 3450 προσ-

185 3449 317 3514 εδέοντο
332 3448 452 3530 αὐτοῦ,
468 3454 598 3522 τούτων
612 3457 674 3538 μὲν
690 3457 776 3525 έκάι·
791 3462 993 3550 ἐπελήθετο,
1010 3463 1203 3550 ἀρξάμενος
