2500 3925
177 220 218 284 ςς
551 213 801 271 οεοοοοτι

176 375 241 467 γάρ
251 379 502 446 καταιτιεῦνται.
522 373 677 459 λέγονται
691 371 728 440 δὲ
737 371 865 459 Σάμιοι
879 376 1029 446 ἐνθαῦτα
1042 377 1128 448 κατά
1142 379 1183 448 τά

177 482 378 564 συγκείμενα
392 472 475 561 πρός
496 471 561 541 τόν·
573 472 702 541 Αἰάκεα
723 469 918 559 ἀειράμενοι
934 472 976 544 τά
995 480 1082 544 ἰστία
1097 473 1184 546 ἄπο-

143 589 145 595 ‘
176 583 306 646 πλῶσαι
321 577 357 644 ἐκ
372 580 429 661 τῆς
443 571 552 652 τάξιος
567 573 600 649 ές
613 569 676 657 τὴν
691 571 827 658 Σάμον,
843 570 932 659 πλὴν
947 576 1068 642 ένδεκα
1082 584 1180 645 νεῶν.

176 677 306 745 τούτων
318 672 354 741 δδ
366 677 400 740 οἰ
408 670 602 760 τριήραρχοι
613 675 803 756 παρέμενον
813 675 869 739 καὶ
880 673 1088 760 ἐναυμάχεον
1099 671 1183 761 άνη-

177 772 421 861 κουστησαντες
436 783 519 838 τοῖσι
535 783 764 856 στρατηγοῖσι·
784 776 844 838 καί
855 790 917 856 σφι
931 770 968 840 τό
983 771 1102 841 κοινόν
1114 781 1183 842 τῶν

178 881 318 963 Σαμίων
333 876 436 941 ἔδωκε
456 869 511 939 διά
527 877 626 938 τοῦτο
648 868 685 938 ιδ
702 878 838 959 πρῆγμα
855 875 893 940 έν
914 874 1017 963 στήλη
1032 871 1183 962 ἀναγρα-

177 981 282 1062 φῆναι
296 971 470 1058 πατρόθεν
486 966 529 1047 ῶς
544 965 689 1052 ἀνδράσι
705 966 864 1055 άγφθοίσι
878 973 1105 1058 γενομένοισι,
1127 975 1183 1040 καί

177 1079 245 1140 έστι
260 1069 345 1157 αὕτη
361 1067 382 1156 ἡ
399 1069 502 1156 στήλη
517 1071 554 1135 ἐν
568 1074 608 1156 τῇ
622 1065 738 1156 ἀγορῇ.
762 1067 912 1155 ἰδόμενοι
925 1071 963 1138 δὲ
976 1071 1032 1138 καί
1044 1073 1182 1158 Λέσβιοι

175 1168 255 1249 τούς
266 1169 445 1254 προσεχέας
456 1161 760 1254 φεύγονταςτῶυτδ
769 1169 903 1236 ἐποίευν
913 1174 1178 1254 τοίσιΣαμίοισι·
1244 1188 1245 1209 ³

176 1265 221 1348 ῶς
237 1267 275 1336 δδ
290 1268 346 1335 καὶ
360 1271 393 1334 ολ
402 1272 542 1342 πλεῦνες
553 1271 621 1332 τῶν
631 1261 753 1333 Ἰάνων
766 1265 902 1334 ἐποίευν
913 1262 953 1333 τά
966 1263 1052 1337 αὐτά
1065 1273 1181 1334 ταῦτα.

131 1385 161 1436 15
182 1373 259 1436 Τῶν
280 1365 316 1433 δὲ
336 1364 616 1450 παραμεινάντων
640 1366 677 1430 έν
699 1369 741 1450 τῇ
759 1371 926 1452 ναυμαχίη
946 1369 1183 1451 περιέφθησαν

6 1469 8 1474 ’
176 1465 362 1554 τρηχύτατα
378 1471 456 1532 Χῑοι
473 1461 518 1542 ῶς
533 1460 818 1547 ἀποδεικνύμενοί
828 1489 863 1530 τε
877 1469 959 1549 ἔργα
972 1462 1108 1552 λαμπρά
1127 1468 1183 1532 καί

177 1562 239 1632 οὐκ
260 1564 552 1641 ἐθελοκακέοντες·
580 1567 778 1649 παρείχοντο
799 1560 964 1650 μὲνγὰρ,
989 1563 1101 1651 ῶσπερ
1126 1567 1184 1632 καὶ

176 1663 344 1752 πρότερον
360 1667 490 1750 εἰρέθη,
514 1667 591 1742 νέας
606 1659 725 1730 ἑκατόν
745 1665 802 1732 καὶ
820 1660 874 1730 έπ’
895 1664 1035 1751 ἑκάστης
1051 1662 1183 1734 αὐτέων

176 1765 302 1849 ἄνδρας
310 1761 552 1849 τεσσεράκοντα
559 1768 628 1830 τῶν
635 1757 746 1830 άστῶν
756 1760 900 1847 λογάδας
907 1762 1183 1851 ἐπιβατεύοντας·

175 1862 329 1946 ὁρέοντες
348 1863 386 1932 δέ
406 1859 486 1940 τοδς
499 1858 646 1939 πολλοὺς
663 1866 733 1929 τῶν
753 1859 937 1948 συμμάχων
956 1862 1184 1950 προδιδόντας

176 1962 238 2033 οὐκ
251 1966 418 2031 ἐδικαίευν
429 1961 589 2047 γενέσθαι
598 1956 684 2029 vota
695 1974 827 2030 κακοίσι
843 1957 957 2030 αὐτῶν
973 1959 1101 2050 ὁμοσοι,
1119 1959 1183 2031 άλ-

174 2059 215 2130 λά
235 2058 306 2147 μετ’
324 2056 447 2145 όλίγων
466 2058 651 2145 συμμάχων
667 2059 922 2147 μεμουνωμένοι
939 2061 1184 2139 διεκπλῶοντες

174 2157 393 2243 ἐναυμάχεον,
401 2157 434 2234 ἐς
445 2153 542 2223 δτῶν
553 2161 723 2243 πολεμίων
730 2154 861 2235 ἑλόντες
871 2155 950 2235 νέας
960 2155 1086 2244 συχνάς
1096 2155 1184 2225 άπέ-

174 2264 281 2345 βαλον
290 2261 357 2321 τῶν
369 2253 542 2340 σφετέρων
552 2260 640 2321 νεῶν
650 2251 709 2332 τάς
718 2260 874 2333 πλεῦνας.
890 2262 968 2324 Χίοι
978 2256 1041 2341 μὲν
1052 2254 1093 2343 δὴ
1104 2262 1185 2347 τῇσι

128 2367 159 2422 16
174 2361 309 2441 λοιπῇσι
322 2358 390 2421 τῶν
410 2358 498 2419 νεῶν
512 2349 746 2439 ἀποφεύγουσι
767 2357 800 2431 ές
819 2351 882 2439 την
897 2353 1048 2441 ἑωυτῶν,
1070 2351 1185 2425 ὅσοισι

173 2452 210 2519 δὲ
224 2458 291 2518 τῶν
301 2455 395 2519 Χίων
410 2446 570 2519 άδόνατοι
586 2444 672 2539 ἦσαν
686 2456 723 2520 αἰ
734 2451 808 2529 νέες
821 2448 887 2519 ὑπό
903 2453 1099 2540 τρωμάτων,
1117 2444 1184 2521 οὗ·

172 2578 224 2621 τοι
240 2549 276 2617 δὲ
291 2545 336 2627 ῶς
351 2550 547 2637 έδιῶιιοντο,
563 2552 863 2639 καταφυγγάνουσι
879 2552 965 2639 πρὸς
977 2553 1040 2643 την
1050 2555 1185 2624 Μυκά-

171 2660 244 2737 λην.
267 2648 346 2729 νέας
363 2650 425 2734 μὲν
441 2647 481 2736 δὴ
497 2647 602 2719 αὐτοῦ
622 2651 729 2739 ταάτη
741 2653 972 2731 ἐποκείλαντες
984 2652 1184 2741 κατέλιπον,

172 2752 205 2817 οἰ
219 2748 254 2817 δέ
266 2753 345 2837 πεζῇ
362 2752 550 2834 ἐκομίζοντο
566 2746 620 2815 διά
637 2756 695 2837 τῆς
706 2748 857 2836 ἠπείρου.
881 2752 951 2820 έπεί
965 2752 1002 2820 δέ
1015 2751 1183 2840 ἐσέβαλον

171 2850 204 2927 ἐς
218 2843 281 2933 την
292 2843 446 2932 Ἐφεσίην
462 2848 673 2933 κομιζόμενοι
691 2851 725 2915 οἰ
738 2855 832 2935 Χίοι,
847 2844 1184 2926 νυκτόςτεάπίκοντο

173 2950 205 3026 ές
221 2943 328 3032 αὐτὴν
341 2950 397 3014 καὶ
413 2947 538 3015 ἐόντων
552 2955 626 3035 τῇσι
640 2949 773 3034 γυναιξί
785 2944 908 3018 αὐτόθι
924 2958 1181 3039 θεσμοφορίων.

173 3050 322 3115 ἐνθαῦτα
337 3043 377 3131 δὴ
394 3050 426 3113 οἱ
438 3044 597 3133 Ἐφέσιοι,
615 3046 693 3115 οὔτε
703 3046 950 3134 προακηκοότες
964 3045 1010 3127 ῶς
1023 3046 1088 3135 εἰχε
1101 3050 1184 3137 περὶ

172 3151 240 3211 τῶν
249 3148 358 3229 Χίων,
374 3142 503 3221 ἰδόντες
516 3170 552 3211 τε
566 3142 710 3229 στρατόν
724 3147 759 3225 ἐς
773 3142 836 3237 τὴν
848 3145 961 3234 χώρην
975 3148 1186 3235 έσβεβληκό·
1244 3161 1246 3165 '

173 3270 229 3329 τα,
250 3242 361 3329 πάγχυ
378 3242 484 3327 σφέας
503 3244 744 3323 καταδόξαντες
764 3242 849 3313 εἰναι
865 3251 999 3323 κλῶπας
1017 3247 1074 3313 καί
1090 3246 1185 3316 ἰέναι

173 3344 226 3411 ἐπὶ
239 3338 298 3418 τὰς
311 3354 473 3425 γυναῖκας
493 3338 678 3426 έξεβῶθεον
694 3344 860 3431 πανδημεί
870 3344 927 3414 καί
937 3347 1087 3413 ἔκτεινον
1097 3342 1186 3423 τούς
1202 3377 1206 3381 ·

173 3444 284 3517 Χίους.
319 3429 412 3505 οὗτοι
438 3438 501 3523 μέν
520 3466 586 3507 νυν
610 3442 782 3530 τοιαότησι
806 3439 1024 3528 περιέπιπτον
1046 3440 1185 3530 τύχησε,
