2500 3925
384 302 466 358 ΗΒ.
500 306 519 359 Ι.
554 305 654 363 CAP.
686 312 830 369 29-32.
1066 306 1108 372 15

98 458 180 546 τάτη
198 461 388 545 ἐπεγένετο·
410 463 592 549 γενομένης
607 461 672 551 γάρ
684 462 891 553 Ἀθηναίοισι
904 467 1009 555 μάχης
1021 466 1107 555 πρὸς

99 558 180 637 τούς
195 554 431 645 ἀστυγείτονας
454 563 493 629 έν
504 558 666 632 Ἐλευσῖνι
705 564 867 652 βωθήσας
903 570 959 635 καὶ
976 564 1106 654 τροπήν

98 657 243 745 ποιήσας
256 666 325 728 τῶν
338 668 507 747 πολεμίων
521 660 674 733 ἀπέθανε
683 666 853 754 κάλλιστα,
868 675 927 736 καί
933 694 993 754 μιν
1003 665 1106 753 Ἀθη·

103 770 191 823 ναῖοι
209 760 351 847 δημοσίη
367 785 404 826 τε
419 764 554 841 ἔθαψαν
568 759 692 849 αὐτοῦ,
714 768 821 853 τήπερ
840 771 953 852 ἔπεσε,
970 769 1026 834 καί
1040 769 1105 833 ἐτί-

98 873 212 941 μησαν
230 855 391 942 μεγάλως.
421 855 481 937 Ὡς
504 858 540 928 δέ
562 858 603 929 τά
626 859 711 929 κατά
730 860 792 929 τόν
808 866 934 933 Τέλλον
947 866 1106 951 προετρέ-
1114 882 1147 937 31

99 967 185 1033 ψατο
211 950 229 1021 ὁ
245 955 370 1025 Σόλων
389 954 451 1026 τόν
465 966 615 1043 Κροίσου
636 970 732 1040 είπας
750 964 859 1031 πολλά
877 964 982 1031 τεκαὶ
996 961 1104 1050 ὄλβια,

99 1055 274 1145 ἐπειρώτα,
287 1063 364 1126 τίνοι
373 1054 536 1146 δεύτερον
543 1055 611 1146 μετ’
622 1060 752 1129 ἐκείνου
765 1064 841 1148 ίδοι,
855 1064 982 1132 δοκέων
995 1064 1105 1154 πάγχυ

96 1155 277 1244 δευτερήια
301 1162 374 1244 γοΞν
400 1169 561 1229 οἴσεσθαι.
609 1156 690 1229 ὁδέ
712 1158 799 1229 εἶπε·
823 1164 967 1251 Κλέοβίν
990 1167 1105 1234 τεκαὶ

100 1260 239 1323 Βίτωνα.
279 1254 428 1325 τούτοισι
449 1256 515 1342 γάρ
538 1258 634 1325 ἐοῦσι
657 1259 755 1343 γένος
773 1253 950 1343 Ἀργείοισι
975 1263 1048 1345 βίος
1068 1280 1105 1323 τε

96 1351 231 1447 ἀρκέων
258 1349 350 1439 ὑπῆν
373 1356 429 1422 καὶ
454 1351 540 1441 πρὸς
558 1354 668 1445 τούτῳ
687 1354 782 1444 δάμη
801 1354 953 1442 σώματος
974 1355 1102 1442 τοιήδε·

96 1449 310 1537 ἀεθλοφόροι
323 1476 360 1518 τε
380 1449 566 1539 ἀμφότεροι
587 1451 710 1539 ὁμοίως
726 1447 830 1540 ἦσαν,
853 1456 910 1521 καὶ
924 1452 965 1541 δή
978 1456 1035 1523 καί
1048 1454 1104 1522 λέ-

96 1564 191 1637 γεται
214 1548 272 1617 όδε
293 1548 311 1619 ὁ
329 1549 445 1636 λόγος·
475 1552 596 1639 ἐούσης
610 1550 709 1640 ὁρτῆς
724 1559 766 1641 τῇ
777 1550 866 1640 Ἥρη
878 1566 965 1622 τοῖσι
977 1550 1102 1639 Ἀργεί-
1222 1603 1225 1613 .

98 1671 165 1719 οισι
186 1654 260 1719 έδεέ
275 1649 409 1730 πάντως
423 1648 488 1739 τήν
504 1655 631 1740 μητέρα
644 1649 757 1721 αὐτόν
772 1652 882 1740 ζεύγει
901 1660 1104 1740 κομισθῆναι

97 1758 130 1832 ἐς
146 1749 185 1821 τό
203 1749 291 1838 ίρόν,
307 1756 341 1819 οί
353 1746 393 1821 δέ
404 1772 466 1839 σφι
480 1753 558 1840 βόες
575 1758 612 1821 ἐκ
628 1761 690 1822 τοῦ
706 1752 815 1843 ἀγροῦ
829 1753 872 1823 ού
882 1759 1103 1840 παρεγίνοντο

97 1860 134 1925 ἐν
153 1852 242 1942 ὥρη·
271 1853 504 1941 ἐκκληιόμενοι
524 1852 561 1922 δὲ
581 1860 622 1943 τῇ
637 1852 708 1943 ύρη
723 1859 758 1923 οί
770 1860 901 1941 νεηνίαι
917 1851 1104 1931 ὑποδύντες

98 1952 195 2025 αὐτοὶ
222 1948 289 2021 ὑπό
318 1949 382 2040 τήν
407 1952 548 2041 ζεύγλην
573 1948 686 2023 εἷλκον
710 1950 772 2040 τήν
796 1951 943 2041 ἀμαξαυ,
970 1953 1024 2019 ἐπὶ
1046 1956 1105 2036 τῆς

101 2054 225 2144 ἀμάξης
247 2055 288 2120 δέ
305 2072 366 2139 σφι
388 2049 503 2140 ὠχέετο
520 2051 541 2142 ή
563 2054 684 2142 μήτηρ,
712 2058 868 2132 σταδίους
887 2052 925 2121 δὲ
937 2055 1036 2121 πέντε
1049 2055 1104 2120 καί

98 2151 343 2236 τεσσεράκοντα
358 2156 609 2238 διακομίσαντες
624 2151 783 2222 ἀπίκοντο
798 2156 831 2232 ἐς
845 2149 883 2220 τό
893 2151 978 2238 ίρόυ.
1000 2158 1104 2220 ταῦτα

97 2256 139 2322 δέ
145 2274 209 2338 σφι
218 2248 378 2338 ποιήσασι
388 2253 444 2318 καὶ
455 2248 592 2336 ὀφθεῖσι
603 2249 670 2318 ὑπὸ
683 2259 740 2339 τῆς
750 2250 958 2338 πανηγύριος
967 2247 1103 2335 τελευτή

98 2359 160 2436 τού
185 2356 264 2438 βίου
290 2346 408 2435 ἀρίστη
432 2350 623 2436 ἐπεγένετο,
650 2353 776 2430 διέδεξέ
799 2375 835 2417 τε
856 2353 895 2417 έν
914 2348 1063 2441 τούτοισι
1085 2345 1103 2415 ὁ

97 2446 197 2536 θεὸς,
225 2445 270 2527 ὡς
296 2443 436 2534 ἀμεινον
465 2456 514 2535 είη
543 2445 716 2540 ἀνθρώπῳ
741 2447 905 2518 τεθνάναι
929 2456 1059 2534 μᾶλλον
1081 2441 1104 2534 ή

100 2548 207 2632 ζάειν.
245 2545 388 2634 Ἀργείοι
409 2546 471 2634 μὲν
492 2543 558 2634 γάρ
582 2547 798 2633 περιστάντες
817 2546 1016 2634 ἐμακάριζον
1035 2551 1105 2613 τῶν

99 2647 263 2733 νεηνιέων
276 2641 338 2732 τήν
354 2644 487 2732 ῥύμην,
510 2650 547 2714 αί
560 2645 597 2714 δέ
607 2643 752 2732 Ἀργεῖαι
765 2643 828 2734 τήν
842 2647 967 2732 μητέρα
980 2642 1104 2729 αὐτῶν,

99 2751 183 2814 οἵων
203 2746 331 2812 τέκνων
351 2745 501 2832 ἐκύρησε.
533 2743 555 2832 ἡ
572 2745 608 2814 δὲ
622 2746 732 2835 μήτηρ
747 2742 926 2833 περιχαρής
942 2748 1045 2812 εὀύσα
1058 2749 1105 2833 τῷ

98 2871 133 2912 τε
154 2849 242 2933 ἔργω
263 2843 320 2910 καί
341 2850 381 2931 πή
403 2845 499 2932 φήμη
519 2850 623 2912 στᾶσα
638 2841 755 2913 ἀντίον
768 2850 830 2911 τού
845 2840 1033 2928 ἀγάλματος
1047 2839 1105 2908 εύ-

98 2966 190 3028 χετο,
214 2938 341 3026 Κλεόβι
362 2967 398 3007 τε
421 2943 476 3008 καὶ
491 2947 615 3010 Βίτωνι
635 2955 722 3010 τοῖσι
742 2943 867 3027 ἑωυτῆς
886 2944 1048 3026 τέκνοισι,
1072 2941 1108 3006 οἵ

98 3148 212 3222 τυχεῖν
222 3133 365 3221 ἀρεστόν
375 3137 453 3205 ἐστι.
479 3134 563 3224 μετὰ
578 3137 705 3224 ταύτην
719 3136 757 3205 δέ
772 3134 834 3224 τήν
850 3134 951 3224 εὐχήν
966 3132 1011 3216 ἀς
1022 3143 1107 3206 ἐθν-

98 3233 164 3302 σάν
183 3235 289 3300 τεκαὶ
306 3230 545 3324 εὐωχήθησαν,
572 3238 875 3323 κατακοιμηθέντες
896 3237 934 3303 ἐν
954 3232 1046 3326 αύτῷ
1060 3242 1106 3324 τῷ

98 3339 160 3426 ίρῷ
181 3336 217 3401 οί
236 3339 367 3420 νεηνίαι
388 3332 500 3404 ούκέτι
516 3332 721 3423 ἀνέστησαν,
744 3331 812 3404 ἀλλ’
835 3337 872 3402 ἐν
891 3336 978 3403 τέλελ
998 3331 1107 3423 τούτῳ

101 3442 247 3522 ἔσχοντο.
283 3431 424 3522 ’Δργείοι
443 3440 485 3506 δέ
501 3458 616 3526 σφεων
636 3437 770 3514 εἰκόνας
788 3434 1008 3522 ποιησάμενοι
1027 3430 1108 3500 ἀνέ-

103 3541 209 3600 θεσαν
222 3534 257 3612 ἐς
267 3531 425 3620 Δελφούς
430 3531 484 3614 ρἀς
497 3532 634 3618 ἀνδρῶν
647 3533 794 3617 ἀρίστων
808 3532 1009 3616 γενομένων.
1035 3527 1106 3595 Σό-
1117 3529 1151 3580 3²
