2500 3925
343 232 428 286 LIB.
459 230 504 287 ΙΙΙ.
538 228 637 285 ΟΑΡ.
671 230 805 288 64-—6'1-
1011 218 1072 281 247

93 392 192 455 οἰκίον
209 388 266 453 καί
286 382 303 453 ὁ
326 387 458 451 ἐκείνου
478 380 640 470 ἀδελφεός
659 383 813 468 Σμέρδις.
848 377 907 447 τὸν
928 382 989 465 μέν
1010 404 1075 447 νυν

93 482 214 570 μάλιστα
227 490 313 569 χρῆν
326 485 406 569 ίμεῦ
421 478 538 568 αίσχρά
553 504 638 567 προς
652 486 720 548 τόν
733 478 851 565 μάγων
865 477 1074 555 πεπονθότος

93 581 246 665 τιμωρέειν
267 582 355 666 ἐμοὶ,
384 572 483 658 οὗτος
504 578 566 665 μὲν
592 574 717 667 ἀνοσίιμ
743 574 837 665 μόρῳ
863 574 1073 659 τετελεύτηκε

91 674 144 743 ι’πό
157 684 220 743 τόν
234 679 364 744 ἑωυτοῦ
378 674 615 761 οἰκηιοτάτων·
640 674 763 741 τούτου
773 676 809 741 δὲ
821 674 936 759 μηκέτι
951 670 1073 754 ἐόντος,

89 774 211 860 δεύτερα
223 780 294 842 τεόν
309 779 438 841 λοιπῶν
452 770 544 858 ύμῖν,
563 763 591 839 ὦ
604 774 744 857 Πέρσαι,
759 776 888 856 γίνεταί
898 794 955 856 μοι
969 766 1075 854 ἀναγ-

89 870 248 939 καιότατον
263 872 477 939 ἐντέλλεσθαι
492 868 532 938 τά
539 868 649 938 ἐθέλω
658 895 715 955 μοι
722 868 883 954 γενέσθαι
891 863 1075 933 τελευτέων

88 968 136 1035 τόν
147 976 236 1056 βίον·
258 974 316 1037 καὶ
329 965 370 1055 δή
383 964 464 1055 ύμλν
473 968 554 1036 τάδε
566 965 756 1053 ἐπισκήπτω
768 961 873 1043 θεούς
885 960 964 1041 τοῦς
977 970 1074 1048 βασι-

86 1072 185 1151 ληίους
206 1066 410 1151 ἐπικαλέων,
438 1067 493 1131 καλ
513 1071 618 1132 πᾶσιν
633 1061 713 1148 ὑμῖν
734 1064 789 1131 καὶ
808 1060 949 1147 μάλιστα
965 1056 1074 1143 Ἀχαι-

84 1166 233 1248 μενιδέων
253 1176 341 1230 τοῖσι
360 1168 540 1249 παρεοῦσι,
562 1159 607 1247 μή
628 1162 790 1247 περιιδεῖν
812 1156 873 1245 τήν
892 1154 1074 1243 ἡγεμονίην

85 1255 166 1338 τύτις
179 1264 213 1339 ἐς
228 1260 372 1346 Μήδους
392 1265 658 1347 περιελθοῦσαν,
683 1254 757 1325 ἀλλ’
775 1266 839 1325 είτε
859 1254 947 1343 δόλρι
961 1257 1073 1337 έχουσι

85 1356 178 1443 ιότήν
190 1356 412 1443 κτησόμενοι,
435 1357 523 1447 δόλῳ
537 1354 763 1443 ἀπαιρεθῆναι
778 1351 843 1421 ἀπ’
859 1350 987 1440 ὑμέων,
1009 1356 1073 1417 είτε

84 1457 129 1522 καί
140 1456 260 1523 σθένεΐ
272 1480 335 1545 τεμ
348 1453 650 1541 κατεργασάμενοι,
672 1454 790 1521 σθένει
801 1446 884 1519 ιιατά
905 1443 941 1515 τό
955 1468 1073 1527 καρτε-

84 1551 137 1638 ρόν
155 1551 409 1621 ἀνασώσασθαι.
443 1554 498 1619 καλ
519 1550 702 1637 ταῦταμὲν
721 1554 853 1617 ποιεῦσι
874 1541 954 1631 ύμῖν
974 1546 1016 1627 γῆ
1038 1562 1073 1605 τε

82 1649 201 1736 καρπόν
221 1652 361 1737 ἐκφέροι
380 1652 437 1718 καὶ
454 1650 610 1735 γυναῖκές
629 1673 664 1716 τε
684 1649 739 1715 καί
764 1658 901 1729 πολμναι
919 1645 1072 1717 τίκτοιεν,

82 1751 163 1815 ἐοῦσι
180 1750 214 1827 ές
234 1744 299 1816 τόν
319 1745 451 1815 ἅπαντα
475 1746 600 1833 χρόνον
622 1746 846 1829 ἐλευθέροισι·
875 1734 920 1824 μή
941 1732 1073 1801 ἀνασω-

83 1846 245 1929 σαμένοισι
261 1844 299 1912 δὲ
309 1842 371 1930 τήν
381 1841 488 1930 ἀρχήν
502 1841 580 1930 μηδ’
600 1838 824 1927 ἐπιχειρήσασι
839 1831 1021 1911 ἀνασώζειν
1034 1823 1072 1894 τά

82 1945 204 2010 ἐναντία
222 1942 376 2010 τούτοισι
394 1938 535 2028 ἀρέομαι
556 1936 637 2025 ῦμλν
660 1939 836 2024 γενέσθαι,
858 1931 913 1999 καὶ
927 1923 1012 2014 πρόλ·
1026 1928 1074 1992 ἕῑέ

81 2040 219 2108 τούτοισι·
243 2038 283 2107 τό
310 2043 402 2118 τέλος
425 2041 585 2122 Περσέων
610 2035 736 2125 έκάστρι
761 2029 972 2117 ἐπιγενέσθαι
1000 2015 1073 2089 οἷον

80 2140 142 2222 ἐμοὶ
155 2141 340 2224 ἐπιγέγονε.
376 2137 462 2222 ’Ἀμίι
478 2163 514 2203 τε
534 2145 628 2213 ελπας
641 2140 744 2201 ταῦτα
759 2127 778 2198 ὁ
793 2123 976 2214 Καμβύσης
995 2117 1074 2185 ἆσέ*

81 2244 163 2302 κλαιε
175 2244 293 2305 πᾶσαν
306 2234 369 2322 τήν
383 2238 512 2302 ἐωντοῦ
526 2236 656 2320 πρῆξιν.
688 2231 816 2314 Πέρσαι
830 2219 861 2292 δ’
880 2217 924 2298 ὦς
937 2215 997 2285 τὰν
1010 2223 1070 2304 βα·
1082 2223 1116 2276 ⁶⁰

81 2335 162 2400 σιλέιι
176 2332 276 2407 εἶδον,
292 2329 568 2414 ἀνακλαύσαντα,
589 2326 712 2403 πάντες
732 2322 774 2391 τά
796 2346 830 2390 τε
847 2321 985 2402 ἐσθῆτος
1001 2310 1074 2397 ἐχό-

82 2459 154 2516 μενα
174 2430 284 2518 εἶχον,
308 2436 412 2498 ταῦτα
433 2435 685 2515 κατηρείκοντο,
708 2424 762 2490 καλ
782 2422 907 2504 οἰμωγῇ
929 2409 1073 2499 ἀφθόνῳ

81 2527 270 2615 διεγρέοντο.
293 2525 375 2613 μετά
390 2527 563 2608 δὲταῦτα,
585 2519 630 2600 ὡς
649 2517 846 2604 ἐσφακέλισέ
856 2538 891 2581 τε
905 2508 941 2580 τό
957 2505 1073 2578 ὀστέον

82 2626 127 2692 καί
149 2623 167 2693 ὁ
192 2621 301 2711 μηρός
322 2622 457 2707 τάχιστα
480 2620 604 2706 έσάπη,
633 2615 791 2703 ἀπήνεικε
808 2607 994 2696 Καμβύσην
1014 2600 1073 2670 τόν

82 2722 205 2806 Κύρου,
227 2714 475 2806 βασιλεύσαντα
494 2715 556 2800 μέν
569 2711 610 2781 τά
625 2713 735 2780 πάντα
755 2704 835 2776 ἑπτά
851 2710 923 2772 ἔτεα
940 2703 994 2769 ιιαλ
1009 2705 1073 2783 μή·

82 2843 133 2894 νας
151 2819 271 2901 πέντε,
293 2813 419 2883 ἀπαιδα
442 2813 478 2882 δέ
503 2809 540 2879 τό
566 2809 726 2898 παράπαν
747 2804 843 2872 ἐόντα
865 2807 998 2882 ἔρσενος
1020 2794 1073 2860 καὶ

82 2914 194 3001 θήλεος
226 2912 343 3000 γόνου.
388 2913 547 2996 Περσέων
578 2905 614 2972 δέ
639 2918 723 2973 τοῖσι
754 2903 915 2998 παρεοῦσι
940 2890 1071 2970 ἀπιστίη

83 3009 177 3098 πολλή
192 3007 375 3094 ὑπεκέχυτο
391 3003 470 3084 τοῦς
483 3003 612 3089 μύγους
629 3007 715 3086 ἔχειν
734 2995 770 3065 τά
784 2994 975 3082 πρήγματα,
997 2981 1070 3052 ἀλλ’

84 3103 249 3193 ἠπιστέατο
273 3107 327 3173 έπλ
353 3108 492 3191 διαβολῇ
517 3094 621 3166 εἰπεῖν
642 3094 830 3182 Καμβύσην
848 3087 887 3157 τά
909 3085 978 3152 είπε
998 3081 1072 3196 περδ

85 3212 135 3271 τοῦ
157 3205 326 3292 Σμέρδιος
350 3199 521 3282 θανάτου,
554 3200 611 3264 ἵνα
639 3199 672 3262 οί
695 3191 910 3274 ἐκπολεμωθῇ
940 3186 1008 3247 πᾶν
1035 3201 1071 3243 w

85 3298 252 3384 Περσικόν.
299 3291 403 3366 Οὗτοι
417 3297 481 3382 μέν
495 3319 561 3360 νυν
576 3288 749 3377 ήπιστέατο
765 3285 911 3368 Σμέρδιν
924 3274 983 3344 τόν
1000 3273 1069 3342 Κύ-
1080 3287 1113 3340 67

85 3421 140 3477 ρου
158 3397 298 3482 βασιλέα
317 3394 513 3461 ἐνεστεῶτα·
536 3394 655 3464 δεινοῖς
674 3382 738 3470 γὰρ
760 3380 813 3446 καὶ
834 3375 852 3442 ὁ
874 3373 1072 3460 Πρηξάσπης
