2500 3925
151 245 212 308 134
526 211 809 305 flssssooon‘

150 414 246 494 θείης
260 403 377 496 ἀνήκει
392 413 508 492 τοῦτο,
526 404 546 473 ό
559 431 591 473 τι
606 404 648 494 δή
662 409 740 474 κοτέ
753 408 821 474 ἐστι
835 403 872 474 τὸ
889 406 1163 495 ἐπιφαινόμενόν

150 532 201 576 τοι
222 508 259 574 ἐν
277 512 323 597 τῷ
340 505 455 597 ὕπνφ,
479 503 563 573 ὥστε
584 504 673 584 δόξει
695 502 750 589 έμδ
766 499 857 591 ὁρῶν
877 505 914 573 σε
935 504 1037 594 εἶναι,
1058 515 1102 598 τῇ
1119 517 1164 598 σῇ

150 610 266 693 ἐσθῆτι
276 604 549 693 τεκμαιρόμενον.
563 607 593 670 εί
602 604 640 670 δέ
647 603 703 687 ἐμὲ
713 602 775 686 μὲν
782 603 819 668 ἐν
830 598 944 673 οόδενί
954 603 1045 698 λόγφ
1055 605 1164 692 ποιή-

149 726 240 774 σεται
255 701 334 774 οὐδὲ
345 701 478 785 ἀξιώσει
493 704 707 786 ἐπιφανῆναι,
720 697 797 767 οὔτε
807 696 852 786 ἢν
862 697 926 790 τήν
936 699 1019 790 ἐμήν
1030 704 1163 791 ἐσθῆτα

150 808 213 889 έχω
227 801 306 871 οὔτε
321 799 366 891 ήν
379 799 442 890 τήν
457 799 537 889 σήν,
551 800 589 868 σε
606 800 643 867 δὲ
658 798 882 887 ἐπιφοιτήσει,
896 807 995 868 τοῦτο
1010 799 1076 889 ήδη
1092 829 1163 888 μα-

152 899 276 986 θητέον
290 901 362 968 ἐστί
367 925 373 938 ·
397 905 427 968 εί
437 895 503 987 γάρ
519 895 561 986 δή
576 896 802 984 ἐπιφοιτήσειέ
810 923 848 984 γε
859 901 1033 985 συνεχέως,
1051 905 1164 988 φαίην

151 993 196 1066 ἀν
210 999 265 1065 καί
281 994 383 1076 αὐτὸς
398 1008 497 1067 θετον
514 996 608 1066 εἶναι.
640 1003 670 1065 εί
682 997 721 1064 δέ
740 1021 792 1065 τοι
809 995 898 1066 οὕτω
913 998 1092 1088 δεδόκηται
1105 1007 1164 1086 γί-

151 1096 338 1164 νεσθαικαλ
347 1093 412 1162 οόκ
421 1089 477 1162 οἷά
486 1119 522 1162 τε
531 1091 614 1162 αάτδ
623 1097 843 1183 παρατρέψαι,
851 1091 919 1162 ἀλλ’
930 1099 961 1162 εί
974 1094 1015 1184 δή
1034 1101 1092 1165 δεῖ
1103 1097 1165 1182 ἐμὲ

152 1197 190 1261 ἐν
204 1198 298 1281 κοίτη
313 1199 354 1281 τῇ
370 1199 413 1282 σή
426 1199 658 1279 κατυπνῶσαι,
674 1193 773 1280 φέρε,
795 1191 926 1261 τούτων
941 1195 973 1274 έξ
989 1197 1067 1282 ἐμεῦ
1085 1196 1165 1262 ἐπι·
1240 1174 1245 1287 Ι

152 1293 361 1380 τελεομένων
375 1294 514 1382 φανήτω
526 1296 582 1362 καὶ
597 1297 678 1379 ἐμοί.
708 1295 801 1381 μέχρι
817 1293 854 1360 δέ
872 1294 996 1362 τούτου
1009 1302 1050 1385 τῇ
1068 1321 1164 1382 παρ-
1238 1302 1245 1407 ή

109 1409 139 1466 1¹1
156 1392 258 1482 εοόση
272 1419 390 1482 γνομη
399 1393 572 1481 χρήσομαι.
599 1398 753 1460 Τοσαῦτα
768 1401 862 1470 είπας
874 1389 1087 1480 Ἀρτάβανος,
1106 1396 1165 1462 ε’λ-

153 1496 257 1573 πίζων
278 1493 407 1579 Ξέρξην
421 1489 596 1572 ἀποδέξειν
615 1493 755 1577 λέγοντα
776 1487 893 1578 οὐδὲν,
916 1493 1024 1559 ἐποίεε
1043 1487 1083 1558 τό
1103 1517 1165 1558 κε-

154 1591 355 1678 λευόμενον·
378 1587 477 1670 ένδάς
491 1593 527 1658 δέ
541 1588 603 1677 τήν
616 1591 744 1677 Ξέρξεω
756 1590 880 1676 ἐσθῆτα
891 1589 946 1657 καί
962 1586 1113 1675 ἱζόμενος
1129 1592 1165 1666 ἐς

154 1688 214 1758 τὸν
234 1686 411 1779 βασιλήιον
429 1687 562 1776 θρόνον
584 1685 630 1767 ὡς
647 1685 729 1774 μετά
744 1691 848 1754 ταῦτα
869 1697 982 1754 κοίτον
1000 1687 1163 1771 ἐποιέετο,

153 1781 242 1876 ήλθέ
250 1792 285 1858 οί
293 1788 541 1879 κατυπνωμένῳ
550 1783 659 1854 τάυτδ
672 1776 816 1873 ὄνειρον,
827 1780 864 1851 τὸ
874 1784 929 1852 καλ
939 1779 1165 1871 παράἷίέρξην

155 1890 287 1977 ἐφοίτα,
305 1886 477 1979 ὑπερστὰν
495 1889 532 1957 δέ
546 1894 608 1956 τοῦ
621 1884 824 1976 Ἀρταβάνου
840 1883 909 1953 είπε
925 1883 1018 1954 τάδε·
1046 1881 1104 1952 Σι)
1119 1880 1162 1969 δή

155 1991 281 2067 ἐκεῖνος
295 1986 341 2068 εἷς
363 1987 381 2057 ὁ
397 1985 623 2057 ἀποσπεύδων
636 1988 762 2073 Ξέρξην
773 1984 1014 2073 στρατεύεσθαι
1029 1985 1082 2052 ἐπὶ
1097 1979 1163 2069 τήν

148 2086 290 2157 Ἑλλάδα
311 2085 356 2166 ὥς
376 2085 417 2175 δή
439 2086 624 2175 κηδόμενος
639 2083 760 2167 αὐτοῦς
787 2082 861 2154 ἀλλ’
879 2082 956 2153 οὔτε
975 2085 1008 2163 ἐς
1027 2080 1065 2151 τὸ
1081 2107 1164 2169 μετ-

155 2190 284 2255 έπειτεν
299 2184 376 2254 οὔτε
391 2188 425 2265 ές
434 2182 473 2253 τὸ
488 2190 677 2270 παραυτίκα
692 2190 758 2252 νῦν
768 2184 1000 2271 καταπροΐξεαι
1011 2177 1164 2267 ἀποτρά-

154 2309 230 2353 πωυ
243 2282 281 2352 τό
295 2282 404 2373 χρεόν
413 2282 718 2371 γενέσθαι,Ξέρξην
735 2285 772 2353 δὲ
784 2281 825 2352 τά
840 2286 896 2351 δεί
914 2279 1164 2370 ἀνηκουστέον-

108 2400 143 2455 18
155 2411 196 2453 τα
206 2393 342 2471 παθεῖν,
360 2381 450 2473 αὐτῷ
464 2384 581 2473 ἐκείνφ
595 2382 786 2469 δεδήλωται.
819 2380 932 2449 Ταῦτά
945 2405 981 2449 τε
995 2376 1036 2467 δή
1048 2378 1163 2447 ἐδόκεε

153 2482 353 2571 Ἀρτάβανος
366 2478 404 2549 τὸ
420 2478 555 2568 ὄνειρον
569 2480 735 2549 ἀπειλέειν
748 2482 804 2549 καί
813 2489 970 2568 θερμοίσι
981 2482 1163 2565 σιδηρίοισι

156 2584 302 2649 ἐκκαίειν
316 2577 422 2647 αὐτοῦ
438 2582 571 2666 μέλλειν
585 2574 665 2657 τούς
685 2574 894 2664 ὀφθαλμούς.
922 2578 978 2645 καὶ
992 2572 1030 2655 ὃς
1044 2572 1162 2663 ἀμβό-

155 2701 216 2760 σας
225 2682 308 2766 μέγα
315 2678 531 2765 ἀναθρώσκει
539 2683 595 2749 καὶ
603 2679 821 2767 παριζόμενος
827 2681 943 2768 ἓέρξη,
951 2675 996 2758 ὡς
1007 2676 1069 2767 τήν
1079 2676 1161 2761 ὄψιν

156 2784 190 2847 οί
201 2783 262 2845 τοῦ
277 2780 440 2846 ἐνυπνίου
455 2781 608 2865 διεξῆλθε
622 2775 860 2864 ἀπηγεόμενος,
875 2775 1016 2863 δεύτερά
1026 2779 1061 2845 οί
1072 2780 1163 2862 λέγει

155 2879 250 2949 τάδε·
269 2876 351 2965 'lvd
361 2879 433 2965 μέν,
451 2871 479 2945 ό
488 2884 639 2966 βασιλεῦ,
653 2872 707 2945 οἷα
718 2875 900 2964 ἀνθρωπος
909 2872 993 2945 ίδοὶν
1002 2872 1067 2964 ’ήδη
1077 2882 1163 2944 πολ-

156 2980 199 3049 λά
212 3005 248 3048 τε
262 2982 316 3048 καλ
330 2978 458 3066 μεγάλα
472 2978 617 3046 πεσόντα
634 2976 810 3065 πρήγματα
825 2970 889 3043 ἀπ’
907 2973 1073 3061 ε’σσόνων,
1098 2970 1162 3042 οὐκ

155 3084 222 3147 ἔων
236 3099 273 3147 σε
288 3075 328 3146 τά
343 3076 453 3145 πάντα
467 3083 507 3166 τῇ
520 3073 632 3166 ἡλικίη
649 3067 767 3164 είκειν,
785 3075 1017 3163 ἐπιστάμενος,
1040 3072 1084 3154 ὡς
1099 3102 1162 3143 κα-

155 3175 219 3246 κδν
234 3186 285 3264 είη
300 3174 337 3245 τὸ
352 3183 487 3248 πολλῶν
504 3178 717 3265 ἐπιθυμέειν,
732 3179 942 3265 μεμνημένος
955 3180 1018 3265 μέν
1031 3174 1093 3245 τόν
1108 3178 1162 3245 έπλ

161 3278 378 3359 Μασσαγέτας
392 3275 513 3360 Κόρου
529 3274 651 3345 στόλον
674 3272 719 3356 ὡς
740 3280 875 3364 ἔπρηξε,
897 3279 1108 3366 μεμνημένος
1124 3278 1161 3345 δὲ

156 3366 285 3438 καὶτὸν
299 3368 351 3437 ἐπ’
368 3377 537 3450 Αἰθίοπας
550 3370 612 3440 τδν
624 3373 831 3463 Καμβύσεω,
851 3373 1162 3463 συστρατευόμενος

157 3471 194 3533 δέ
207 3469 262 3533 καί
273 3473 407 3558 Δαρείῳ
425 3471 478 3537 ἐπὶ
489 3472 640 3552 Σκόθας,
663 3473 880 3562 ἐπιστάμενος
892 3465 941 3543 ἀν
951 3480 1055 3543 ταῦτα
1068 3474 1163 3563 γνά-
