2500 3925
362 247 449 304 ιιε.
481 247 527 305 w.
562 246 661 304 σεε.
694 252 819 308 ο-ιι.
1051 250 1095 318 ορ

85 403 173 494 ζόνι,
185 407 399 497 παρεχομένῳ
409 407 488 483 νέας
499 417 598 492 τρεῖς,
614 406 849 493 ἐπιτρέψαντες
858 406 961 498 ἡμέας
971 411 1095 496 αὐτοὺς

85 512 218 592 ἔχομεν·
235 501 259 572 ό
277 507 313 574 δέ
328 501 534 593 παραλαβῶν
547 501 651 591 ἡμέας
664 514 862 592 λυμαίνεται
872 512 996 602 λάμησι
1010 513 1091 604 άνη-

84 607 246 700 κέστοισι,
268 609 324 674 καί
346 604 387 694 δὴ
404 606 522 675 πολλοὶ
536 606 599 692 μέν
615 602 729 694 ἡμέων
749 609 782 686 ές
797 609 943 692 νούσους
962 615 1096 683 πεπτῶ-

84 724 178 788 κασι,
212 702 332 770 πολλοὶ
368 699 407 769 δέ
443 701 589 779 ἐπίδοξοι
623 696 732 770 τῶυτό
767 710 865 774 τοῦτο
901 715 1094 780 πείσεσθαι·
1192 742 1194 745 ·

83 801 150 887 πρό
171 828 207 868 τε
226 801 358 868 τούτων
379 805 448 868 τῶν
467 805 583 866 κακῶν
601 795 683 884 ἡμῖν
701 825 743 884 γε
759 803 902 888 κρέσσον
922 811 976 876 καὶ
992 805 1094 877 ὁτιῶν

84 899 166 969 ἄλλο
180 910 307 968 παθεῖν
322 901 405 986 ἐστι,
420 901 475 966 καλ
489 894 551 983 την
565 901 755 984 μέλλουσαν
776 905 938 990 δουληίην
952 903 1094 992 ὑπομεί-

83 1025 157 1087 ναι,
171 997 195 1085 ἥ
207 1024 257 1077 τις
271 1004 378 1086 ἔσται,
393 1004 523 1084 μᾶλλον
535 991 557 1082 ἢ
568 1001 608 1084 τῇ
619 997 793 1086 παρεούσῃ
804 1002 1015 1087 συνέχεσθαι.
1032 1005 1095 1089 φέ-

83 1125 175 1184 ρετε,
190 1103 253 1165 τοῦ
269 1101 391 1165 λοιποῦ
406 1093 449 1182 μη
467 1095 670 1180 πειθόμεθα
686 1092 799 1163 αὐτοῦ.
837 1105 950 1167 Ταῦτα
966 1104 1092 1187 ἔλεξαν,

81 1198 137 1266 καί
152 1194 235 1283 μετά
248 1201 352 1263 ταῦτα
368 1191 487 1261 αὐτίκα
497 1200 681 1261 πείθεσθαι
694 1191 805 1272 οὐδεὶς
817 1193 931 1283 ἤθελε,
947 1192 1022 1265 ἄλλ’
1039 1191 1093 1264 οἷα

82 1292 217 1382 στρατιὴ
237 1294 363 1381 σκηνάς
373 1319 409 1360 τε
420 1291 604 1378 πηξάμενοι
614 1293 653 1358 έν
663 1297 704 1378 τῇ
714 1289 806 1382 νήσω
816 1295 1093 1383 ἐσκιητροφέοντο

2 1439 7 1444 -
82 1396 138 1461 καὶ
152 1396 321 1481 ἐσβαίνειν
335 1387 398 1459 οὐκ
413 1393 595 1458 ἐθέλεσκον
606 1391 640 1469 ἐς
652 1386 712 1468 τὰς
724 1392 803 1468 νέας
819 1389 892 1459 οὐδ’
909 1393 1093 1481 ἀναπειρᾶ-

83 1506 174 1564 σθαι.
217 1492 403 1571 Μαθόντες
419 1494 457 1559 δὲ
476 1497 581 1559 ταῦτα
601 1489 765 1576 γινόμενα
780 1492 817 1558 ἐκ
830 1499 900 1560 τῶν
917 1491 1040 1563 Ἰῶνων
1061 1498 1096 1562 οί
1108 1505 1142 1561 13

81 1595 260 1681 στρατηγοί
280 1599 349 1659 τῶν
363 1596 520 1677 Σαμίων,
542 1593 694 1658 ἐνθαῦτα
714 1587 755 1675 δὴ
776 1587 856 1678 παρ’
872 1592 1016 1671 Αίάκεος
1032 1598 1094 1660 τοῦ

82 1694 304 1767 Συλοσῶντος
328 1691 478 1767 ἐκείνους
497 1683 578 1765 τούς
595 1686 762 1774 πρότερον
782 1693 908 1773 ἔπεμπε
921 1687 1051 1777 ’λόγους
1073 1688 1091 1759 ὁ

83 1788 211 1875 Αίάκης
226 1786 442 1857 κελευόντων.
453 1791 522 1853 τῶν
535 1787 714 1872 Περσέων,
729 1784 890 1872 δεόμενός
904 1808 1020 1875 σφεων
1037 1791 1092 1856 ἐκ·

81 1897 192 1958 λιπεῖν
203 1883 266 1973 την
276 1882 399 1952 Ἰῶνων
412 1889 614 1972 συμμαχίην,
628 1887 663 1951 οί
666 1881 792 1972 Σάμιοι
801 1874 852 1950 ῶν
862 1879 1015 1971 ὁρέοντες
1025 1883 1092 1972 ἅμα

83 1986 145 2075 μὲν
159 1988 284 2053 ἐοῦσαν
295 1980 432 2069 ἀταξίην
444 1979 573 2067 πολλὴν
584 1982 621 2049 έκ
631 1987 702 2048 τῶν
711 1977 836 2049 Ἰῶνων
847 1982 1002 2050 ἐδέκοντο
1014 1979 1094 2061 τούς

82 2086 222 2171 λόγους,
238 2082 306 2169 ἅμα
321 2084 357 2151 δέ
372 2082 591 2167 κατεφαίνετό
601 2090 663 2168 σφι
678 2080 763 2149 εἶναι
777 2078 928 2151 άόόνατα
941 2079 983 2151 τά
994 2090 1092 2172 βασι-

81 2190 156 2265 λέος
170 2184 347 2273 πρήγματα
364 2180 628 2269 ὑπερβαλέσθαι,
644 2176 684 2251 εὖ
697 2209 734 2251 τε
750 2183 975 2271 ἐπιστάμενοι,
993 2182 1048 2271 ῶς,
1064 2188 1094 2253 εί

81 2287 140 2354 καί
157 2284 195 2354 τὸ
214 2284 339 2374 παρεόν
358 2284 517 2353 ναυτικόν
534 2278 798 2373 ὑπερβαλοίατο,
824 2282 906 2353 ἄλλο
929 2305 990 2374 σφι
1008 2310 1096 2371 παρ-

83 2387 174 2455 έσται
187 2386 443 2473 πενταπλήσιον.
470 2384 657 2474 προφάσιος
672 2374 721 2453 ῶν
736 2385 984 2475 ἐπιλαβόμενοι,
1004 2389 1095 2456 ἐπεί·
1192 2409 1194 2413 ·

81 2513 118 2556 τε
140 2486 275 2575 τάχιστα
300 2484 393 2555 εἶδον
416 2486 495 2566 τούς
507 2485 630 2566 Ἴωνας
655 2481 880 2574 άρνεομένους
904 2484 990 2555 εἶναι
1012 2514 1096 2575 χρη-

82 2586 200 2675 στούς,
226 2590 263 2657 ἐν
288 2586 404 2674 κέρδει·
428 2590 600 2655 ἐποιεῦντο
625 2592 838 2677 περιποιῆσαι
859 2584 902 2654 τά
918 2613 955 2654 τε
978 2585 1033 2675 ἱρά
1054 2587 1095 2655 τά

80 2694 225 2781 σφέτερα
236 2689 343 2761 καὶτὰ
355 2696 434 2762 ίέια.
457 2690 525 2759 aaz
534 2692 679 2781 Αἰάκης,
695 2691 776 2779 παρ’
790 2690 869 2762 ότευ
878 2690 958 2772 τούς
967 2695 1091 2779 λόγους

80 2794 247 2878 ἐδέκοντο,
262 2804 338 2870 παῖς
350 2793 413 2879 μὲν
426 2785 472 2879 ἦν
482 2800 705 2872 Συλοσῶντος
718 2799 780 2861 τοῦ
790 2793 949 2880 Αίάκεος,
963 2793 1091 2876 τύραν-

79 2917 139 2971 νος
154 2892 190 2960 δέ
205 2888 270 2959 ἐῶν
281 2892 404 2979 Σάμου
415 2889 482 2960 ὑπό
494 2898 556 2959 τοῦ
570 2900 744 2980 Μιλησίου
756 2890 996 2980 Ἀρισταγόρεω
1006 2887 1090 2959 άπε-

79 2992 218 3078 στέρητο
233 2988 297 3077 τὴν
311 2988 417 3078 άρχὴν
437 2993 585 3079 κατάπερ
603 2997 638 3060 οί
646 2990 742 3060 ἄλλοι
757 2998 815 3079 τῆς
824 2988 950 3077 Ἰωνίης
963 2988 1090 3077 πάραν-

80 3113 145 3159 νοι.
171 3086 254 3155 Τότε
266 3081 315 3156 ῶν
326 3091 403 3157 ,ἐπεὶ
415 3093 587 3158 ἐπέπλωου
604 3094 640 3158 οί
648 3096 819 3176 Φοίνικες,
840 3093 875 3157 os
882 3085 996 3166 Ἴωνες
1009 3084 1091 3154 άντ-
1104 3107 1137 3162 14

79 3191 209 3272 ανῆγον
219 3186 274 3254 καὶ
286 3184 381 3255 αὐτοὶ
392 3184 452 3267 τάς
461 3190 540 3268 νέας
550 3190 717 3277 έπίκέρας.
733 3185 777 3267 ῶς
788 3188 825 3255 δὲ
835 3189 891 3255 καί
901 3184 1006 3273 άγχοῦ
1016 3187 1090 3274 ἐγέ-

79 3308 180 3352 νοντο
201 3288 256 3351 καλ
272 3288 476 3372 συνέμισγον
496 3284 687 3374 ἀλλήλοισι,
708 3283 746 3354 τό
764 3288 926 3354 ἐνθεῦτεν
941 3282 1005 3353 οόκ
1026 3288 1089 3371 έχοι

79 3380 244 3470 άτρειιέως
258 3384 468 3472 συγγράψαι,
487 3388 522 3456 οἵ
532 3410 621 3464 τινες
636 3393 706 3453 τῶν
715 3384 840 3454 Ἰῶνων
856 3387 1010 3473 ἐγένοντο
1026 3378 1089 3451 άν-

79 3488 157 3567 ῶρες
174 3482 270 3551 κακοὶ
286 3478 313 3633 {1}
330 3480 454 3570 άγαθοὶ
474 3486 515 3555 ἐν
532 3492 572 3575 τῇ
587 3490 755 3574 ναυμαχίη
775 3484 895 3572 ταύτῃ·
923 3480 1088 3635 {wil-ove

166 3593 267 3632 HEROD·
316 3617 323 3631 ε
