2500 3925
179 260 242 324 224
559 262 810 320 HERODOTI

179 452 210 492 τι
226 430 342 508 ἔλεγον
359 418 444 488 εἶναι
464 424 498 487 οί
515 420 720 487 κατάσκοποι
737 417 820 487 ὥστε
834 422 940 507 μηδὲν
955 416 1031 488 οἶόν
1045 445 1083 487 τε
1101 416 1181 485 εἶναι

178 520 231 592 ἐπ’
248 520 354 590 αὐτοῦ
369 517 566 604 έπιπλάειν,
587 518 670 605 μήτε
684 520 787 598 ξύλον
801 519 883 605 μήτε
903 524 971 587 τῶν
993 516 1060 586 ὅσα
1082 518 1181 597 ξύλου

177 626 245 690 ἐστὶ
265 619 488 708 ἐλαφρότερα,
509 616 594 687 ἀλλά
610 620 720 686 πάντα
734 624 820 705 σφέα
839 623 978 708 χωρέειν
992 622 1027 698 ές
1042 617 1180 707 βυσσόν.

175 718 213 788 τδ
231 722 269 786 δδ
283 717 375 805 ὕδωρ
395 723 495 785 τοῦτο
515 725 549 784 εί
567 725 632 803 σφί
642 720 718 785 Ιἐστι
732 716 885 804 ἀληθέως
905 715 980 789 οἷόν
994 747 1027 787 τι
1043 721 1181 805 λέγεται,

176 814 231 885 διά
248 822 346 883 τοῦτο
363 812 407 882 ἀν
422 813 506 900 εἷεν,
526 816 635 905 τούτῳ
650 812 689 881 τά
705 815 815 882 πάντα
834 816 1033 902 χρεόμενοι,
1056 814 1181 902 μακρό-

176 926 253 1005 βιοι.
276 914 340 984 ἀπὸ
354 922 411 1002 τῆς
421 914 547 1002 κρήνης
558 914 594 981 δὲ
605 912 912 1001 ἀπαλλασσομένων
923 913 1066 1001 ἀγαγεῖν
1081 917 1182 999 σφέας

176 1018 209 1093 ές
226 1012 455 1100 δεσμωτήριον
474 1010 627 1099 ἀνδρῶν,
650 1018 736 1080 ἔνθα
756 1010 836 1092 τούς
855 1014 984 1092 πάντας
1005 1016 1044 1081 ἐν
1066 1016 1183 1099 πέδησε
1228 998 1230 1059 ἶ

174 1113 332 1199 χρυσέῃσι
353 1114 518 1178 δεδέσθαι,
554 1116 623 1177 ἔστι
646 1111 682 1179 δὲ
700 1113 738 1178 ἐν
759 1113 908 1181 τούτοισι
929 1126 1016 1181 τοῖσι
1038 1118 1183 1188 Αἰθίοψι

175 1210 312 1278 πάντων
333 1206 352 1276 ὁ
367 1207 487 1294 χαλκός
501 1210 734 1279 σπανιώτατον
748 1215 803 1279 καί
814 1213 1023 1299 τιμιύτατσν.
1048 1211 1184 1299 θηησά-

175 1334 270 1397 μενοι
292 1308 329 1375 δέ
350 1312 404 1375 καί
428 1306 464 1374 τό
491 1310 718 1395 δεσμωτήριον
739 1310 929 1397 ἐθηήσαντο
951 1314 1007 1379 καί
1033 1308 1101 1397 τήν
1128 1314 1183 1376 τοῦ
1228 1284 1230 1395 ff

125 1425 160 1479 24
174 1409 272 1498 ἡλίου
287 1413 470 1495 λεγομένην
480 1410 654 1497 τράπεζαν.
684 1408 782 1487 Μετά
798 1410 835 1477 δὲ
849 1410 976 1497 ταύτην
990 1415 1184 1484 τελευταίας
1228 1404 1230 1477 λ

174 1508 362 1596 ἐθηήσαντο
377 1505 435 1585 τάς
454 1508 564 1594 θήκας
579 1506 708 1594 αὐτόν,
732 1516 770 1575 αἳ
781 1510 935 1595 λέγονται
956 1506 1184 1587 σκευάζεσθαι
1228 1484 1230 1529 ¹

173 1609 206 1687 ἕξ
227 1606 330 1675 ὑέλου
352 1606 465 1695 τρόπῳ
486 1610 619 1694 τοιῷδε·
643 1604 745 1673 ἐπεάν
768 1604 830 1673 τόν
845 1602 969 1691 νεκρόν
986 1602 1184 1691 ἰσχνήνωσι,
1229 1674 1230 1677 ¹

174 1714 238 1772 είτε
253 1702 293 1790 δή
310 1705 393 1772 κατά
410 1728 472 1789 περ
487 1704 666 1788 Αίγύττιοι
683 1713 747 1771 είτε
762 1702 870 1783 ἀλλως
887 1730 970 1790 κως,
995 1701 1184 1789 γυψώσαν-

172 1828 224 1879 τες
250 1801 381 1869 ἅπαντα
403 1799 508 1867 αὐτόν
527 1808 642 1889 γραφή
663 1806 861 1889 κοσμέουσι,
885 1804 1124 1887 ἐξομοιεῦντες
1149 1798 1183 1865 τὰ

173 1899 258 1979 εἶδος
272 1903 305 1978 ές
320 1898 356 1967 τδ
373 1896 537 1985 δυνατὸν,
560 1904 689 1967 ἔπειτεν
703 1902 744 1966 δέ
754 1902 789 1966 oc
799 1904 987 1986 περιιστᾶσι
1003 1898 1138 1986 στήλην
1155 1898 1184 1976 ἐξ

171 1997 273 2066 ὑέλου
287 1998 513 2082 πεποιημένην
528 2003 661 2081 κοίλην·
682 1994 703 2082 ἡ
719 1999 759 2064 δέ
769 2015 831 2082 σφι
844 1993 950 2081 πολλή
968 1999 1025 2063 καὶ
1042 1994 1186 2084 εὐεργὸς

172 2091 366 2177 ὀρύσσεται·
394 2095 431 2159 έν
452 2096 535 2178 μέση
555 2093 592 2158 δέ
614 2099 653 2179 τῇ
671 2094 774 2180 στήλη
795 2091 899 2160 ἐνεόν
926 2098 1150 2180 διαφαίνεται
1169 2089 1186 2156 ὁ
1227 2165 1228 2174 ¹

172 2190 270 2265 νέκυς
292 2188 370 2254 σύτε
393 2183 501 2271 ὀδμήν
524 2183 685 2272 οὐδεμίαν
706 2186 825 2274 ἄχαριν
846 2190 1078 2276 παρεχόμενος
1106 2189 1188 2257 οὔτε

171 2284 252 2354 ἀλλο
266 2283 373 2364 ἀεικὲς
387 2283 504 2369 οὐδὲν,
520 2287 575 2351 καί
590 2291 655 2371 ἔχει
671 2289 779 2354 πάντα
795 2291 927 2376 φανερά
943 2287 1073 2374 ὁμοίως
1091 2287 1188 2377 αύτῷ

170 2392 215 2474 τῷ
230 2389 333 2451 νέκυϊ.
365 2381 520 2450 ἐνιαυτόν
535 2386 597 2470 μὲν
618 2385 658 2471 δή
680 2394 791 2472 έχουσι
812 2385 874 2474 τήν
888 2389 1016 2475 στήλην
1039 2392 1079 2456 ἐν
1097 2405 1188 2457 τοῖσι

171 2487 301 2549 οἰκίοισι
314 2486 347 2548 οί
356 2481 496 2566 μάλιστα
509 2484 736 2570 προσήκοντες
748 2489 886 2555 πάντων
900 2513 936 2556 τε
947 2485 1189 2576 ἀπαρχόμενοι

169 2581 223 2645 καὶ
236 2583 359 2654 θυσίας
373 2583 407 2645 οί
418 2582 653 2669 προσάγοντες,
669 2584 751 2669 μετά
769 2589 805 2653 δὲ
820 2593 924 2655 ταῦτα
939 2591 1191 2673 ἐκκομίσαντες

122 2693 155 2746 25
170 2681 278 2744 ἱστᾶσι
302 2678 376 2757 περὶ
401 2674 462 2761 τὴν
485 2679 593 2745 πόλιν.
645 2684 858 2771 Θηησάμενοι
885 2689 921 2753 δὲ
945 2684 987 2754 τὰ
1011 2686 1133 2755 πάντα
1158 2692 1193 2754 οἶ

169 2773 372 2840 κατάσκοποι
399 2770 651 2844 ἀπαλλάσσοντο
683 2777 797 2850 ὀπίσω.
835 2782 1125 2870 ἀπαγγειλάντων
1154 2788 1193 2852 δὲ

168 2876 271 2937 ταῦτα
285 2868 414 2935 τούτων
435 2867 553 2938 αύτίκα
576 2871 594 2940 ὁ
614 2879 797 2965 Καμβύσης
818 2878 926 2968 ὀργήν
947 2886 1193 2972 ποιησάμενος

168 2968 379 3055 ἐστρατεύετο
397 2972 450 3036 έπλ
462 2969 540 3049 τούς
552 2979 735 3064 Αίθίοπας,
752 2979 829 3048 οὔτε
843 2983 1070 3072 παρασκευήν
1087 2994 1194 3055 σίτου
1223 3009 1224 3095 χ

169 3063 328 3149 οὐδεμίαν
347 3075 585 3153 παραγγείλας,
607 3069 685 3139 οὔτε
705 3075 810 3160 λόγον
830 3081 944 3166 ἑωυτῷ
966 3081 1054 3161 δούς
1081 3083 1140 3154 ότι
1157 3088 1194 3164 ἐς

167 3159 207 3275 τδρ
223 3167 340 3244 ἔσχατα
355 3168 415 3246 γῆς
435 3168 549 3247 ἔμελλε
564 3171 822 3253 στρατεύεσθαι·
843 3171 897 3243 οἷα
918 3178 956 3244 δὲ
974 3183 1139 3270 ἐμμανής
1153 3210 1196 3250 τε
1222 3203 1223 3287 χ

168 3256 233 3320 3⁰⁰²!
257 3259 312 3322 καὶ
343 3255 384 3322 θῦ
411 3260 595 3349 φρενήρης,
629 3265 673 3344 ὡς
701 3267 804 3354 ήκουε
834 3281 903 3340 τῶν
925 3273 1193 3368 Ἰχθυοφάγων,

167 3351 389 3469 ἐστρατεύετο,
401 3354 570 3443 Ἑλλήνων
583 3363 645 3446 μέν
657 3364 737 3444 τούς
747 3371 936 3456 παρεόντας
951 3371 1066 3444 αὐτοῦ
1082 3381 1197 3462 τάξας
1221 3419 1222 3481 ρ

145 3457 149 3464 “
167 3450 363 3532 νπομένειν,
385 3449 445 3519 τόύ
460 3454 496 3521 δὲ
516 3458 615 3538 πεζόν
632 3463 744 3546 πάντα,
758 3465 827 3547 ἅμα
842 3468 1021 3553 ἀγόμενος.
1067 3478 1196 3548 ἐπείτε
