2500 3925
161 212 204 276 60
541 213 792 270 HERODOT.

92 388 143 442 125
157 370 400 461 Ἀρισταγόρης.
429 369 605 440 Ἑκαταίου
618 373 682 455 μέν
691 396 758 438 νυν
772 377 832 437 τοῦ
841 368 1088 458 Ἡγησάνδρου,
1105 369 1174 440 ἄν·

161 468 240 556 δρός
250 478 442 558 λογοποιοῦ,
459 469 588 537 τούτων
599 472 662 554 μὲν
673 471 706 546 ἐς
718 465 898 554 οὐδετέρην
909 472 1060 539 στέλλειν
1068 475 1181 556 ἔφερε

162 567 330 656 ἡγνοόμη,
351 572 388 636 έν
403 575 499 659 Λέρῳ
520 569 556 635 δὲ
573 575 613 657 τῇ
631 567 723 657 νήσω
739 580 844 652 τεῖχος
859 568 1177 657 οἰκοδομησάμενον

159 667 303 756 ἡσυχίην
318 666 430 754 άγειν,
446 665 490 753 ήν
501 668 622 755 ἐκπέσῃ
637 669 674 734 εἰι
683 672 741 751 τῆς
751 663 926 750 Μιλήτου,
943 672 1072 735 ἔπειτεν
1083 668 1174 736 δὲέκ

91 781 142 836 126
162 766 284 855 ταύτης
294 764 502 853 ὁρμεόμενον
518 764 780 833 κατελεύσεσθαι
793 766 825 842 ές
836 762 898 850 τήν
904 772 1068 851 Μίλητον.
1084 774 1174 834 ταῦ-

160 893 199 932 τα
215 865 277 950 μέν
294 861 335 951 δή
346 863 515 941 Ἑκαταῖος
530 861 775 950 συνεβούλευε,
795 860 885 952 αύτῷ
900 864 936 930 δὲ
949 861 1174 952 Ἀρισταγόρη

161 961 181 1050 ή
198 968 333 1048 πλείστη
347 961 463 1049 γνιόμη
478 953 522 1048 ἦν
537 965 571 1039 ές
581 959 644 1048 τήν
655 961 839 1048 Μύρκινον
853 959 1005 1048 άπάγειν.
1029 961 1091 1049 τήν
1105 963 1174 1049 μέν

163 1060 203 1148 δή
221 1067 375 1147 Μίλητον
390 1058 562 1145 ἐπιτράπει
577 1059 768 1146 Πυθαγόρη
784 1056 882 1144 ἀνδρὶ
898 1068 966 1127 τῶν
982 1058 1095 1128 άστων
1109 1065 1173 1128 δο-

162 1169 257 1252 κίμω,
272 1156 372 1237 αὐτός
383 1159 419 1227 δὲ
429 1155 635 1244 παραλαβών
646 1158 756 1225 πάντα
766 1153 828 1224 τόν
838 1158 1050 1245 βουλόμενον
1060 1163 1172 1227 έπλωε

161 1251 194 1336 ές
208 1256 270 1344 τήν
285 1263 451 1344 Θρηίκην,
466 1258 522 1325 καὶ
538 1261 610 1343 ἔσχε
624 1254 687 1342 τήν
701 1255 831 1344 χώρην,
850 1253 902 1324 ἐπ’
918 1253 963 1343 ἣν
977 1257 1106 1343 ἐστάλη.
1132 1260 1172 1324 εἰι

160 1360 196 1424 δὲ
210 1354 331 1441 ταύτης
345 1352 549 1442 ὁρμεόμενος
567 1352 752 1422 ἀπόλλυται
766 1351 833 1422 ὑπὸ
846 1362 1002 1441 Θρηίκων
1016 1352 1119 1434 αύτός
1133 1382 1173 1424 τε

160 1451 178 1522 ὁ
191 1452 425 1542 Ἀρισταγόρης
439 1450 523 1521 καὶὸ
537 1447 677 1537 στρατός
691 1447 814 1538 αὐτοῦ,
829 1453 931 1521 πόλιν
945 1455 1172 1542 περικατήμε-

158 1578 218 1630 νος
233 1554 288 1620 καδ
303 1555 521 1638 βουλομένων
536 1557 603 1618 τῶν
614 1556 775 1637 Θρηίκων
792 1547 1019 1620 ὑποσπόνδων
1033 1555 1168 1632 ἐξιέναι.

553 1749 769 1757 .---...-.----.

454 1837 881 1983 υΡοΛοΤον

635 2057 689 2090 m

268 2154 642 2223 ΑΛΙΚΑΡΝΗΣΕΟΣ
662 2153 903 2259 ΙΣΤΟΡΙΩΝ
919 2154 1058 2219 ΕΚΤΗ

388 2280 931 2333 ΕΠιΓΡκοοΜσΝυκΡλνο.

130 2552 141 2601 l
155 2533 509 2617 ἈΡΙΣΤΑΓΟΡΗΣ
518 2547 580 2630 μέν
590 2571 656 2612 νυν
669 2542 797 2631 Ἰωνίην
809 2541 997 2631 ἀποστήσας
1008 2542 1098 2629 οὕτω
1112 2572 1171 2614 τε-

155 2651 273 2732 λευτᾷ,
283 2640 432 2722 Ἱστιαῖος
444 2645 480 2711 δὲ
493 2641 510 2711 ὁ
523 2644 680 2731 Μιλήτου
691 2644 857 2733 τύραννος
868 2647 1084 2731 μεμετιμένος
1097 2643 1167 2713 ὑπὸ

154 2745 305 2826 Δαρείου
322 2748 434 2829 παρήν
449 2744 483 2820 ές
495 2742 633 2832 Σάρδις.
663 2741 850 2831 άπιγμένον
870 2744 907 2811 δὲ
921 2740 1027 2811 αὐτὸν
1044 2746 1082 2812 ίκ
1098 2752 1169 2811 τῶν

154 2836 301 2907 Σούσων
322 2847 428 2925 είρετο
439 2836 664 2927 Ἀρταφέρνης
685 2838 877 2923 ὁΣαρδίων
898 2838 1063 2928 ὕπαρχος,
1082 2839 1167 2909 κατὰ

155 2935 251 3005 κοῖόν
267 2962 299 3004 τι
315 2937 551 3018 δοκέοιἽωνας
562 2935 762 3007 ἀπεστάναι·
786 2937 853 3007 όδὲ
863 2938 940 3008 ούτε
953 2943 1078 3008 είδένοιι
1089 2947 1168 3027 ἔφη,

158 3032 312 3119 ἐθώμαζέ
333 3063 368 3103 τε
391 3034 428 3103 τό
443 3034 583 3121 γεγονός
598 3034 643 3116 ὡς
654 3036 756 3106 οὐδὲν
768 3042 875 3124 δήθεν
885 3046 953 3107 τῶν
968 3038 1168 3125 παρεόντων

157 3133 362 3221 πρηγμάτων
374 3136 600 3222 ἐπιστάμενος.
625 3134 692 3204 ὁδε
707 3135 930 3224 Ἀρταφέρνης
941 3134 1048 3224 ὁρέων
1060 3134 1167 3204 αύτόν
1247 3215 1248 3218 ρ

156 3232 354 3319 τεχνάζοντα
375 3234 462 3321 εἶπε,
485 3234 580 3315 είδός
594 3234 657 3323 τήν
677 3233 851 3322 άτρέκειαν
866 3244 925 3324 τῆς
944 3233 1168 3317 ἀποστάσιος·
1247 3267 1248 3312 ι

159 3328 258 3398 Ούτω
272 3355 334 3417 τοι,
345 3329 485 3421 Ἱστιαῖε,
500 3338 566 3420 ἔχει
580 3332 664 3402 κατά
679 3342 783 3403 ταῦτα
794 3331 834 3401 τά
848 3335 1042 3422 πρήγματα·
1064 3344 1167 3405 τοῦτο

156 3424 193 3492 τό
206 3424 364 3513 ὑπόδημα
375 3436 522 3515 ἔρραψας
533 3433 596 3518 μὲν
606 3431 662 3522 σύ,
670 3431 859 3520 ὑπεδήσατο
872 3434 908 3501 δὲ
919 3432 1155 3523 Ἀρισταγόρης
