2500 3925
139 185 179 248 12
517 185 768 244 HERODOTI

137 348 281 436 Λήμνιοι
296 350 350 416 καὶ
365 348 563 433 ἐμαχέσαντο
581 337 620 414 εὖ
637 348 692 412 καὶ
712 341 920 432 ἀμυνόμενοι
934 341 1000 416 ἀνά
1018 344 1141 466 χρόνον

136 444 375 531 ἐκακώθησαν,
390 469 427 510 το
429 455 475 510 ῑσι
429 444 527 510 ἰδέ
539 447 709 527 περιεοῦσι
724 439 836 510 αὐτῶν
848 449 879 511 οί
888 443 1055 527 Πέρσαι”
1031 469 1145 526 υπαρ·

136 570 196 628 χον
211 546 362 638 ἐπιστᾶσι
377 541 578 628 Λυκάρητον
599 536 660 607 τόν
674 545 892 628 Μαιανδρίου
906 567 968 608 του
955 540 1145 629 βασιλεύ-

136 659 256 718 σαντος
271 639 392 725 Σάμου
408 635 583 722 ἀδελφεόν.
612 629 711 715 οὗτος
725 633 744 704 ὁ
759 637 1000 724 Λυκάρητος’
977 664 1144 724 αρχωνν
1106 640 1144 706 ἐν

134 738 260 831 Λήμνφ
290 744 439 828 τελευτᾷ.
476 732 537 777 ***
571 742 661 824 αἰτίη
692 739 730 807 δὲ
759 739 881 807 τούτου
912 737 988 826 ήδε·
1013 741 1149 822 πάντας

132 837 392 928 ἠνδραποδίζετο
405 839 460 907 καὶ
474 840 725 930 κατεστρέφετο,
742 838 822 920 τοάς
838 839 900 928 μὲν
913 847 1149 930 λιποστρατίης

134 942 188 1008 ἐπὶ
204 939 345 1020 Σκύθας
364 939 580 1027 αἰτιεόμενος,
597 938 678 1020 τούς
696 940 734 1009 55
752 947 905 1010 σίνεσθαι
922 939 981 1010 τόν
995 948 1147 1032 Δαρείου

133 1037 276 1129 στρατόν
292 1036 438 1109 τόνάπό
459 1041 625 1110 Σκυθέων
644 1036 753 1109 ὀπίσω
771 1040 1060 1130 ἀποκομιζόμενον.

89 1164 123 1219 28
224 1135 332 1222 Οὗτος
354 1144 417 1229 μέν
436 1167 502 1210 νυν
522 1148 668 1209 τοσαῦτα
692 1139 889 1227 ἐξεργάσατο
906 1139 1145 1227 στρατηγήσας,

138 1238 219 1331 μετά
238 1243 273 1309 δὲ
286 1238 327 1308 05
345 1237 472 1309 πολλόν
485 1240 610 1326 χρόνον
621 1237 734 1318 ἄνεσις
750 1247 865 1308 κακῶν
882 1232 942 1328 ήν,
959 1237 1014 1308 καλ
1027 1237 1147 1326 ήρχετο

137 1337 175 1410 τό
197 1338 357 1428 δεύτερον
378 1341 415 1408 ἐκ
434 1339 552 1420 Νάξου
578 1364 613 1406 τε
636 1339 691 1406 καὶ
710 1338 867 1426 Μιλήτου
877 1337 969 1408 Ἴωσι
990 1345 1143 1427 γίνεσθαι

139 1444 234 1514 κακά.
265 1449 363 1512 τοῦτο
388 1444 450 1529 μὲν
469 1440 534 1528 γάρ
557 1439 706 1528 ’ήΝάξος
728 1439 924 1531 εὐδαιμονίη
946 1446 1014 1508 τῶν
1031 1436 1147 1524 νήσων

139 1543 322 1664 προέφερε,
344 1547 442 1608 τοῦτο
465 1537 500 1608 δὲ
522 1537 604 1608 κατά
623 1537 683 1607 τόν
700 1537 805 1608 αὐτόν
819 1539 944 1661 χρόνον
958 1537 978 1626 5
994 1544 1149 1622 Μίλητος

140 1638 225 1728 αότή
239 1665 274 1708 τε
296 1640 421 1727 ἕωντής
435 1639 576 1763 μάλιστα
598 1637 639 1726 55
659 1639 734 1709 τότε
747 1635 941 1727 ἀκμάσασα,
963 1641 1017 1706 καὶ
1032 1634 1083 1723 δή
1091 1637 1147 1703 καλ

139 1749 197 1828 τής
209 1731 372 1826 Ἰωνίης
349 1767 394 1827 ην
411 1739 602 1828 πρόσχημα,
618 1739 810 1862 κατήπερθε
825 1741 861 1808 δὲ
871 1738 1001 1807 τούτων
1015 1737 1066 1804 ἐπὶ
1082 1734 1148 1802 δόο

140 1835 258 1926 γενεάς
274 1836 410 1926 ἀνδρῶν
420 1837 614 1925 νουσήσασα
624 1836 703 1918 ἐς
666 1865 706 1906 τα
714 1839 856 1926 μαλιστα
871 1836 978 1924 στάσι,
995 1838 1087 1923 μέχρι
1103 1825 1148 1900 05

141 1966 199 2026 μιν
214 1937 338 2023 Πάριοι
351 1935 568 2027 κατήρτισαν
587 1933 805 2022 τούτονςγάρ
818 1937 1147 2022 καταρτιστῆραςκ
1108 1931 1147 1999 ἐκ

93 2049 127 2104 29
142 2036 280 2105 πάντων
291 2034 460 2123 Ἑλλήνων
476 2039 603 2105 εἴλοντο
622 2040 658 2104 oc
668 2033 840 2121 Μιλήσιοι.
875 2032 1092 2120 Κατήλλαξαν
1111 2032 1148 2093 δέ

143 2155 246 2219 σφεας
267 2124 331 2200 ὦδε
355 2137 389 2201 oc
407 2132 548 2219 Πάριοι·
582 2130 625 2212 ὥς
652 2131 810 2201 ἀπίκοντο
839 2129 951 2200 αὐτῶν
973 2128 1093 2215 ἀνδρες
1115 2129 1152 2192 οἱ

143 2230 272 2318 άριστοι
295 2234 328 2311 ἐς
349 2228 410 2319 τήν
430 2238 585 2319 Μίλητον
613 2228 734 2318 ’ὥρεον
752 2230 817 2318 γάρ
842 2232 884 2318 δή
905 2251 1009 2317 σφεας
1029 2232 1149 2303 δεινῶς

143 2334 472 2418 οἰκοφθορημένους·
496 2336 626 2417 ἔφασαν
639 2327 752 2399 αὐτῶν
766 2331 951 2417 βούλεσθαι
963 2334 1149 2409 διεξελθεῖν

141 2426 203 2517 τήν
214 2428 335 2516 χάρην.
358 2438 531 2509 ποιεῦντες
543 2432 579 2498 δὲ
592 2436 697 2498 ταῦτα
708 2431 763 2497 καὶ
774 2427 951 2509 διεξιόντες
962 2432 1074 2495 πᾶσαν
1085 2422 1152 2509 τήν

142 2534 330 2615 Μιλησίην,
359 2527 446 2608 ὅπως
467 2526 543 2597 τινά
573 2532 678 2598 ίδοιεν
706 2530 743 2596 ἐν
766 2524 967 2613 ἀνεστηκυίη
992 2531 1032 2613 τῇ
1055 2521 1150 2610 χάρη

144 2623 251 2713 άγρον
272 2618 311 2693 εὖ
331 2628 587 2749 ἐξεργασμένον,
611 2624 847 2713 ἀπεγράφοντο
870 2620 907 2692 τό
930 2622 1060 2708 οὕνομα
1085 2626 1151 2689 τοῦ

145 2723 310 2793 δεσπότεω
322 2732 380 2792 τοῦ
393 2723 508 2813 ἀγροῦ.
534 2726 780 2805 διεξελάσαντες
792 2726 828 2791 δὲ
840 2728 951 2789 πᾶσαν
962 2718 1024 2808 τήν
1034 2719 1151 2805 χάρην

145 2827 199 2892 καὶ
215 2830 376 2902 σπανίους
398 2821 554 2911 εὑρόντες
569 2823 727 2909 τούτους,
752 2816 796 2900 ὡς
810 2821 946 2907 τάχιστα
960 2820 1152 2904 κατέβησαν

144 2921 223 3002 ἐς
188 2948 225 2991 το
241 2920 335 3010 άστυ,
348 2918 446 3009 ἁλίην
458 2921 678 3009 ποιησάμενοι
689 2918 852 3000 ἀπέδεξαν
862 2916 1002 2995 τοότους
1013 2909 1121 3001 μὲν
1085 2938 1152 2998 την

144 3021 244 3090 πόλιν
260 3028 390 3109 νέμειν,
405 3026 473 3088 τῶν
491 3011 593 3106 εὗρον
604 3018 684 3099 τούς
697 3015 823 3105 ἀγροδς
837 3042 876 3085 ευ
863 3008 1152 3101 ἐξεργασμένους

147 3118 344 3189 δοκέειν
304 3146 369 3208 γαρ
388 3125 517 3207 ἔφασαν
537 3118 591 3185 καὶ
611 3124 680 3185 τῶν
696 3120 866 3203 δημοσίων
883 3112 972 3182 οὕτω
985 3110 1028 3198 δή
1042 3128 1151 3196 σφεας

51 3217 54 3227 “
145 3218 404 3306 ἐπιμελήσεσθαι
445 3211 555 3303 ὥσπερ
572 3223 641 3283 τῶν
658 3216 860 3302 σφετέρων,
880 3209 959 3291 τούς
974 3212 1010 3278 δὲ
1024 3206 1151 3283 ἀλλους
1209 3291 1212 3297 ¹

145 3325 334 3405 Μιλησίους
351 3316 431 3397 τοὺς
451 3321 530 3405 πρὶν
545 3316 779 3397 στασιάζοντας
793 3313 923 3382 τούτων
940 3315 1058 3391 ἔταξαν
1075 3311 1149 3375 πεί-

96 3431 131 3486 λο
148 3424 283 3484 θεσθαι.
327 3416 451 3503 Πάριοι
471 3418 533 3502 μέν
548 3442 613 3484 ννν
628 3413 717 3484 οὕτω
733 3418 922 3501 Μιλησίους
935 3407 1153 3493 κατήρτισαν,
