2500 3925
295 272 381 328 ιῐΒ.
413 271 460 327 lx.
495 272 594 328 σΑε.
630 277 805 332 ιιι-ιον.
1003 269 1066 332 345

35 441 189 500 Ινεοθαι.
219 439 284 499 νύν
301 423 350 498 τόν
371 428 496 497 άποινά
519 434 552 496 οἱ
564 429 646 497 τάδε
661 433 768 497 έθέλω
785 433 967 517 ἐπιθεῖναι,
991 430 1065 500 ἀντὶ

34 530 122 612 ’μὲν
133 529 311 616 χρημάτων
323 534 391 596 τῶν
405 533 527 615 ἔλαβον
542 531 578 594 έιι
593 534 655 594 τού
671 531 763 615 ι’ρού,
785 526 905 597 ἑκατόν
919 530 1064 598 τάλαντα

42 636 256 695 καταθεῖναι
275 633 321 717 τῷ
341 633 429 718 θεῷ,
452 624 526 695 άντὶ
541 623 572 692 θ’
596 628 765 711 ἐμεωυτοῦ
786 630 923 696 καὶτοῦ
946 627 1064 708 παιδός

33 722 223 793 ’ἀποδώσω
251 723 397 792 τάλαντα
427 723 581 809 διηκόσια
610 721 819 810 Ἀθηναίοισι
846 725 1061 813 περιγενόμε-

32 847 123 902 mog.
176 830 287 891 Ταῦτα
312 820 534 909 ὑπισχόμενος
559 821 619 890 τόν
645 821 832 910 στρατηγόν
861 825 1064 902 Ξάνθιππον

32 918 121 988 τούκ
140 926 264 989 ἔπειθε.
299 923 334 988 οέ
350 919 416 1006 γάρ
438 917 640 988 Ἐλαιούσιοι
661 927 708 1012 τῷ
722 929 939 1015 Πρωτεσίλεῳ
960 946 1064 1008 τιμω-

31 1021 188 1101 τρέοντες
199 1019 332 1088 ἐδέοντό
342 1045 401 1105 μιν
412 1025 695 1105 καταχρησθῆναι,
706 1021 762 1087 καὶ
773 1017 950 1088 αὐτοῦτοῦ
962 1041 1064 1106 στρα-

31 1122 160 1203 ιτηγού
178 1115 283 1205 ταύτῃ
305 1113 323 1183 ό
345 1116 426 1196 νόος
447 1123 555 1204 ἔφερε.
590 1115 819 1202 ἀπαγαγόντες
844 1119 881 1186 δὲ
901 1118 1007 1188 αύτόν
1029 1125 1063 1200 ές

30 1214 116 1301 ιτὴν
138 1210 243 1300 άκτὴν
263 1217 296 1292 ἐς
316 1211 378 1301 τὴν
398 1217 521 1303 Ξέρξης
542 1221 649 1296 ἔζευξε
670 1212 730 1283 τόν
746 1214 871 1304 πόρον,
896 1221 931 1287 οἱ
950 1219 987 1286 δέ
1006 1221 1063 1286 λέ-

30 1332 154 1398 γουσι
172 1315 225 1380 ἐπὶ
238 1309 300 1380 τὸν
314 1311 467 1381 κολωνὸν
483 1312 544 1380 τὸν
559 1312 644 1397 ὑπὲρ
659 1313 827 1381 Μαδύτου
841 1314 973 1401 πόλιος,
1000 1335 1062 1382 σα·

29 1419 132 1482 ινίδα
152 1413 530 1498 προσπασσαλεύσαντες
551 1408 799 1499 ἀνεκρέμασαν,
819 1411 881 1480 τόν
902 1413 939 1481 δέ
960 1419 1062 1482 παῖδα

28 1516 89 1594 ;ε’ν
108 1510 315 1599 ὀφθαλμοῖσι
336 1519 397 1580 τοῦ
417 1509 623 1599 Ἀρταύκτεω
644 1513 856 1579 κατέλευσαν.
898 1517 1010 1578 Ταῦτα
1025 1513 1062 1580 δὲ
1078 1527 1127 1592 121

28 1609 253 1696 ιποιύσαντες
272 1607 451 1679 ἀπέπλωον
466 1614 499 1689 ές
512 1607 575 1696 τὴν
591 1607 748 1697 Ἐλλάδα,
770 1610 812 1676 τά
826 1635 861 1676 τε
878 1609 963 1679 ἄλλα
970 1611 1062 1733 χρή-

27 1749 30 1784 ³
44 1733 141 1795 ματα
156 1705 293 1794 άγοντες
307 1735 363 1777 και
351 1707 414 1796 δὴ
429 1706 533 1778 καλ
496 1734 537 1776 τα
549 1707 637 1777 ὅπλα
649 1715 718 1777 τῶν
731 1707 943 1796 γεφυρέων’
922 1737 966 1788 ως
977 1708 1061 1777 άνα-

27 1807 218 1894 ςθήσοντες
239 1804 322 1886 ές
286 1834 327 1875 τα
347 1809 414 1890 ίρά
445 1810 501 1876 καὶ
522 1804 606 1878 κατά
628 1805 666 1874 τό
686 1813 758 1885 ἔτος
777 1813 875 1874 τοῦτο
895 1803 997 1874 οὐδὲν
1013 1812 1060 1874 ἔτι

26 1947 29 1987 1
45 1907 158 1974 πλέον
172 1904 302 1974 τούτων
317 1909 456 1992 ἐγένετο.

26 2052 28 2087 ,
143 2004 274 2072 Τούτου
299 2004 336 2073 δέ
361 2032 422 2073 του
407 2004 641 2090 ’Ἀρταΰκτεω
662 2013 723 2073 τοῦ
746 2004 1060 2093 ἀνακρεμασθέντος
1077 2026 1128 2081 m

46 2103 237 2187 προπάτωρ
251 2096 473 2193 Ἀρτεμβάρης
484 2106 551 2173 έστλ
563 2100 736 2192 ὁΠέρσησι
748 2104 990 2191 ἐξηγησάμενος
1001 2102 1061 2171 λό-

45 2234 134 2295 γον,
159 2201 219 2272 τόν
233 2207 355 2274 ἐκεῖνοι
374 2204 604 2294 ὑπολαβόντες
616 2206 721 2297 Κύρῳ
741 2206 983 2293 προσήνεικαν,
1004 2207 1060 2274 λέ-

45 2330 157 2393 γοντα
176 2303 271 2373 τάδε·
298 2301 385 2373 Ἐπεὶ
401 2301 485 2383 Ζεύς
499 2304 650 2392 Πέρσησι
668 2300 851 2391 ἡγεμονίην
868 2308 971 2391 διδοῖ,
997 2301 1060 2372 άν-

47 2411 145 2489 ὂρύν
160 2402 195 2471 δὲ
211 2400 274 2488 σύ,
292 2412 402 2493 Κῦρε,
418 2402 569 2474 κατελάν
580 2402 779 2492 Ἀστυάγεα,
796 2408 894 2492 φέρε,
915 2412 979 2492 γῆν
993 2403 1058 2491 γάρ

44 2498 367 2589 κεκτήμεθαόλίγην
374 2505 429 2571 καὶ
435 2500 562 2591 ταύτην
571 2503 728 2590 τρηχέαν,
746 2501 1008 2588 μεταναστάντες
1022 2503 1070 2570 έκ-

46 2599 175 2686 ταύτης
189 2598 295 2687 ἄλλην
311 2607 437 2689 ἔχωμεν
451 2598 586 2687 άμείνοο.
617 2603 679 2668 εἰσὶ
695 2600 732 2667 δέ
745 2601 864 2667 πολλαὶ
878 2600 940 2686 μέν
955 2596 1058 2667 άστυ-

46 2709 215 2791 γείτονες,
246 2706 364 2774 πολλοὶ
391 2706 427 2773 δὲ
453 2706 508 2773 καὶ
528 2703 710 2788 ἑκαστέρω,
736 2708 804 2768 τῶν
826 2706 907 2787 μίαν
924 2699 1059 2788 σχόντες

48 2805 169 2875 πλέοσι
184 2804 332 2892 ἐσόμεθα
345 2804 630 2890 θωνμασιότεροι.
660 2799 751 2880 οἰκός
766 2800 802 2870 δέ
816 2799 979 2888 άρχοντας
996 2799 1059 2869 άν-

49 2912 136 2993 ιλρας
149 2912 289 2973 τοιαῦτα
305 2905 442 2974 ποιέειν.
465 2902 543 2973 κότε
556 2900 623 2990 γάρ
639 2899 679 2989 δὴ
695 2904 751 2970 καλ
765 2903 898 2987 παρέξει
919 2902 1058 2969 κάλλιον

48 3004 72 3093 ἢ
91 3004 146 3073 ὅτε
165 3031 205 3092 γε
224 3000 420 3090 ἀνθρώπων
440 3030 475 3072 τε
497 3010 633 3073 πολλῶν
654 3000 800 3089 άρχομεν
820 3000 928 3085 πάσης
947 3026 983 3067 τε
1001 3006 1060 3086 τῆς

48 3102 175 3189 Ἀσίηςς
202 3109 317 3187 Κύρος
332 3101 369 3171 δέ
388 3109 493 3170 ταῦτα
508 3100 657 3181 άκούσας
672 3103 728 3169 καλ
743 3096 786 3167 ού
798 3098 985 3183 θαυμάσας
998 3097 1059 3168 τόν

52 3200 159 3289 λόγον
172 3206 303 3272 έκέλενε
320 3206 447 3273 ποιέειν
462 3210 582 3291 ταῦτα,
600 3201 689 3270 οὕτω
706 3199 742 3268 δέ
756 3195 885 3267 αὐτοῖσι
900 3204 1059 3281 παραίνεε

52 3300 203 3371 κελεύων
213 3302 525 3387 παρασκευάζεσθαι
537 3298 581 3380 ὡς
596 3299 708 3369 οὐκέτι
723 3297 894 3385 άρξοντας,
909 3293 983 3365 ἀλλ’
997 3294 1060 3384 ἆρ-

53 3399 230 3485 ξομένους·
259 3402 389 3487 φιλέειν
408 3398 473 3487 γὰρ
493 3401 529 3468 έν
543 3406 612 3469 τόν
632 3404 793 3486 μαλακόν
812 3396 932 3486 χάραν
951 3401 1061 3484 μαλα-
