2500 3925
171 225 232 288 132
546 226 799 284 HERODOTI

170 386 335 474 πρότερον
355 391 527 471 συνέλεξε,
553 387 649 471 έλεγέ
667 405 728 473 σφι
750 384 845 454 τόδε·
874 385 1014 474 ’Ἀνδρες
1036 391 1182 475 Πέρσαι,

171 483 375 572 συγγνώμην
384 511 442 571 μοι
453 489 552 571 έχετε,
569 480 621 552 ὅτι
631 479 838 572 ἀγχίστροφα
847 487 1070 574 βουλεύομαι·
1092 512 1180 572 φρε-

170 681 461 771 παρηγορεόμενοι
481 684 593 750 έκετνα
611 682 740 750 ποιέειν
756 678 879 750 οόδένα
891 682 1017 770 χρόνον
1031 709 1097 770 μευ
1114 681 1182 750 ἀπ-

171 783 310 867 έχονται.
339 777 523 848 ἀκούσαντι
537 781 600 865 μὲν
616 779 659 866 δή
673 804 730 864 μοι
746 786 804 866 τῆς
821 778 1027 867 Ἀρταβάνου
1040 780 1182 868 γνοέμης

171 883 359 966 παραυτίκα
373 879 436 965 μέν
453 875 474 965 ἡ
490 876 607 962 νεότης
621 879 750 957 ἐπέζεσε
765 875 850 946 όέστε
865 876 1057 968 ἀεικέστερα
1069 877 1181 965 ἀπορ-

172 994 267 1067 ρῖψαι
283 985 364 1048 έπεα
378 982 413 1058 ές
426 977 535 1067 ἀνδρα
554 977 784 1066 πρεσβύτερον
797 973 821 1065 ή
833 976 957 1067 χρεόν·
979 985 1046 1048 νῦν
1062 983 1182 1067 μέντοι

171 1074 341 1164 σνγγνοδς
359 1078 525 1166 χρήσομαι
540 1083 582 1168 τῇ
598 1079 730 1148 ἐκείνου
752 1079 880 1169 γνώμη.
910 1077 956 1160 ὥς
973 1072 1023 1148 τόν
1038 1084 1183 1167 μεταδε-

171 1179 338 1264 δογμένον
353 1203 411 1264 μοι
426 1175 472 1265 μή
487 1176 731 1266 στρατεύεσθαι
744 1179 797 1246 ἐπὶ
811 1175 874 1264 τὴν
884 1175 1043 1265 Ἑλλάδα,
1057 1177 1183 1265 ἥσυχοι

170 1279 252 1342 ἕστε.
273 1275 403 1361 Πέρσαι
415 1277 479 1363 μέν
491 1273 537 1356 ὥς
546 1273 698 1362 ἥκουσαν
708 1282 823 1363 ταῦτα,
839 1275 1056 1363 κεχαρηκότες
1069 1294 1183 1364 προσ-

124 1388 158 1444 14
172 1372 324 1458 εκόνεον,
338 1372 461 1454 νυκτός
471 1376 508 1444 δὲ
517 1378 701 1462 γενομένης
711 1366 806 1453 αὖτις
816 1370 923 1443 τάυτδ
939 1372 1073 1461 ὄνειρον
1084 1379 1183 1461 ἔλεγε

169 1479 217 1561 τῷ
229 1474 334 1561 Ξέρξη
348 1476 599 1565 κατυπνωμένῳ
618 1473 772 1542 έπιστάν·
801 1465 840 1542 Ὦ
860 1486 923 1542 παῖ
934 1480 1101 1563 Δαρείου,
1123 1477 1183 1542 καί

170 1568 360 1657 δήφαίνεαι
374 1575 411 1640 έν
420 1576 572 1662 Πέρσησί
578 1597 616 1641 τε
625 1569 851 1659 ἀπειπάμενος
861 1569 923 1659 τήν
934 1578 1182 1659 στρατηλασίην

170 1674 226 1770 καί
238 1668 280 1738 τά
294 1668 356 1759 έμά
374 1678 454 1742 ἔπεα
467 1677 506 1741 έν
517 1669 632 1741 οὐδενὶ
643 1673 842 1761 ποιεύμενος
855 1673 944 1765 λόγω
960 1671 1005 1752 ὦς
1018 1671 1099 1760 παρ’
1118 1672 1173 1740 oi»

170 1767 268 1850 δενδς
277 1768 432 1850 ἀκούσας.
453 1765 493 1840 εὖ
503 1799 570 1840 νυν
579 1770 653 1840 τόδ’
666 1781 750 1858 ίσδι,
766 1771 874 1859 ἤνπερ
888 1769 932 1858 μή
944 1770 1063 1840 αὐτίκα
1074 1789 1181 1856 στρα-

169 1870 337 1958 τηλατέῃς,
348 1870 428 1938 τάδε
437 1895 490 1939 τοι
501 1873 534 1949 ἐξ
544 1865 659 1938 αὐτῶν
670 1867 865 1956 ἀνασχήσει·
888 1865 1111 1955 ὦςκαίμέγας
1123 1870 1182 1936 καὶ

169 1966 294 2047 πολλός
306 1971 418 2054 έγένεο
430 1971 469 2037 έν
482 1966 583 2059 όλίγφ
593 1968 715 2060 χρόνῳ,
730 1965 820 2035 οὕτω
834 1970 889 2035 καί
900 1962 1056 2045 ταπεινός
1069 1962 1180 2034 ὀπίσω

126 2082 156 2137 15
171 2066 255 2138 κατά
268 2068 368 2154 τόχος
377 2073 475 2137 έσεαι.
498 2069 622 2155 Ξέρξης
632 2068 695 2154 μὲν
705 2064 859 2153 περιδεὴς
869 2066 1050 2153 γενόμενος
1063 2070 1105 2153 τή
1120 2062 1178 2145 ὄψι

170 2165 235 2234 ἀυά
249 2191 285 2234 τε
299 2170 421 2251 έδραμε
435 2168 471 2233 έκ
484 2172 542 2251 τῆς
555 2170 667 2251 κοίτης
677 2166 733 2232 καί
742 2168 863 2251 πέμπει
878 2162 1021 2250 ἀγγείου
1035 2163 1088 2230 ἐπὶ
1100 2159 1179 2245 Ἀρ·
1244 2178 1245 2196 ’

168 2264 317 2353 τάβανον
332 2265 505 2333 καλέοντα.
529 2262 721 2355 ἀπικομένῳ
737 2269 777 2333 δέ
788 2269 822 2333 ol
835 2270 927 2351 έλεγε
941 2266 1064 2350 Ξέρξης
1077 2261 1177 2331 τόδε·

164 2359 363 2449 Ἀρτάβανε,
378 2359 443 2448 έγό
458 2359 496 2430 τό
511 2372 699 2450 παραυτίκα
710 2367 772 2451 μὲν
784 2361 846 2431 οὐκ
858 2362 1023 2449 ἐφρόνεον
1037 2373 1133 2441 είπας
1144 2365 1176 2439 ές

168 2463 207 2529 σε
220 2460 343 2547 μάταια
356 2466 437 2529 έπεα
450 2469 592 2551 χρηστῆς
606 2465 737 2532 εἵνεκεν
751 2468 973 2550 συμβουλίης,
997 2457 1079 2547 μετὰ
1095 2464 1175 2547 μέν·

167 2584 219 2627 τοι
239 2557 282 2627 οὐ
302 2557 430 2629 πολλόν
449 2561 576 2649 χρόνον
591 2566 777 2649 μετέγνων,
801 2567 910 2648 ἔγνων
932 2563 969 2629 δὲ
990 2560 1099 2629 ταῦτά
1118 2585 1176 2647 μοι

166 2655 423 2742 ποιητέαέόντα,
438 2655 479 2725 τά
490 2656 534 2726 σύ
545 2656 733 2747 ὑπεθήκαο.
756 2658 819 2728 οὐκ
831 2652 881 2728 όν
892 2658 1036 2739 δυνατός
1045 2664 1101 2727 τοί
1110 2663 1176 2743 είμι

166 2758 271 2821 ταῦτα
285 2755 413 2821 ποιέειν
424 2756 647 2843 βουλόμενος·
669 2762 881 2851 τετραμμένην
892 2755 956 2847 γάρ
969 2754 1009 2845 δή
1025 2760 1081 2827 καί
1094 2783 1175 2844 μετ·

167 2850 327 2940 εγνωκότι
346 2853 532 2940 ἐπιφοιτέον
550 2854 685 2945 ὄνειρον
705 2857 906 2945 φαντάζεταί
923 2885 997 2944 μοι,
1019 2856 1174 2944 οὐδαμῶς
1241 2900 1242 2930 ι

166 2951 373 3020 συνέπαινον
388 2950 447 3021 έόν
459 2958 585 3025 ποιέειν
599 2984 641 3044 με
656 2964 776 3044 ταῦτα,
800 2963 867 3025 νῦν
880 2958 917 3025 δέ
930 2959 986 3026 καί
1000 2960 1174 3043 διαπειλη-

168 3067 232 3116 σαν
246 3057 377 3135 οίχεται.
401 3055 432 3119 εί
442 3044 492 3121 όν
501 3054 584 3132 θεός
597 3051 695 3124 έστιό
712 3057 907 3141 έπιπέμπων
921 3060 981 3123 καί
994 3058 1029 3122 οί
1038 3053 1173 3132 πάντας

167 3148 205 3212 έν
224 3144 331 3234 ἡδονή
352 3150 419 3216 ἐστὶ
437 3153 597 3235 γενέσθαι
613 3159 856 3239 στρατηλασίην
873 3154 926 3221 ἐπὶ
940 3147 1003 3238 τήν
1018 3148 1171 3237 Ἑλλάδα,

166 3242 379 3330 ἐπιπτήσεται
394 3249 449 3315 καί
463 3251 516 3317 σοί
528 3247 636 3317 τάυτδ
651 3258 750 3319 τοῦτο
762 3249 907 3337 ὄνειρον,
922 3247 1045 3337 ὁμοίως
1060 3247 1106 3329 ὡς
1117 3250 1173 3319 καὶ

167 3343 239 3424 έμοί
252 3342 499 3429 ένιελλόμενον.
523 3345 668 3434 εὑρίσκω
686 3351 722 3416 δέ
744 3341 804 3417 πόδ’
821 3345 865 3416 ἀν
879 3347 1041 3435 γινόμενα
1054 3354 1172 3433 ταῦτα,
1239 3342 1240 3349 ¹

167 3440 198 3501 δέ
211 3435 327 3523 λάβοις
341 3435 404 3523 τὴν
417 3438 501 3528 έμήν
512 3442 638 3531 σκευὴν
653 3452 776 3532 πᾶσαν,
792 3449 848 3515 καὶ
862 3445 961 3525 ένδύς
974 3444 1057 3531 μετὰ
1070 3452 1170 3513 τοῦτο
