2500 3925
203 209 266 274 206
584 203 834 263 HERODOTI

205 375 236 440 εί
247 361 358 458 ήλθον
372 369 435 454 μὲν
450 363 649 441 ἀπολέοντες
664 359 745 441 τούς
759 361 897 442 Φωκέας
915 367 1122 451 δεηθέντων
1133 376 1191 436 Θει-

205 473 335 554 σαλοῖν,
354 467 425 535 ἐπεὶ
440 465 476 532 δέ
492 461 591 550 ὥρων
605 459 691 550 πρὸς
704 460 860 549 ἀλέξησιν
872 467 1133 554 τραπομένους,
1149 473 1192 535 δει-

203 587 321 645 σαντες
334 562 379 652 μή
392 567 447 632 καὶ
458 569 554 649 σφίσι
566 563 704 649 γένηται
713 563 885 649 τραύματα,
903 563 999 632 οὕτω
1009 564 1057 653 δή
1069 564 1192 654 ἀπήλαο

204 695 265 738 νον
280 664 386 736 ὀπίσω
405 661 461 742 ’ὡς
475 662 541 749 γάρ
562 680 623 748 σφι
640 662 825 730 ἐνετείλατο
835 661 1079 751 Μαρδόνιος,
1100 664 1194 734 ούτίλ

204 766 317 837 αὐτῶν
328 768 532 850 πειρηθῆναι
545 759 691 848 ήθέλησε
706 769 741 830 εέ
748 787 780 830 τι
794 757 896 849 ἀλκῆς
911 765 1110 851 μετέχουσι.
1131 764 1194 846 ὡςδὲ

204 863 310 934 ὀπίσω
321 859 498 948 ἀπήλασαν
509 863 543 928 οί
555 861 709 945 έππόται,
722 865 854 946 πέμψας
864 863 1079 945 Μαρδόνιος
1094 867 1194 952 κήρνα

205 971 296 1050 έλεμε
310 959 405 1030 τόδε·
438 959 619 1048 Θαρσέετε,
635 951 663 1026 ό
678 959 820 1037 Φωκέες.
848 956 972 1046 ἀνδρες
983 960 1061 1050 γὰρ
1079 963 1194 1049 έφόνηε

205 1061 316 1140 έόντες
333 1055 473 1144 ἀγαθοὶ,
488 1053 552 1126 ούκ
568 1053 613 1136 ἀς
626 1054 691 1144 lyd
705 1057 957 1144 ἐπυνθανόμην.
979 1063 1046 1127 καὶ
1057 1067 1128 1128 νῦν
1140 1085 1195 1142 προ

200 1159 324 1246 θύμως
339 1157 456 1243 φέρετε
467 1153 528 1224 τόν
541 1155 692 1242 πόλεμον
705 1160 842 1223 τοῦτον·
865 1151 1089 1246 εὐεργεσίῃσι
1102 1159 1161 1245 γὰρ
1171 1154 1194 1224 α’

205 1257 357 1345 νικήσετε
366 1254 444 1324 οὔτε
456 1248 506 1325 ἀν
516 1255 573 1343 ἐμὲ
584 1253 662 1325 οὔτε
673 1257 820 1343 βασιλέα.
841 1251 891 1323 Τά
904 1259 980 1341 περὶ
991 1261 1151 1327 Φωκέων
1159 1259 1195 1343 μὲι·

158 1373 191 1429 19
207 1361 240 1438 ές
253 1364 392 1427 τοσοῦτο
409 1357 550 1444 ἐγένετο,
564 1353 825 1441 Λακεδαιμόνιοι
841 1355 878 1420 δὲ
893 1351 938 1432 ὡς
951 1359 986 1433 ές
1001 1353 1076 1423 τόν
1090 1353 1194 1440 Ἰσθμὸν

204 1450 332 1545 ήλθον,
354 1457 391 1524 έν
410 1453 518 1544 τούτῳ
539 1449 868 1538 ἐστρατοπεδεύοντο.
900 1451 1166 1539 πυνθανόμενοι
1176 1452 1193 1515 δ

204 1561 309 1646 ταῦτα
324 1556 357 1621 οέ
370 1554 480 1621 λοιποὶ
489 1550 771 1637 Πελοποννήσιοι,
784 1561 869 1617 τοῖσι
880 1545 920 1616 τὰ
931 1545 1070 1635 ἀμείνω
1084 1549 1194 1637 ἥνδανε,

206 1659 239 1723 οέ
255 1653 291 1722 δέ
306 1653 361 1721 καὶ
382 1648 535 1736 ὁρέοντες
549 1648 697 1730 ἐξιόντας
710 1647 939 1734 Σπαρτιήτας,
959 1646 1028 1716 ούκ
1051 1649 1195 1718 έδιιιαέειι

206 1758 381 1822 λείπεσθαι
404 1757 462 1838 τῆς
487 1749 605 1830 ἐξόδου
626 1751 910 1833 Λακεδαιμονίων.
947 1747 985 1813 έκ
1009 1745 1060 1834 δή
1089 1741 1139 1814 ὦν
1157 1752 1195 1813 τοῦ

202 1850 340 1938 Ἰσθμοῦ
358 1849 634 1937 καλλιρησάντων
653 1855 721 1916 τῶν
742 1852 827 1934 έροίν
851 1845 1063 1933 ἐπορεύοντο
1088 1849 1195 1929 πάντες,

207 1955 262 2022 καὶ
273 1949 487 2023 ἀπικνέονται
498 1953 531 2031 ές
541 1947 728 2021 Ἐλευσῖνα·
739 1949 939 2036 ποιήσαντες
947 1950 985 2017 δέ
996 1954 1059 2019 καὶ
1071 1952 1195 2021 ἐνθαῦτα

207 2048 280 2137 έρά,
298 2050 342 2130 ὥς
359 2070 420 2137 σφι
434 2054 613 2135 έκαλλίρεε,
628 2046 667 2115 τὸ
681 2047 798 2132 πρόσω
813 2047 1028 2134 ἐπορεύοντο,
1042 2047 1197 2135 Ἀθηναῖοι

209 2150 244 2217 δέ
259 2148 327 2235 ἅμα
342 2146 482 2234 αύτολσι,
499 2145 675 2233 διαβάντες
688 2145 750 2232 μὲν
764 2148 800 2213 έν
811 2153 1014 2232 Σαλαμίνος,
1030 2146 1196 2233 συμμιγέν

207 2273 260 2325 τες
273 2250 309 2313 δέ
323 2248 360 2315 έν
371 2244 541 2315 Ἐλευσῖνι.
567 2242 611 2323 ὡς
625 2246 662 2313 δέ
675 2243 741 2331 ἀρα
757 2241 918 2313 ἀπίκοντο
932 2251 990 2330 τῆς
1003 2247 1197 2330 Βοιωτέηςές

204 2344 385 2434 Ἐρυθράς,
401 2344 532 2432 ἔμαθόν
545 2370 581 2413 τε
595 2341 637 2430 δή
649 2341 728 2421 τούς
742 2342 935 2430 βαρβάρους
950 2343 1003 2409 έπλ
1018 2350 1072 2433 τῷ
1084 2340 1196 2430 Ἀσωπῷ

208 2446 586 2529 στρατοπεδευομένους,
603 2443 814 2528 φρασθέντες
827 2441 864 2507 δὲ
875 2445 974 2507 τοῦτο
989 2436 1197 2509 ἀντετάσσον-

160 2560 195 2611 νο
210 2568 247 2611 το
263 2545 316 2611 ἐπὶ
331 2548 389 2628 τῆς
402 2537 556 2628 ὑπωρέης
570 2546 631 2607 τοῦ
645 2544 871 2626 Κιθαιρῶνος.
895 2538 1099 2622 Μαρδόνιος
1113 2540 1156 2627 δέ,
1169 2535 1197 2614 ἀς

209 2640 251 2710 οὐ
265 2644 464 2729 κατέβαινον
475 2638 671 2727 οέἝλληνες
682 2642 715 2718 ές
724 2634 761 2705 τδ
775 2641 902 2722 πεδίον,
914 2638 1038 2725 πέμπει
1049 2642 1087 2721 ές
1096 2636 1197 2714 αύτούς

209 2746 320 2807 πᾶσαν
335 2738 397 2824 τήν
411 2741 533 2826 ἵππον,
557 2748 614 2827 τῆς
632 2738 792 2824 ίππάρχεε
806 2742 993 2816 Μασίστιος
1008 2735 1195 2825 εύδοκιμέαι

209 2835 299 2922 παρὰ
310 2838 470 2923 Πέρσησι,
485 2834 708 2923 τδνἝλληνες
721 2840 913 2903 Μακίστιον
926 2836 1100 2926 καλέουσι,
1115 2841 1196 2904 ἵπποι

211 2941 295 3021 ἔχων
309 2940 455 3001 Νισαῖον
471 2934 716 3021 χρυσοχόλινόν
728 2959 765 3001 τε
778 2936 834 3002 καὶ
845 2931 954 3012 ἄλλως
964 2937 1194 3021 κεκοσμημένοι

210 3038 327 3109 καλοῖς.
357 3032 505 3099 ἐνθαῦτα
528 3030 572 3111 ὡς
593 3032 809 3120 προσήλασαν
826 3036 861 3099 οἱ
878 3032 1015 3100 ἱππόται
1036 3032 1125 3117 πρός
1138 3029 1195 3107 τούς

211 3127 382 3217 Ἕλληνας,
398 3134 607 3221 προσέβαλον
618 3129 702 3199 κατὰ
714 3132 824 3199 τέλεα·
846 3130 1098 3218 προσβαλόντες
1111 3131 1193 3199 δέκα·

210 3226 253 3296 κά
277 3227 404 3314 μεγάλα
431 3230 608 3315 έργύζοντο
630 3232 686 3297 καὶ
704 3229 867 3316 μυναῖκάς
892 3248 997 3315 σφεας
1017 3225 1192 3299 ἀπεκάλεον.

163 3342 196 3392 τι
213 3321 307 3390 Κατά
324 3331 506 3412 συντυχίην
521 3328 558 3394 δέ
571 3332 746 3413 Μεγαρέες
760 3332 878 3413 ἔτυχον
891 3327 1072 3414 ταχθέντες
1081 3337 1121 3419 τῇ
1132 3322 1192 3396 mo*

213 3421 461 3509 ἐπιμαχώτατον
481 3416 526 3512 ήν
546 3432 607 3493 τοῦ
628 3432 754 3511 χωρίου
773 3427 915 3515 παντός,
940 3425 1032 3515 καὶὴ
1053 3428 1192 3509 πρόσοδος
