2500 3925
168 209 210 274 οε
539 212 806 292 ιιιιαοοοειΙ

162 373 224 460 μὲν
245 376 279 440 οί
290 376 408 443 πολλοὶ
427 375 563 460 λέγουσι
579 371 766 460 Ἑλλήνων,
789 370 841 441 ὅτι
857 371 920 460 τήν
931 379 1075 460 Πυθίην
1097 369 1185 442 ἀνέ-
1225 280 1228 415 Ι

161 489 271 557 γνωσε
284 465 325 536 τά
339 472 416 557 περὶ
426 470 633 558 Δημάρητον
645 471 811 558 γενόμενα
820 475 949 560 λέγειν,
964 468 1010 551 ὥς
1020 473 1057 540 δὲ
1068 468 1184 558 Ἀθη·
1226 432 1229 567 J

162 585 252 640 ναῖοι
265 572 420 658 λέγουσι,
435 569 521 639 διότι
535 574 569 651 ἐς
580 567 753 641 Ἐλευσῖνα
766 571 919 662 ἐσβαλεδν
934 579 1041 660 ἔκειρε
1060 570 1105 642 τδ
1124 577 1177 641 τέ-

162 695 262 756 μενος
277 675 345 736 τῶν
358 675 469 755 θεῶν,
486 666 532 749 ἀς
546 671 582 738 δέ
595 667 737 757 Ἀργεῖοι
743 722 755 757 ,
768 669 821 740 ὅτι
836 674 871 752 ἐξ
885 677 963 759 ίροῦ
979 669 1099 740 αὐτῶν
1114 678 1183 739 τοῦ

162 765 289 856 Ἀργον
300 765 459 856 ’Ἀργείων
469 766 549 847 τούς
560 768 819 857 καταφυγόντας
833 775 869 838 ἐκ
880 777 938 857 τῆς
951 769 1057 858 μάχης
1067 797 1181 838 κατα-
1229 737 1230 832 δ

161 869 285 953 γινέων
299 868 479 936 κατέκοπτε
492 870 548 936 καί
563 863 645 936 αάτδ
659 865 697 936 τό
709 866 810 947 ἄλσος
826 873 865 937 ἐν
878 866 996 959 ἀλογίη
1011 875 1103 957 ἔχων
1119 872 1182 937 έν-

114 979 149 1035 76
165 967 296 1052 έπρησε.
320 969 504 1051 Κλεομένει
515 963 582 1054 γάρ
596 968 834 1059 μαντευομένῳ
844 970 1058 1055 ένΔελφοτσι
1072 966 1179 1057 ἐχρή-
1231 1044 1232 1073 ρ

163 1072 230 1148 σθη
239 1060 360 1149 ’Ἀργος
374 1063 535 1150 αἱρήσειν.
579 1066 688 1134 ἐπείτε
706 1063 744 1134 δέ
756 1065 970 1153 Σπαρτιήτας
984 1065 1078 1151 ἀγων
1094 1063 1181 1133 ἀπί-
1231 1076 1232 1087 ’

163 1188 238 1230 κετο
266 1164 319 1230 ἐπὶ
339 1161 491 1249 ποταμὸν
512 1162 703 1252 Ἐρασῖνον,
728 1162 766 1245 ὃς
789 1170 920 1252 λέγεται
944 1168 1035 1255 ῥέειν
1056 1167 1096 1234 ἐκ
1118 1173 1178 1252 τῆς
1232 1196 1233 1243 ι

162 1265 399 1347 Στυμφηλίδος
409 1259 610 1352 λίμνης(τήν
620 1259 686 1349 γάρ
698 1260 739 1349 δή
747 1270 869 1350 λίμνην
880 1261 1006 1350 ταύτην
1015 1265 1050 1342 ἐς
1059 1262 1177 1349 χάσμα
1232 1252 1233 1291 ³

163 1354 289 1443 ἀφανές
304 1360 504 1428 ἐκδιδοῦσαν
514 1358 765 1447 ἀναφαίνεσθαι
779 1359 947 1449 ένἌργετ,
958 1359 997 1427 τό
1007 1361 1172 1429 ἐνθεῦτεν
1233 1348 1234 1421 ί

163 1455 243 1526 δέτδ
251 1457 343 1548 ὕδωρ
353 1456 416 1548 ἤδη
427 1467 526 1529 τοῦτο
537 1457 597 1529 ὑπ’
610 1457 769 1547 Ἀργείων
779 1457 953 1546 Ἐρασῖνον
962 1457 1176 1544 καλέεσθαι),
1234 1512 1235 1553 ,

163 1554 365 1643 ἀπικόμενος
380 1558 411 1626 δ’
430 1552 479 1627 ὧν
493 1557 511 1628 ό
525 1561 717 1645 Κλεομένης
738 1560 791 1626 ἐπὶ
807 1557 868 1626 τὸν
883 1554 1036 1645 ποταμόν
1050 1563 1173 1624 τοῦτον

163 1657 377 1744 ἐσφαγιάζετο
395 1655 495 1749 αὐτῷ.
523 1661 578 1727 καὶ
594 1655 636 1726 οὐ
649 1656 716 1745 γάρ
733 1656 889 1744 οὐδαμῶς
908 1661 1077 1742 ἐκαλλίρεε
1098 1660 1174 1723 δια-

162 1760 293 1843 βαίνειν
307 1781 382 1842 μιν,
403 1753 552 1841 ἄγασθαι
565 1758 629 1844 μέν
644 1762 709 1843 ἔφη
729 1763 791 1824 τοῦ
805 1754 980 1842 Ἐρασίνου
994 1752 1035 1822 οὐ
1051 1758 1175 1842 προδι-

163 1850 281 1932 δόντος
297 1851 376 1932 τούς
395 1855 571 1942 πολιήτας,
588 1853 757 1943 Ἀργείους
774 1857 888 1941 μέντοι
903 1852 977 1922 οὐδ’
994 1851 1039 1934 ὃς
1051 1850 1176 1938 χαιρή-
1236 1852 1237 1863 ’

162 1971 243 2021 σειν.
273 1948 354 2038 μετά
370 1954 406 2021 δέ
420 1960 525 2023 ταῦτα
539 1953 790 2044 ἐξαναχωρήσας
806 1951 869 2043 τήν
892 1950 1050 2041 στρατιήν
1068 1949 1174 2039 κατή-

161 2076 243 2136 γαγε
261 2052 293 2127 ἐς
310 2053 461 2139 Θυρέην,
476 2054 750 2140 σφαγιασάμενος
763 2054 800 2121 δὲ
814 2060 854 2142 τῇ
868 2051 1026 2140 θαλάσση
1041 2057 1174 2135 ταῦρον

162 2153 310 2216 πλοίοισί
327 2167 431 2235 σφεας
450 2148 554 2237 ήγαγε
574 2156 608 2229 ἐς
628 2178 663 2219 τε
683 2150 747 2239 τήν
771 2158 961 2240 Τιρυνθίην
980 2148 1095 2237 χάρην
1116 2153 1173 2216 καὶ

115 2263 148 2319 Π
163 2252 353 2332 Ναυπλίην.
394 2245 535 2337 Ἀργεῑοι
563 2247 596 2320 δ’
618 2247 768 2336 ἐβοήθεον
791 2249 1048 2336 πυνθανόμενοι
1064 2255 1173 2316 ταῦτα

162 2346 215 2412 ἐπὶ
228 2343 415 2413 θάλασσαν.
443 2342 488 2425 ὥς
501 2347 538 2415 δέ
552 2344 657 2434 ἀγχοῦ
671 2350 734 2434 μέν
747 2350 899 2434 ἐγίνοντο
912 2353 970 2432 τῆς
987 2352 1171 2430 Τίρυνθος,

159 2442 258 2535 χόρμ
270 2446 306 2512 δέ
316 2446 354 2511 ἐν
364 2442 471 2537 τούτῳ
482 2453 528 2536 τῷ
540 2448 648 2514 κέεται
657 2443 818 2533 ήΣήπεια
828 2442 968 2539 οὕνομα,
975 2446 1172 2529 μεταίχμιον

162 2539 203 2610 οὐ
210 2543 294 2628 μέγα
303 2540 523 2625 ἀπολιπόντες
534 2549 642 2627 ἵζοντο
652 2541 759 2613 ἀντίοι
771 2558 856 2612 τοῖσι
863 2546 1168 2628 Λακεδαιμονίοισι.

161 2643 311 2709 ἐνθαῦτα
326 2640 365 2729 δή
382 2648 416 2711 οί
429 2640 571 2732 Ἀργείοι
587 2642 651 2733 τήν
667 2647 729 2731 μέν
747 2648 783 2711 ἐκ
803 2647 865 2711 τοῦ
886 2647 1038 2729 φανεροῦ
1057 2640 1169 2726 μάχην

162 2734 224 2806 οὐκ
240 2740 431 2827 ἐφοβέοντο,
446 2740 529 2810 ἀλλά
541 2741 585 2831 μή
599 2744 689 2835 δόλφ
699 2741 887 2829 αἱρεθέωσι.
910 2736 1042 2826 καὶγὰρ
1054 2739 1168 2825 δήσφι

161 2838 195 2913 ἐς
215 2842 313 2904 τοῦτο
335 2834 372 2903 τό
399 2846 533 2927 πρῆγμα
556 2839 620 2927 εἶχε
642 2840 680 2910 τὰ
705 2838 925 2927 χρηστήριον,
955 2835 994 2905 τό
1014 2840 1167 2905 ἐπίκοινα

160 2941 277 3023 ἔχρησε
291 2933 312 3024 ή
327 2944 443 3025 Πυθίη
458 2940 609 3010 τούτοισί
622 2967 658 3009 τε
672 2943 728 3009 καὶ
742 2944 956 3025 Μιλησίοισι,
972 2942 1072 3022 λέγον
1084 2927 1164 3005 ὦδε·

198 3034 286 3106 Ἀλλ’
304 3036 419 3129 ότανή
435 3041 558 3129 θήλεια
573 3041 634 3112 τὸν
649 3041 774 3129 ἀρσενα
789 3038 954 3125 νικήσασα

198 3136 351 3226 Ἐξελάση
366 3143 421 3207 καὶ
435 3146 537 3220 κῦδος
551 3144 588 3209 ἐν
599 3138 797 3228 Ἀργείοισιν
811 3134 940 3223 ἀρηται,

206 3234 334 3316 Πεὶλάς
345 3236 503 3326 Ἀργείων
519 3239 755 3329 ἀμφιδρυφέας
767 3236 841 3305 τότε
855 3235 965 3324 θήσει,

307 3339 352 3403 ιτέ
361 3363 411 3415 τις
426 3341 510 3425 ἐρέει
524 3343 580 3407 καλ
594 3338 827 3423 ἐπεσσομένων
842 3330 1052 3417 ἀνθρώπων·

309 3460 325 3511 ς
341 3434 419 3515 όφις
434 3438 615 3520 τριέλικτος
632 3431 781 3502 ἀπώλετο
797 3434 895 3515 δουρὶ
909 3435 1101 3515 δαμασθείς,
