2500 3925
225 236 288 302 238
605 242 859 303 HERODOTI

224 426 288 468 ουν
303 392 429 488 πόντα,
447 402 503 470 καὶ
519 398 603 471 κατὰ
617 401 681 489 μὲν
695 406 843 473 ἔκαυσαν
857 404 1006 495 Δρυμὸν
1023 410 1130 480 πόλιν
1148 472 1153 489 ,
1170 434 1216 478 κον

224 500 261 570 δέ
271 496 455 586 Χαρόδρην
465 502 519 569 καλ
527 499 677 587 Ἔρωχον
688 504 743 570 καί
758 502 956 592 Τεθρώνιον
966 510 1027 576 καὶ
1038 504 1216 595 Ἀμφίκαιο

224 596 280 664 καί
298 599 421 666 Νέωνα
441 602 497 668 καὶ
515 600 657 678 Πεδιέας
677 601 732 668 καί
758 604 894 685 Τριτέας
914 607 969 672 καί
988 601 1176 675 Ἐλάτειαν
1193 630 1216 675 ιο

218 690 400 781 Τόμπολιν
416 698 471 765 καί
487 703 770 785 Παραποταμίους
786 698 869 770 καί”
860 708 971 790 Αβας,
995 695 1139 772 ἔνθα
1114 732 1161 792 ην
1175 704 1216 789 ίρὲι

219 788 825 886 ’Λπόλλωνοςπλοόσιον,δησαυροίσί
831 802 930 868 τεκαὶ
938 796 1156 889 ἀναθήμασι
1167 810 1216 868 τοὶ

223 898 310 959 λοτσι
321 888 686 981 κατεσκευασμένον·’
664 922 709 983 ην
718 896 754 965 δέ
765 901 820 965 καί
833 895 908 967 τότε
921 900 977 967 καὶ
988 904 1065 968 νῦν
1083 901 1216 985 έστίχρρ

223 990 361 1081 στήριον
374 988 515 1063 αότόδι·
536 995 704 1063 καὶτοῦτο
721 1022 758 1064 το
747 992 850 1085 ίρόν
865 1000 1085 1086 συλήσαντες
1102 1002 1216 1119 ένεὸιρο

222 1110 297 1159 σαν.
320 1099 380 1161 καί
389 1120 483 1172 τινας
499 1092 677 1175 διιόκοντες
690 1089 781 1164 είλον
797 1104 866 1164 τόν
882 1100 1034 1166 Φωκέων
1048 1094 1148 1186 πρός
1161 1110 1216 1164 τοῖσι

223 1190 354 1280 οὔρεσι,
371 1195 426 1263 καὶ
440 1193 603 1281 γυναίιιός
619 1220 713 1275 τινας
730 1196 930 1285 διέφθειραν
945 1197 1160 1285 μισγόμενοι
1174 1193 1216 1263 ότι

174 1310 208 1366 ³4
223 1292 380 1383 πλήθεος.
401 1303 683 1386 Παραποταμίους
700 1302 736 1368 δὲ
750 1300 1038 1388 παραμειβόμενοι
1055 1304 1100 1369 ol
1111 1300 1216 1388 βόρβυ

221 1423 274 1483 ροι
290 1392 450 1467 απίκοντο
472 1400 505 1479 ές
518 1401 704 1479 Πανοπέας.
736 1402 898 1469 ἐνθεῦτεν
917 1400 954 1468 δέ
968 1399 1036 1488 ἤδη
1059 1404 1216 1487 διακρινο

220 1497 304 1581 μένη
318 1492 339 1583 ἡ
354 1494 489 1585 στρατιὴ
507 1495 621 1565 αὐτῶν
632 1499 781 1586 ἐσχίζετο.
804 1495 841 1567 τό
853 1498 915 1587 μὲν
926 1505 1097 1566 πλεῖστον
1112 1498 1166 1566 καὶ
1177 1500 1216 1563 δν

220 1594 411 1665 νατοότατον
431 1604 492 1666 τοῦ
512 1604 657 1684 στρατοῦ
673 1596 742 1685 ἅμα
761 1595 851 1691 αὐτῷ
867 1599 972 1687 Ξέρξη
992 1594 1216 1685 πορευόμενον

220 1692 274 1764 ἐπ’
293 1693 439 1785 Ἀθήνας
460 1697 593 1787 ἐσέβαλε
610 1700 644 1778 ές
658 1703 843 1786 Βοιωτούς,
864 1700 896 1779 ές
910 1703 976 1785 γῆν
989 1693 1057 1785 τὴν
1077 1694 1216 1785 Ὀρχομε

219 1801 313 1864 νίων.
334 1803 493 1866 Βοιωτῶν
507 1796 544 1865 δέ
558 1802 628 1866 πᾶν
640 1795 678 1866 τὸ
692 1803 822 1886 πλῆθος
835 1796 981 1886 ἐμήδιζε,
1002 1793 1068 1876 τὰς
1087 1798 1127 1865 δέ
1141 1796 1210 1867 πόλει·

219 1890 332 1964 αὐτῶν
356 1891 476 1985 ἄνδρες
496 1896 694 1978 Μακεδόνες
720 1898 968 1984 διατεταγμένοι
989 1899 1199 1981 έσωζον,ισ
1166 1891 1199 1960 {a
1204 1889 1207 1899 ¹

215 1989 437 2082 Ἀλεξάνδρου
451 1991 658 2083 όποπεμφδέ
656 2022 738 2076 ντες.
761 1995 931 2078 ἔσωζονδὲ
942 1996 1041 2082 τῇδε,
1059 1993 1208 2080 βονλόμε

218 2116 272 2158 νοι
294 2095 398 2178 δῆλον
412 2097 540 2163 ποιέειν
553 2092 718 2213 Ξέρξη,”
697 2121 747 2163 οτι
768 2121 809 2161 τα
798 2089 958 2180 Μήδων
973 2097 1126 2163 Βοιωτοί
1146 2117 1216 2180 φροι

220 2191 337 2257 νέοιεν.
368 2183 530 2261 obtat}
489 2219 512 2278 μ
530 2221 552 2260 ν
569 2191 610 2279 δὴ
625 2199 693 2260 τῶν
707 2190 891 2281 βαρβάρων
905 2190 1009 2278 ταότη
1028 2191 1208 2279 ἐτράποντο,

169 2303 203 2358 ³5
221 2286 316 2355 ἄλλοι
333 2283 432 2355 δὲ’
390 2296 502 2358 αυτῶν
515 2288 683 2379 ἡγεμόνας
704 2296 832 2378 ἔχοντες
852 2287 1000 2376 ὦρμέατο
1023 2289 1138 2358 έπλ
1100 2316 1140 2359 το
1154 2287 1209 2374 ἱρόν

216 2413 253 2454 το
243 2383 306 2454 έν
315 2395 492 2476 Δελφοῖσι,
508 2392 545 2458 έν
556 2388 692 2480 δεξιῇ
658 2383 1182 2476 τονΠαρνησσὸναπέργοντες.”
1164 2405 1207 2453 οσο

217 2488 323 2555 δὲκαὶ
338 2480 431 2556 οὗτοι
448 2491 587 2576 έπέσχον
603 2496 662 2577 τῆς
673 2492 834 2575 Φωκίδος,
850 2486 960 2556 πάντα
975 2484 1206 2574 έσιναμοόρεον·

216 2588 272 2655 καί
288 2583 353 2674 γὰρ
368 2593 436 2654 τῶν
450 2589 639 2655 Πανοπέων
655 2583 718 2673 τὴν
737 2586 838 2654 πόλιν
852 2586 1043 2671 ἐνέπρησαν
1056 2587 1115 2652 καὶ
1131 2594 1205 2652 Δαν-

216 2692 298 2754 λίων
237 2686 369 2753 ίκαί
386 2690 433 2753 Ac
419 2687 580 2754 ί.ολιδέων
605 2685 806 2773 έπορεόοντο
823 2685 858 2751 δὲ
875 2680 980 2771 ταότη
994 2677 1204 2768 ἀποσχισθέν

216 2808 270 2861 τες
278 2807 337 2869 της
348 2779 450 2867 ἄλλης
464 2791 618 2871 στρατιῆς
631 2788 738 2852 τῶνδε
752 2777 936 2869 εἴνεκεν,“
916 2805 1002 2859 οκως
1016 2780 1204 2867 συλήσαντες

215 2879 252 2950 τό
269 2879 344 2969 ίρόν
354 2907 392 2948 το
381 2877 441 2949 έν
451 2893 616 2969 Δελφοῖσι
627 2889 758 2973 βασιλέϊ
765 2887 869 2972 Ξέρξη
880 2877 1128 2960 ἀποδέξαιεν
1088 2906 1132 2947 τα
1140 2903 1202 2966 χρη
1215 2901 1216 2952 1

215 3005 310 3066 ματα.
334 3002 443 3046 παντα
455 2978 486 3047 δ
499 2978 658 3068 ἠπίστατο
669 3011 708 3052 τα
697 2981 757 3051 έν
771 3009 816 3073 τῳ
803 2979 922 3073 ίρῷ”
902 3001 964 3048 οσα
975 2971 1115 3064 λόγου
1090 3005 1137 3067 ην
1145 2976 1201 3056 ἄξιε

215 3073 394 3162 Ξέρξης,“
372 3102 416 3154 ως
430 3073 495 3164 ε’γω
510 3077 791 3170 πυνθοριομαι,”
768 3103 908 3165 αμεινον
922 3073 944 3163 ἦ
959 3103 999 3145 τα
986 3074 1053 3143 έν
1068 3091 1152 3146 τοίσι
1165 3079 1199 3142 οί

215 3182 315 3244 κίοισι
326 3179 429 3260 ἔλιπε,
442 3183 575 3244 πολλων
586 3204 608 3244 α
608 3181 650 3246 ίεὶ
661 3178 840 3263 λεγόντων,
852 3178 907 3244 καὶ
915 3175 1057 3262 μάλιστα
1067 3200 1109 3242 τα
1096 3171 1198 3259 Κροί-

168 3292 201 3348 36
216 3297 279 3345 σου
295 3282 356 3343 τοῦ
369 3271 553 3343 Ἀλυοίττεω
565 3273 774 3364 ἀναθήματα.
798 3280 842 3344 OC
855 3277 891 3343 δέ
901 3278 1030 3362 Δελφοὶ
1041 3272 1199 3341 πυνθανό1

216 3399 310 3453 μενοι
325 3379 430 3438 ταῦτα
444 3374 477 3450 ές
491 3379 603 3441 πᾶσαν
618 3371 788 3459 ἀρρωδίην
805 3371 962 3458 ἀπίκατο,
988 3373 1024 3439 έν
1039 3377 1160 3458 δείματι
1173 3366 1197 3435 δὲ

216 3469 348 3559 μεγόλςο
363 3477 581 3548 κατεστεῶτες
593 3469 814 3556 έμαντεόοντο
828 3473 903 3559 περὶ
914 3478 982 3538 τῶν
992 3474 1075 3556 δρῶν
1087 3465 1197 3558 χρημό-
