2500 3925
185 212 248 279 316
561 214 814 283 ΗΕΒΟΒΜΙ

177 376 293 455 ’Ἇλπις
307 372 392 461 πρὸς
408 374 571 463 βορέην”
549 400 676 461 ανεμου
689 366 803 443 καλ
760 400 854 443 ουτοι
871 377 1004 464 ῥέοντες
1023 377 1185 445 ἐκδιδοῦσι

187 478 220 554 ἐς
234 472 348 543 αύτόν.
371 472 493 563 ῥέει
452 499 518 562 γαρ
531 472 571 560 66
589 470 644 541 διὰ
660 473 769 559 πάσης
779 480 837 560 τῆς
847 470 1046 561 Εύράπηςὸ
1052 464 1227 562 ’,Ιστροςζ

187 572 374 662 ἀρξάμενος
396 574 433 641 έκ
453 580 610 658 Κελτῶν,
627 580 663 641 οἳ
677 579 807 661 ἔσχατοι
819 571 905 662 πρὸς
925 571 1022 662 ἡλίου
1038 577 1227 661 δυσμέωνΙ

185 670 266 760 μετά
289 670 446 757 Κύνητας
466 674 614 741 οἰκέουσι
634 680 703 741 τῶν
731 676 768 741 έν
789 681 831 763 τῇ
852 670 1017 792 Εύριίπη·
1043 677 1130 764 ῥέων
1155 676 1227 742 δὲ

186 770 241 840 διά
257 770 364 857 πάσης
378 778 435 857 τῆς
449 766 616 894 Εύριίπης
632 769 716 849 ές
679 798 719 839 τα
736 771 860 858 πλάγια
875 779 933 860 τῆς
947 780 1125 861 Σκυθικῆς
1138 775 1188 841 έσ-
1225 753 1227 870 6

141 900 177 951 ιο
186 872 311 961 βάλλει.
331 864 513 939 Τούτων
486 898 535 939 οιν
549 878 618 939 τῶν
632 875 906 958 καταλεχθέντων
920 872 1010 941 κάλ’
987 883 1100 944 αλλοιν
1110 883 1227 941 πολ··

187 977 257 1041 λιδν
268 968 599 1057 συμβαλλομενοιν
564 996 601 1038 το
618 972 782 1056 σφέτερον
796 969 890 1058 ύδοιρ
901 969 1058 1056 γίνεταιὸ
1063 969 1190 1057 Ἴστρος

188 1074 347 1154 ποταμῶν
369 1069 538 1155 μέγιστος,
565 1070 637 1137 ἐπεὶ
657 1065 750 1154 ύδωρ
773 1094 811 1154 γε
831 1071 870 1135 έν
883 1066 969 1156 πρὸς
989 1071 1027 1136 ἓν
1041 1069 1192 1157 συμβάλ-

188 1177 261 1238 λειν
284 1162 301 1235 ὁ
323 1173 445 1246 Νεῖλος
469 1166 596 1255 πλήθει·
615 1163 829 1254 ἀποκρατέει·
861 1169 895 1246 ἐς
920 1164 986 1254 γάρ
1007 1165 1047 1255 66
1072 1173 1192 1235 τούτου

190 1266 268 1335 ούτε
285 1263 432 1352 ποταμὸς
443 1264 521 1334 ούτε
538 1266 648 1355 κρήνη
662 1264 802 1353 οὐδεμία
821 1268 1000 1335 ἐσδιδοῦσα
1014 1267 1048 1345 ές
1061 1264 1193 1351 πλῆθός

190 1373 225 1438 οί
237 1368 472 1455 συμβάλλεται.
496 1376 567 1447 ίσος
585 1365 623 1435 δέ
636 1370 700 1435 αίεὶ
714 1370 782 1456 ῥέει
796 1372 835 1436 έν
847 1393 884 1435 τε
896 1370 993 1449 θέρει
1005 1366 1061 1433 καλ
1073 1367 1110 1433 έν
1128 1391 1193 1451 χει-

177 1473 276 1554 μύνι
291 1462 443 1553 δ”Ιστρος
459 1462 543 1533 κατά
559 1466 692 1534 τοιόνδε
704 1492 737 1534 τι
743 1516 754 1551 ,
770 1463 814 1545 άις
825 1469 897 1553 ἐμοί
911 1468 1034 1534 δοκέει·
1055 1471 1121 1533 τοῦ
1136 1465 1194 1551 μὲν

187 1562 352 1652 χειμῶνός
368 1566 437 1632 ἐστι
452 1562 530 1643 ὅσος
547 1590 608 1651 περ
624 1566 710 1651 έστλ,
734 1561 835 1657 ὀλίγῳ
856 1591 892 1632 τε
911 1567 1018 1651 μέζων
1032 1569 1092 1650 τῆς
1109 1564 1194 1632 ἑωυ-

188 1670 249 1733 τοῦ
272 1663 393 1750 φύσιος
407 1669 550 1750 γίνεται·
573 1661 669 1731 ὕεται
683 1659 749 1750 γάρ
765 1659 786 1750 ἡ
801 1671 844 1751 γῆ
859 1661 944 1749 αύτη
957 1669 1019 1730 τοῦ
1032 1668 1196 1749 χειμῶνος

189 1764 331 1849 πάμπαν
349 1760 467 1854 ὀλίγῳ,
495 1769 621 1855 νιφετῷ
644 1765 680 1831 δέ
695 1764 805 1831 πάντα
824 1771 951 1851 χρᾶται.
995 1768 1057 1830 τοῦ
1077 1764 1115 1829 δὲ
1136 1761 1196 1828 θέ-

191 1888 266 1951 ρεος
286 1858 306 1949 6
327 1860 410 1949 χιοδν
429 1860 450 1950 6
473 1866 509 1931 έν
526 1870 572 1954 τῳ
586 1869 724 1949 χειμῶνι
740 1870 904 1950 πεσοῦσα,
930 1864 1031 1931 έούσα
1045 1859 1197 1948 άμῳιλα-

190 1968 271 2053 φης,
299 1969 464 2052 τηκομένη
486 1965 661 2035 πάντοθεν
674 1968 803 2035 έσδιδολ
820 1969 853 2045 ές
867 1962 1086 2053 τὸνἽστρον·
1112 1962 1197 2049 αὕτη

188 2091 223 2133 τε
236 2059 307 2150 666
322 2060 405 2148 χιών
421 2061 599 2133 ἐσδιδοῦσα
615 2067 648 2143 ές
661 2062 767 2134 αύτδν
780 2064 996 2151 συμπληθύει
1007 2067 1064 2133 καὶ
1074 2063 1199 2152 ὄμβροι

189 2165 311 2231 πολλοί
321 2185 357 2227 τε
377 2163 433 2227 καί
447 2160 567 2249 λάβροι
584 2161 651 2231 σύν
667 2161 768 2252 αὐτῇ·
795 2161 849 2230 ύει
868 2159 934 2249 γάρ
958 2160 1000 2250 66
1018 2159 1056 2231 τὰ
1082 2166 1199 2249 θέρος.

191 2261 259 2353 ὅσῳ
275 2261 312 2327 δέ
327 2261 430 2327 πλέον
445 2258 496 2327 ἐπ’
514 2260 642 2330 έοιυτόν
654 2261 748 2350 ύδοιρ
766 2258 783 2329 6
801 2260 896 2348 ἥλιος
910 2263 1082 2331 ἐπέλκεται
1099 2265 1141 2331 έν
1154 2267 1200 2352 τῷ
1225 2284 1227 2295 ·

189 2363 325 2444 θέρείη
312 2354 326 2380 ''
349 2359 386 2424 έν
408 2364 453 2448 τῷ
470 2366 625 2447 χειμῶνι,
647 2359 797 2453 τοσούτῳ
817 2357 859 2427 τά
874 2361 1136 2447 συμμισγόμενα
1155 2365 1227 2450 τῷ.
1225 2306 1227 2469 6

180 2460 300 2550 Ἴστρῳ
314 2458 548 2546 πολλαπλησιά
563 2462 631 2528 ἐστι
645 2484 706 2528 του
692 2456 872 2547 θέρεος”
848 2483 933 2547 ηπερ
944 2465 1006 2525 τοῦ
1015 2462 1227 2549 χειμῶνος,Ι

191 2558 427 2645 ἀντιτιθέμενα
448 2561 608 2628 δὲταῦτα
625 2557 848 2646 άντισηκωσις
869 2563 996 2644 γίνεται
1017 2553 1107 2625 ὥστε
1123 2567 1227 2626 ἴσον

190 2687 249 2746 μιν
260 2661 324 2728 αίελ
339 2685 387 2744 φα
389 2663 523 2726 ίνεσθαι
541 2657 648 2726 έόντα.
1225 2714 1227 2717 .

145 2786 178 2838 51
277 2755 331 2838 Εις
358 2761 421 2847 μέν
453 2757 492 2846 66
522 2786 590 2828 τιιυ
616 2767 776 2847 ποταμῶν
801 2774 886 2828 τοῖσι
901 2756 1076 2880 ,Σκύθησί
1088 2742 1227 2827 ἔστιδ’

179 2857 319 2946 Ἴστρος,
350 2855 431 2944 μετὰ
461 2857 497 2925 δέ
524 2864 646 2926 τούτου
675 2855 846 2945 Τύρης,“
826 2885 862 2935 ος
890 2853 956 2924 άπὸ
989 2853 1104 2945 βορέω
1140 2857 1227 2943 μὲν

191 2953 350 3044 άνέμου
335 2964 494 3044 ορμάται,
521 2957 655 3046 άρχεται
675 2961 713 3028 δέ
735 2961 823 3049 ῥέων
840 2961 876 3027 έκ
898 2964 1017 3047 λίμνης
1037 2961 1210 3046 μεγάλης,

190 3055 213 3146 6
228 3053 350 3141 οὐρίζει
364 3055 426 3144 τήν
438 3082 474 3125 τε
490 3057 672 3145 Σκυθικὴν
686 3060 741 3127 κοιλ
758 3055 821 3146 την
834 3059 986 3144 Νευρίδα
995 3063 1071 3144 γῆν.
1094 3059 1151 3126 ἐπὶ
1169 3057 1212 3124 δὲ

189 3163 236 3248 τῷ
252 3156 388 3243 στόματι
401 3153 507 3224 αύτού
522 3154 915 3245 κατοίκηνταιἝλληυες,
930 3162 965 3223 οἳ
980 3162 1127 3240 Τυρῖται
1140 3183 1214 3222 κα-

139 3275 174 3326 52
190 3258 330 3326 λέονται.
384 3263 502 3342 Τρίτος
524 3257 560 3326 δέ
577 3256 717 3338 Ὕπανις
738 3255 885 3346 ποταμὸς
906 3254 1050 3345 ὁρμᾶται
1074 3260 1144 3346 μέν
1170 3263 1215 3327 ἐκ

189 3361 247 3442 τῆς
263 3362 456 3443 Σκυθικῆς,
477 3358 546 3445 ῥέει
567 3357 603 3425 δέ
628 3360 664 3426 έκ
686 3364 805 3445 λίμνης
826 3356 988 3444 μεγάλης,
1016 3353 1082 3442 τὴν
1104 3360 1219 3445 πέριξ

190 3453 346 3534 νέμονται
372 3454 469 3520 ἵπποι
499 3452 612 3543 άγριοι
642 3464 766 3526 λευκοί.
818 3459 968 3526 καλέεται
994 3451 1027 3522 δ’
1049 3452 1071 3542 6
1096 3463 1219 3546 λίμνη
