2500 3925
203 243 268 307 262
584 247 835 306 HERODOTI

204 404 264 494 δη,
281 401 328 485 ὥς
342 405 509 492 πρότερον
524 415 662 525 είρηται,
680 409 829 494 διέφυγε,
843 401 932 495 ἦσαν
944 410 985 477 δὲ
998 410 1063 477 καὶ
1076 411 1110 475 οί
1120 406 1193 476 ἄλλα

204 514 271 573 τῶν
287 510 324 573 αί
336 509 408 585 νέες
424 504 717 592 περιεγεγόνεσαν,
736 509 773 575 έν
786 534 832 598 ιφ
818 507 1013 598 Φαλήρῳ.

154 627 190 683 94
286 603 499 729 Ἀδείμαντον
519 604 612 673 δέ
577 630 638 671 του
658 612 847 692 Κορίνθιον
866 602 1072 693 στρατηγόν
1093 605 1209 688 λέγοιτ’,

199 701 373 788 Ἀθηναῖοι
385 700 505 770 αύτίκα
518 700 592 770 κατ’
609 700 723 789 ἀρχάς,
740 701 785 783 ύς
796 708 1005 791 συνέμισγον
1019 706 1063 770 αί
1072 702 1197 783 νέες,εἰ-
1209 712 1210 719 ’

202 802 370 889 πλαγέντα
382 826 418 870 τε
433 804 491 869 καλ
505 798 765 889 ὑπερδείσαντα,
781 829 822 869 τα
811 798 957 869 ίοτία’
939 800 1158 887 αειράμενον
1171 808 1199 863 οι·-

202 910 322 988 χεσθαι
333 900 515 987 φεύγοντα,
531 899 665 979 ἰδόντας
675 901 712 968 δέ
722 897 801 979 τούς
812 906 1031 986 Κορινθίους
1045 895 1115 983 τὴν
1127 916 1214 995 στρι-ῐ

202 1005 320 1086 τηγίδα
339 1002 536 1088 φεύγουσαν
552 1000 711 1081 ὡσαύτως
731 1012 890 1089 οίχεσθαι.
921 999 1026 1081 ὡςδὲ
1055 999 1126 1085 ἄρα
1141 998 1200 1083 φεύ

201 1125 323 1185 γοντας
336 1105 493 1187 γίνεσθαι
506 1108 564 1187 τῆς
574 1106 782 1187 Σαλαμινίης
790 1097 875 1167 κατὰ
887 1097 924 1167 τό
939 1098 1025 1187 ίρὸν
1039 1098 1201 1183 Ἀθηναίης

201 1198 382 1284 Σκιράδος,
399 1204 609 1285 περιπίπτειν
619 1221 680 1286 σφι
690 1201 810 1285 κέλητα
822 1206 901 1285 θείη
911 1205 1050 1286 πομπῇ,
1068 1193 1136 1263 τὸν
1146 1192 1200 1260 οὔτε

201 1297 376 1380 πέμψαντα
390 1302 539 1383 φανῆναι
553 1293 693 1383 οὐδένα,
717 1294 795 1365 ούτε
814 1301 926 1364 τιτῶν
944 1294 1012 1363 ἀπό
1039 1302 1107 1381 τῆς
1124 1313 1202 1376 στρα-

200 1399 272 1480 τιῆς
282 1392 387 1463 εἰδόσι
393 1397 646 1482 προσφέρεσθαι
656 1408 741 1463 τοῖσι
748 1402 970 1481 Κορινθίοισι.
984 1399 1077 1484 τῇδε
1089 1393 1127 1461 δὲ
1135 1412 1199 1475 συμ-

198 1494 379 1582 βάλλονται
395 1492 480 1563 εἶναι
493 1504 591 1564 θετον
611 1492 649 1561 τό
665 1500 817 1583 πρῆγμα·
847 1492 891 1573 ὡς
906 1493 971 1581 γὰρ
987 1494 1109 1582 άγχοῦ
1125 1492 1200 1579 γενέ

198 1603 280 1661 σθαι
291 1600 359 1661 τῶν
370 1600 469 1680 νεῶν,
480 1592 560 1672 τούς
569 1591 636 1661 άπδ
648 1599 709 1660 τοῦ
720 1595 855 1679 κέλητος
864 1598 975 1679 λέγειν
984 1595 1093 1661 τάδε·
1114 1591 1196 1658 Ἀδεί-

197 1716 317 1777 μαντε,
341 1688 385 1757 σύ
402 1692 464 1777 μέν
478 1688 688 1778 ἀποστρέψας
706 1688 765 1770 τὰς
779 1694 856 1769 νέας
871 1692 904 1769 ές
919 1688 1040 1777 φυγὴν
1061 1688 1197 1775 ὅρμησαι

196 1788 428 1876 καταπροδοὺς
444 1788 524 1868 τούς
536 1787 713 1875 Ἕλληνας·
739 1796 773 1857 οί
786 1789 822 1857 δὲ
838 1791 893 1857 καλ
907 1786 947 1874 δὴ
959 1784 1192 1865 νικέουσι,ὅσοι

196 1887 292 1958 αύτολ
305 1885 446 1976 ήρέοντο
459 1892 675 1976 ἐπικρατῆσαι
690 1895 758 1956 τῶν
775 1892 916 1976 ἐχθρῶν.
953 1895 1074 1955 Ταῦτα
1094 1883 1194 1970 λεγόν
1217 1896 1218 1933 ι

196 2015 281 2074 των,
296 1987 466 2057 ἀπιστέειν
478 1985 544 2075 γάρ
559 1986 620 2056 τόν
631 1986 863 2076 Ἀδείμαντον,
877 1983 972 2067 αὖτις
983 1989 1072 2055 τάδε
1088 1988 1191 2070 λέγειν,

197 2083 242 2165 τός
256 2083 351 2154 αύτοὶ
365 2083 479 2156 οἷοίτε
494 2086 560 2154 εἷεν
575 2085 736 2174 ἀγόμενοι
751 2086 872 2176 ὅμηροι
887 2086 1145 2175 ἀποθνήσκειν,
1163 2077 1192 2165 ἢν

195 2186 240 2273 μὴ
253 2184 420 2263 υικέοντες
433 2193 619 2271 φαίνωνται
638 2193 672 2255 οί
678 2185 843 2276 Ἕλληνες.
872 2187 961 2256 οὕτω
981 2187 1024 2275 δὴ
1040 2181 1190 2265 ἀποστρέ-

195 2299 305 2364 ψαντα
318 2282 381 2371 την
395 2286 455 2352 νέα
469 2283 575 2353 αύτόν
585 2311 621 2353 τε
633 2283 689 2352 καὶ
704 2285 783 2366 τούς
797 2285 919 2365 ἄλλους
934 2283 986 2354 ἐπ’
1003 2277 1191 2373 έξεργασμέ

194 2404 283 2452 νοισι
298 2387 412 2453 ἐλθεῖν
433 2385 466 2462 ές
478 2385 515 2450 τό
532 2383 768 2470 στρατόπεδον.
811 2385 959 2462 Τούτους
981 2385 1046 2468 μέν
1066 2374 1187 2455 τοιαύτη

194 2481 293 2569 φάτις
307 2479 405 2568 έχει’
387 2479 453 2550 υπό
467 2480 668 2568 Ἀθηναίων,
685 2508 728 2549 ου
717 2479 905 2568 ”μέντοι
864 2488 964 2548 αυτοί
971 2507 1007 2566 γε
1020 2481 1189 2562 Κορίνθιοι

192 2583 428 2674 ὁμολογέουσι,
451 2582 525 2653 ἄλλ’
543 2587 580 2651 έν
592 2583 755 2672 πρώτοισι
774 2587 877 2669 σφέας
898 2578 1022 2659 αύτούς
1045 2587 1104 2666 τῆς
1118 2599 1186 2643 ναυ-

192 2690 309 2770 μαχίης
323 2689 494 2770 νομίζουσι
508 2685 685 2770 γενέσθαι,
700 2693 865 2769 μαρτυρεῖ
875 2682 915 2747 δέ
931 2698 992 2764 σφι
1009 2674 1099 2745 καλ
1081 2703 1103 2763 η
1119 2672 1185 2752 άλλη

141 2798 176 2852 95
185 2780 310 2858 Ελλάς.
330 2778 531 2866 Ἀριστείδης
523 2779 607 2848 δὲ’
593 2808 611 2846 ο
626 2775 854 2864 Λυσιμάχου’
835 2774 922 2865 ανὴρ
932 2775 1122 2864 Ἀθηναῖος,
1137 2772 1182 2837 τοῦ

191 2883 245 2947 καλ
265 2877 366 2968 ὀλίγφ
381 2904 412 2944 τι
433 2878 600 2966 πρότερον
619 2879 750 2946 τούτων
770 2876 987 2963 ἐπεμνήσθην
1009 2872 1056 2954 ὡς
1077 2864 1183 2954 ἆνδρός

189 2978 347 3065 ἀρίστου,
363 2968 462 3054 οὗτος
476 2979 514 3044 έν
529 3005 576 3069 τφ
561 2976 732 3068 θορύβφ
749 2976 857 3064 τούτῳ
871 2999 917 3064 τςο
904 2976 1005 3060 περὶ
1020 2982 1180 3056 Σαλαμῖνα

187 3076 357 3166 γενομέυφ
372 3074 452 3142 τάδε
472 3080 596 3165 ἐποίεε·
623 3072 829 3162 παραλαβων
833 3043 992 3150 πολλούς
1011 3079 1081 3138 τῶν
1102 3066 1181 3137 ὁπλι-

186 3177 287 3255 τέων,
309 3180 344 3240 οἳ
354 3174 602 3261 παρατετάχατο
615 3173 707 3262 παρὰ
722 3200 785 3260 την
799 3169 903 3258 άκτην
917 3179 974 3256 τῆς
990 3169 1178 3278 Σαλαμινίης

188 3270 311 3356 ηιάρης,
331 3270 479 3353 γένος”
443 3297 555 3350 εοντες
570 3269 759 3358 Ἀθηναῖοι,
778 3267 862 3349 ές
826 3295 888 3358 την
908 3271 1119 3338 Ψυττάλειαν
1132 3267 1178 3345 νῆ·

186 3386 248 3433 σον
269 3364 414 3452 ἀπέβησε
431 3367 541 3454 άγων,
569 3377 608 3438 οἳ,
620 3366 701 3446 τούς
720 3373 852 3454 Πέρσας
871 3366 951 3446 τούς
973 3369 1010 3435 έν
1029 3372 1070 3454 τῇ
1085 3363 1174 3451 νησῖδι

185 3488 290 3549 ταυτη
306 3464 560 3549 κατεφόνευσαν
576 3467 715 3544 πάντας.
