2500 3925
165 250 227 314 ιεσ
538 249 793 328 οεεοοοτι

163 411 384 500 μνημόσυνον
408 413 542 494 ἑαυτῆς.
579 412 637 492 τῆς
661 398 711 472 τόν
737 405 878 492 δεκάτης
899 413 970 474 τῶν
995 402 1180 491 χρημάτων

163 511 373 596 ποιησαμένη
405 503 545 595 ὀβελούς
573 504 769 593 βουπόρους
803 501 953 584 πολλούς
985 504 1180 589 σιδηρέους,

163 607 247 676 ὅσον
261 607 422 694 ἐνεχόρεε
440 603 461 692 ἡ
478 603 599 689 δεκάτη
615 607 663 688 οί,
688 598 862 688 ἀπέπεμπε
882 603 917 681 ἐς
936 599 1123 687 Δελφούς·
1152 603 1182 664 οἳ

162 708 219 777 καί
238 713 305 774 νῦν
327 711 374 773 έτι
394 704 613 770 συννενέαται
635 699 759 770 ὄπισθε
781 703 844 786 μέν
864 706 928 767 τοῦ
948 703 1090 786 βωμοῦ,
1121 691 1181 762 τδν

108 845 111 854 ·
163 817 240 878 Χῖοι
255 804 442 891 ἀνέθεσαν,
471 801 590 871 ἀντίου
610 803 647 870 δὲ
668 798 851 868 αὐτοῦτοῦ
871 806 970 886 νηοῦ.
1021 801 1181 884 φιλέουσι

162 907 281 983 δίκας
303 906 342 972 ἐν
355 909 395 991 τῇ
410 900 587 986 Ναυκράτι
608 897 827 985 ἐπαφρόδιτοι
847 902 1009 983 γίνεσθαι
1031 899 1070 962 αί
1091 896 1184 962 έταῑ-

162 1029 235 1092 ραι·
264 1007 364 1069 τοῦτο
384 999 448 1085 μέν
466 996 532 1085 γάρ
546 996 649 1083 αὕτη,
678 1002 736 1080 τῆς
755 997 833 1079 πέρι
849 996 983 1080 λέγεται
1000 989 1062 1060 ὅδε
1083 989 1104 1060 ὁ
1122 992 1181 1062 λό-

160 1129 238 1190 γος,
270 1099 359 1168 οὕτω
385 1098 428 1184 δή
452 1123 483 1163 τι
507 1091 620 1180 κλεινή
652 1092 797 1179 ἐγένετο,
830 1085 961 1168 (ὅςκαὶ
994 1083 1125 1164 πάντες
1152 1085 1185 1152 οί

152 1203 311 1288 Ἕλληνες
330 1195 507 1276 Ῥοδώπιος
523 1189 673 1281 τοῦνομα
691 1192 874 1278 ἐξέμαθον,
898 1190 1001 1266 τούτο
1020 1184 1060 1252 δὲ
1077 1182 1184 1254 ύστε·
1234 1214 1240 1276 ιζ

163 1324 226 1384 ρον
245 1297 368 1380 ταύτης
387 1300 427 1382 τῇ
448 1291 577 1378 ούνομα
599 1285 646 1378 ήν
662 1288 830 1376 Ἀρχιδίκη
844 1285 1001 1374 ἀοίδιμος
1023 1283 1093 1354 ἀνά
1119 1284 1182 1373 τήν
1236 1283 1240 1364 'J

156 1394 298 1465 Ἐλλάδα
313 1395 461 1479 ἐγένετο,
490 1394 591 1459 ἕσσον
604 1391 641 1457 δέ
662 1395 720 1475 τῆς
737 1391 850 1474 ἑτέρης
862 1385 1180 1474 περιλεσχήνευτος.
1239 1383 1240 1386 ’

162 1493 316 1579 Χάραξος
329 1489 366 1557 δὲ
383 1487 427 1567 ὡς
441 1487 630 1572 λυσάμενος
645 1483 808 1552 Ῥοδοπιν
818 1480 1031 1567 ἀπενόστησε
1047 1484 1082 1561 ές
1100 1489 1181 1548 Μυ-

162 1589 320 1675 τιλήνην,
353 1589 390 1654 ἐν
409 1589 501 1672 μέλεϊ
518 1580 653 1670 Σαπφιδ
675 1581 784 1652 πολλὰ
808 1581 1084 1668 κατεκερτόμησέ
1111 1605 1181 1666 μιν.

157 1683 336 1767 Ῥοδόπιος
352 1682 584 1771 μέννυνπέρι
598 1682 780 1766 πέπαυμαι.
1239 1675 1240 1756 j

98 1804 148 1860 1³6
247 1781 344 1852 Μετά
367 1787 404 1851 δὲ
424 1790 623 1869 Μυκερῖνον
642 1781 805 1865 γενέσθαι
824 1776 1007 1864 Αἰγύπτου
1035 1780 1182 1862 βασιλέα
1239 1849 1240 1856 ,

162 1893 279 1972 ἐλεγον
292 1885 326 1950 οί
337 1884 423 1969 ίρέες
435 1879 622 1965 Ἄσυχιν,
648 1873 708 1945 τόν
723 1872 764 1942 τά
779 1871 866 1962 πρδς
881 1871 979 1961 ἥλιον
994 1871 1184 1960 ἀνίσχοντα

162 1992 300 2070 πατῆσαι
313 1988 360 2071 τῷ
373 1978 544 2067 Ἡφαίστφ
558 1974 771 2062 προπύλαια,
793 1972 893 2042 ἐόντα
909 1980 1026 2063 πολλῷ
1041 1999 1080 2041 τε
1098 1972 1185 2041 κάλ·

163 2092 258 2151 λιστα
280 2080 336 2147 καί
354 2082 467 2165 πολλῷ
487 2077 633 2160 μέγιστα.
674 2077 739 2158 έχει
760 2070 823 2157 μέν
844 2070 912 2159 γάρ
933 2076 991 2142 καί
1008 2072 1050 2142 τά
1068 2074 1184 2141 πάντα

163 2174 356 2263 προπύλαια
375 2172 504 2250 τύπους
525 2197 561 2239 τε
582 2170 874 2256 ἐγγεγλυμμένους
894 2174 951 2239 καὶ
972 2170 1085 2259 ἀλλην
1099 2170 1185 2254 ὄψιν

165 2272 441 2359 οἰκοδομημάτων
460 2276 602 2357 μυρίην,
631 2270 742 2337 ἐκεῖνα
757 2270 795 2336 δέ
816 2271 873 2337 καί
886 2276 1007 2361 μακρῷ
1022 2271 1183 2357 μάλιστα.

165 2374 217 2441 ἐπί
230 2370 354 2439 τούτου
372 2368 609 2458 βασιλεύοντος
623 2372 740 2452 ἔλεγον
754 2363 886 2454 ἀμιξίης
907 2367 1033 2455 ἐούσης
1054 2374 1187 2454 πολλῆς

163 2465 343 2558 χρημάτων
361 2470 520 2552 γενέσθαι
540 2465 650 2552 νόμον
670 2470 901 2554 Αἰγυπτίοισι,
923 2465 1185 2537 ἀποδεικνύντα
1239 2516 1240 2529 ι

164 2567 324 2650 ἐνέχυρον
350 2570 411 2630 τοῦ
435 2561 561 2650 πατρός
583 2559 646 2630 τόν
668 2565 774 2629 νέκυν
799 2562 890 2631 ούτα
917 2568 1115 2654 λαμβάνειν
1146 2565 1185 2635 τδ

164 2665 273 2750 χρέος·
296 2668 525 2749 προστεθῆναι
545 2660 582 2729 δὲ
602 2666 649 2729 ἐτι
663 2659 772 2751 τούτῳ
793 2669 840 2752 τῷ
861 2664 959 2755 νόμςο
974 2665 1099 2752 τόνδε,
1122 2665 1186 2734 τδν

164 2758 303 2827 διδόντα
320 2758 357 2825 τὰ
378 2765 474 2845 χρέος
495 2762 550 2828 καί
572 2757 703 2845 ἀπάσης
717 2764 872 2844 κρατέειν
891 2770 951 2851 τῆς
966 2774 1031 2833 τοῦ
1046 2768 1187 2853 λαμβά-

163 2881 282 2935 νοντος
306 2856 433 2943 θήκης,
462 2863 509 2943 τῷ
535 2856 572 2924 δέ
595 2855 794 2927 ὑποτιθέντι
821 2868 925 2930 τοῦτο
948 2862 988 2932 τδ
1016 2869 1184 2954 ένέχυροι

161 2956 263 3045 τήνδε
297 2962 423 3028 ἐπεῖναι
454 2963 572 3045 ζημίην
603 2955 650 3043 μὴ
681 2962 878 3053 βουλομένῳ
911 2961 1111 3035 ἀποδοῦναι
1143 2968 1185 3037 τό

164 3060 278 3147 χρέος,
304 3056 379 3147 μήτ’
408 3054 500 3147 αύτῷ
524 3054 756 3143 τελευτήσαντι
782 3058 870 3130 εἶναι
895 3070 1007 3152 ταφῆς
1033 3072 1189 3156 κυρῆσαι

163 3152 239 3243 μήτ’
265 3156 303 3221 ἐν
319 3153 434 3241 ἐκείνφ
448 3159 494 3242 τῷ
509 3160 665 3245 πατρωίφ
678 3156 775 3250 τάφφ
789 3157 867 3247 μήτ’
884 3163 923 3230 έν
937 3161 1033 3257 ἀλλφ
1047 3168 1187 3253 μηδενὶ,

163 3249 240 3340 μήτ’
261 3249 366 3317 ἀλλον
385 3252 513 3334 μηδένα
532 3260 601 3319 τῶν
617 3256 746 3322 ἐαυτοῦ
765 3254 1028 3347 ἀπογενόμενον
1049 3267 1186 3349 θάψαι·

162 3349 413 3436 ὑπερβαλέσθαι
434 3348 471 3415 δέ
490 3352 701 3438 βουλόμενον
720 3361 844 3424 τοῦτον
858 3355 921 3427 τόν
938 3368 1086 3447 βασιλέα
1102 3362 1189 3442 τοὺς

163 3445 328 3533 πρότερον·
345 3446 470 3510 ἕν’·ὀὖ
490 3453 645 3530 βασιλέας
664 3456 871 3539 γενομένους
891 3459 1079 3544 Αἰγύπτου
1095 3490 1189 3549 μνη-
