2500 3925
156 273 216 339 142
553 283 805 341 HERODOTI

153 443 309 528 σοφισταί
323 441 468 527 μεζόνως
482 443 662 528 ἐξέφηναν·
691 440 751 511 τόν
766 441 797 511 δ’
822 436 871 512 όν
887 441 1018 531 φαλλόν
1032 442 1094 512 τόν
1113 450 1163 535 τῷ

153 540 313 630 Διονύσῳ
332 540 550 627 πεμπόμενον
566 539 777 627 Μελάμπους
798 543 865 612 έστλ
886 539 903 612 6
926 541 1164 630 κατηγησάμε-

152 667 226 726 νος,
257 640 312 707 καλ
329 635 395 706 άπὸ
409 639 534 707 τούτου
547 639 717 726 μαθόντες
731 649 863 709 ποιεῦσι
879 637 920 709 τά
935 645 1069 708 ποιεῦσι
1081 635 1163 708 Ἕλ-

150 746 257 824 ληνες.
282 733 347 824 ἐγω
360 738 425 823 μέν
440 737 507 806 νύν
524 765 608 827 φημι
620 739 833 827 Μελάμποδα
849 739 1035 826 γενόμενον
1050 736 1162 824 ἄνδρα

151 832 260 922 σοφόν
277 835 442 925 μαντικήν
458 861 493 904 τε
507 839 620 929 εωυτῷ
636 845 796 926 συστῆσαι
811 842 866 908 καί
879 838 1079 926 πυθόμενον
1097 831 1159 904 ἀπ’

150 935 326 1021 Αἰγύπτου
348 933 433 1004 ἄλλα
453 961 490 1003 τε
511 933 619 1005 πολλά
637 937 865 1024 ἐσηγήσασθαι
881 933 1016 1022 Ἐλλησι
1039 936 1096 1002 καί
1116 921 1160 1000 τά
1245 1011 1247 1042 ⁵

150 1035 226 1119 περὶ
253 1029 313 1098 τόν
333 1030 525 1122 Διόνυσρν,
553 1029 650 1156 ὀλίγα
675 1031 788 1102 αὐτῶν
811 1028 1161 1121 παραλλάξαντα·ού
1245 1049 1246 1070 ³

149 1136 213 1220 γὰρ
236 1131 277 1220 δή
298 1145 483 1218 συμπεσεῖν
514 1159 554 1219 γε
575 1133 673 1221 φήσω
693 1134 735 1202 τά
750 1159 786 1202 τε
807 1136 905 1202 ένί
859 1139 905 1202 A
903 1135 1019 1225 γύπτρι
1036 1130 1157 1202 ποιεύ-

149 1257 279 1322 μενα
247 1256 292 1298 τω
279 1236 379 1320 θεῷ
393 1233 447 1298 καί
461 1257 502 1298 τα
490 1228 553 1299 ἐν
569 1245 655 1299 τοῖσι
664 1229 814 1318 Ἕλλησι·
837 1228 1008 1319 ὁμότροπα
1029 1225 1096 1316 γάρ
1111 1223 1160 1294 ἄν

148 1323 191 1418 ἦν
206 1344 291 1398 τοῖσι
305 1297 440 1416 Ἕλλησι
461 1331 516 1398 καὶ
532 1355 575 1396 ου
564 1327 710 1398 ’νεωστὶ
727 1332 900 1417 ἐσηγμένα.
933 1326 975 1398 οῦ
990 1325 1058 1415 μήν
1073 1322 1160 1394 οὐδὲ

148 1429 261 1519 φήσω,
287 1427 372 1508 όκως
387 1429 567 1516 Αίγύπτιοι
580 1425 662 1517 παρ’
680 1427 849 1517 Ελλήνων
868 1422 1031 1517 έλαβον”
1009 1452 1031 1512 η
1051 1431 1158 1492 τοῦτο

146 1526 167 1616 ή
183 1526 264 1597 άλλο
279 1527 344 1595 κού
354 1552 386 1596 τι
397 1527 549 1614 νόμαιον.
573 1533 746 1597 πυθέσθαι
764 1531 804 1596 δέ
814 1553 871 1616 μοι
885 1531 992 1597 δοκέει
1008 1526 1158 1614 μάλιστα

146 1628 356 1717 Μελάμπους
369 1626 410 1697 τά
425 1630 501 1716 περὶ
514 1628 575 1698 τόν
590 1629 766 1698 Διόνυσον
781 1627 870 1715 παρὰ
882 1627 1024 1713 Κάδμου
1038 1650 1076 1692 τε
1090 1632 1159 1691 τοῦ

147 1737 275 1817 Τυρίου
290 1730 346 1797 καλ
365 1735 433 1796 τῶν
453 1727 519 1796 σύν
540 1727 630 1819 αὐτῷ
651 1730 687 1796 έκ
704 1733 862 1814 Φοινίκης
878 1723 1094 1811 ἀπικομένων
1120 1724 1160 1801 ἐς

97 1848 131 1902 50
147 1825 208 1915 τήν
222 1833 289 1896 νῦν
302 1832 467 1914 Βοιωτίην
486 1830 692 1915 καλεομένην
713 1827 835 1915 χάρην.
878 1821 1009 1913 Σχεδὸν
1032 1824 1070 1890 δὲ
1096 1830 1160 1891 καὶ

144 1927 282 1999 πάντων
302 1932 372 1995 τῶν
390 1934 484 1996 θεῶν
505 1924 545 1997 τά
567 1925 737 2017 ούνόματα
759 1931 791 2010 ἐξ
806 1927 982 2015 Αἰγύπτου
1003 1925 1160 2015 ἐλήλυθε

143 2031 177 2107 ἐς
193 2024 255 2114 τήν
265 2024 423 2129 Ελλάδα,
445 2028 531 2095 διότι
553 2027 675 2115 μέν
636 2056 701 2117 γαρ
719 2033 755 2099 ἐκ
777 2035 845 2097 τόν
864 2028 1051 2151 βαρβάρων
1061 2024 1160 2114 ήκει,

143 2110 404 2211 πυνθανόμενος
420 2122 508 2193 οὕτω
521 2123 665 2212 εὑρίσκω
681 2126 746 2195 έόν.
768 2128 873 2195 δοκέω
889 2122 921 2193 δ’
941 2151 990 2193 ων
1004 2124 1160 2211 μάλιστα

142 2220 188 2290 άπ
192 2220 393 2307 Ἀῦγύπτου
407 2218 564 2307 ἀπῖχθαι
587 2222 639 2290 ότι
654 2222 719 2311 γάρ
734 2221 775 2313 δή
789 2251 834 2312 μη
824 2221 1078 2303 Ποσειδέωνος
1093 2229 1163 2293 καὶ

139 2319 380 2404 Διοσκούρων,
404 2317 449 2397 ὡς
468 2323 523 2388 καὶ
544 2322 710 2409 πρότερόν
726 2350 782 2409 μοι
799 2332 903 2391 ταῦτα
925 2333 1070 2411 εἴρηται,
1093 2331 1162 2396 καλ

131 2416 236 2503 Ἥρης
253 2418 307 2483 καί
316 2414 432 2503 Ἱστίης
447 2420 502 2486 καί
516 2424 636 2506 Θέμιος
650 2425 704 2489 καί
714 2429 870 2509 Χαρίτων
885 2425 939 2491 καί
950 2427 1162 2511 Νηρηίδων,

139 2522 207 2584 τῶν
223 2513 335 2582 άλλων
345 2523 439 2582 θεῶν
449 2522 663 2603 Αἰγυπτίοισι
675 2526 741 2588 αίεί
750 2546 825 2588 κοτε
837 2519 877 2589 τά
889 2518 1063 2608 οὐνόματα
1079 2522 1164 2593 ἔστι

139 2616 177 2680 έν
190 2619 231 2699 τῇ
243 2610 343 2699 χάρη.
378 2618 463 2700 λέγω
479 2612 520 2704 δή
535 2614 576 2684 τά
590 2621 726 2703 λέγουσι
743 2616 838 2688 αύτολ
854 2621 1044 2708 Αίγύπτιον.
1079 2630 1165 2691 τῶν
1242 2636 1243 2701 j

139 2709 174 2777 δὲ
189 2708 232 2776 ού
246 2730 328 2795 φασι
344 2718 438 2778 θεῶν
458 2714 641 2800 γινύσκειν
656 2714 696 2784 τὰ
714 2714 902 2806 οὐνόματα,
923 2711 1018 2787 οῦτοι
1036 2722 1078 2787 δέ
1091 2746 1165 2805 μοι

138 2806 322 2876 δοκέουσι
303 2834 369 2877 νπο
360 2807 568 2899 Πελασγων
579 2811 847 2904 ουνομασθηναι,
859 2813 1165 2905 πληνΠοσειδέω-

137 2932 214 2984 νος
236 2914 357 2974 τοῦτον
371 2908 462 2977 δὲ
427 2936 488 2979 τον
503 2911 590 2981 θεὸν
604 2912 695 3002 παρά
709 2917 848 3005 Λιβύων
865 2918 1047 2989 ἐπύθοντο.
1086 2920 1168 2992 οῦ-

136 3005 234 3090 δαμοὶ
258 3002 322 3090 γὰρ
343 3002 402 3072 ἄπ’
425 3006 527 3095 άρχής
542 3016 838 3095 Ποσειδέωνος”
780 3024 1116 3132 “ovvopoeueun‘am
1132 3031 1171 3093 εί
1240 3012 1241 3021 ¹

135 3128 180 3187 μη
169 3098 332 3187 Λίβυες,
346 3101 401 3168 καί
410 3102 599 3190 τιμέουσι
564 3134 625 3177 τον
634 3109 719 3179 θεόν
733 3120 854 3183 τοῦτον
871 3120 944 3185 αίεί.
969 3123 1170 3203 νομίζουσι

136 3193 167 3264 δ’
188 3224 237 3263 ων
252 3198 431 3282 Αἰγύπτιοι
446 3200 561 3270 066'‘'
537 3229 645 3293 ηρωσι
659 3207 768 3277 οὐδέν.

86 3316 122 3372 ὁ]
222 3300 333 3360 Ταῦτα
357 3299 419 3381 μέν
443 3326 509 3368 νυν
534 3308 589 3374 καί
609 3305 694 3376 ἄλλα
715 3292 805 3396 πρός
821 3311 988 3401 τούτοισι,
1012 3312 1055 3382 τά
1081 3321 1170 3406 ἐγώ

134 3392 270 3478 φράσω,
290 3390 492 3481 Ἕλληνες’
472 3399 531 3468 απ’
554 3411 750 3491 Αίγλιπτιων
775 3416 986 3496 νενομίκασι·
1017 3420 1087 3483 τοῦ
1122 3422 1204 3491 δὲ’

126 3488 251 3574 Ερμέω
265 3486 305 3556 τά
322 3488 496 3587 ἀγάλματα
511 3498 600 3586 ὀρθά
612 3508 700 3589 ἔχειν
714 3532 754 3573 τα
744 3504 878 3575 αίδοῖα
889 3516 1071 3592 ποιεῦντες
1084 3516 1174 3591 οὐκ
