2500 3925
344 203 429 259 ΗΒ.
462 200 509 258 Vl.
543 199 643 257 GAP.
675 203 834 260 98-103.
1032 195 1095 260 1⁰3

89 366 274 442 λάσσεσθοί
282 382 388 448 σφεας
399 361 433 440 ἐς
448 357 511 447 τῆν
523 357 700 446 σφετέρην,
719 360 776 426 ἵνα
786 358 831 446 μῆ
849 358 1095 447 προσαπόλων·
1139 394 1147 411 ·

89 469 208 534 παισί
220 466 257 532 δέ
269 459 444 549 Ἀθηναῖοι
453 464 558 526 ταῦτα
568 463 710 545 Αἰσχίνῃ
719 457 1010 579 συμβουλεύσαντι
1021 465 1097 528 πεί-

88 573 218 632 θονται.
262 562 329 628 Καὶ
347 550 442 628 οῦτοι
461 557 524 644 μὲν
545 555 721 643 διαβάντες
744 558 778 634 ές
795 553 951 643 Ὠρωπόν
972 563 1095 684 ἐσωζφν
1114 579 1161 634 101

89 659 245 783 σφέας’
204 660 378 750 αυτοῦς,ο
360 665 395 729 ολ
402 662 577 747 δέΠέρσαι
591 656 760 736 πλύοντες
775 662 935 744 κατέσχον
945 658 1005 739 τάς
1018 661 1116 739 νέας

88 767 148 846 τῆς
156 757 337 849 Ἐρετρικῆς
344 758 459 880 χύρης
472 785 556 826 κατα
544 756 728 843 Ταμύνας
743 782 798 824 και
787 758 953 843 Χοιρέας
966 756 1096 826 καὶΑί-

88 865 197 946 γίλια,
209 857 428 944 κατασχόντες
442 858 479 925 δέ
494 859 528 936 ἐς
541 861 646 923 ταῦτα
665 881 706 922 τα
694 851 824 941 χωρία
840 852 988 923 αῦτίιια”
972 879 1096 935 ιππους

88 983 127 1025 τε
146 958 359 1045 ἐξεβάλλοντο
379 957 436 1024 καί
455 954 742 1042 παρεσκευάζοντο
770 950 815 1032 ὡς
836 952 1096 1040 προσοισόμενοι

88 1068 176 1124 τοῖσι
190 1057 346 1142 ἐχθροῖσι.
369 1059 404 1122 οί
412 1053 448 1121 δέ
461 1051 637 1137 Ἐρετριέες
652 1053 842 1132 ἐπεξελθεῖν
853 1053 915 1139 μὲν
925 1054 981 1120 καὶ
994 1057 1096 1139 μαχέ-

89 1166 217 1225 σασθαι
231 1152 292 1224 ούιι
311 1156 485 1223 ἐποιεῦντο
501 1151 648 1241 βουλῆν,
669 1161 703 1220 εί
719 1178 786 1231 κως
802 1152 838 1220 δέ
855 1150 1097 1239 διαφυλάξαιεν

88 1254 130 1325 τά
144 1262 261 1343 τείχεα,
275 1254 397 1325 τούτου
410 1275 472 1340 σφι
490 1252 566 1339 πέρι
583 1255 696 1336 ἔμελε,
716 1251 823 1318 ἐπείτε
839 1256 932 1322 ἐνίκα
946 1251 991 1340 μῆ
1007 1256 1097 1322 έκλι-

89 1369 167 1423 πείν
180 1351 243 1440 τῆν
255 1353 363 1422 πόλιν.
385 1359 575 1443 προσβολῆς
588 1356 626 1420 δὲ
641 1359 820 1439 γινομένης
836 1359 998 1441 καρτερῆς
1013 1350 1098 1440 πρὸς

89 1451 127 1521 τό
143 1466 249 1537 τεῖχος
262 1456 400 1519 ἔπιπτον
414 1453 467 1520 ἐπὶ
486 1454 519 1532 ἓξ
533 1447 658 1538 ἡμέρας
678 1453 794 1519 πολλοὶ
809 1451 872 1537 μέν
886 1448 1097 1540 άμφοτέρων,

89 1557 130 1639 τῆ
148 1549 184 1616 δὲ
200 1546 325 1637 ἑβδόμη
338 1547 521 1637 Εῦφορβός
533 1574 570 1616 τε
585 1546 817 1636 δἈλκιμάχου
828 1555 882 1619 καί
897 1557 1064 1640 Φίλαγρος
1078 1547 1097 1618 ό

91 1650 229 1735 Κυνέω,
252 1644 372 1735 ἄνδρες
391 1654 459 1714 τῦν
480 1643 593 1714 άστῦν
614 1646 763 1734 δόκιμοι,
791 1653 991 1735 προδιδοῦσι
1014 1663 1100 1718 τοῖσι

89 1752 249 1839 Πέρσησι.
272 1753 307 1817 οί
318 1748 355 1816 δέ
368 1744 564 1826 ἐσελθόντες
573 1749 607 1826 ἐς
616 1743 680 1834 τῆν
690 1746 792 1815 πόλιν
801 1755 901 1817 τοῦτο
912 1751 975 1837 μὲν
986 1749 1027 1819 τά
1042 1748 1098 1838 ίρά

90 1851 296 1938 συλήσαντες
316 1851 521 1934 ἐνέπρησαν,
545 1844 787 1934 άποτινύμενοι
804 1857 874 1916 τῶν
896 1852 935 1918 ἐν
954 1849 1100 1939 Σάρδισι

91 1948 375 2019 κατακαυθέντων
388 1951 490 2035 ίρῦν,
504 1953 603 2015 τοῦτο
618 1948 655 2014 δέ
666 1943 745 2027 τοῦς
756 1944 963 2036 άνθρεόπους
972 1947 1100 2037 ῆνδρα-

93 2052 272 2117 ποδίσαντο
287 2043 371 2113 κατά
386 2042 445 2123 τάς
455 2052 606 2132 Δαρείου
618 2046 763 2126 ἐντολάς.
795 2048 1047 2137 Χειρωσάμενοι
1064 2053 1101 2118 δὲ
1117 2070 1167 2123 102

91 2146 153 2269 τῆν
171 2143 347 2235 Ἐρέτριαν
356 2149 412 2214 καί
434 2146 622 2233 ἐπισχόντες
640 2144 753 2233 όλίγας
769 2144 894 2237 ἡμέρας
915 2154 1047 2219 ἔπλωον
1067 2153 1101 2229 ἐς

93 2245 154 2367 τῆν
164 2243 331 2332 Ἀττικῆν,
348 2247 565 2332 κατέργοντές
576 2271 613 2313 τε
626 2244 754 2315 πολλόν
765 2250 821 2315 καὶ
835 2251 1008 2330 δοκέοντες
1017 2248 1101 2318 ταύ-

93 2344 132 2413 τὰ
155 2342 235 2424 τοῦς
255 2341 456 2431 Ἀθηναίους
476 2346 648 2431 ποιήσειν,
674 2345 715 2412 τά
738 2348 793 2412 καί
816 2344 895 2425 τοῦς
919 2345 1101 2436 Ἐρετριέας

94 2449 269 2531 ἐποίησαν,
283 2434 370 2510 καὶ
347 2469 391 2528 ην
401 2440 467 2529 γάρ
478 2470 496 2510 ο
483 2439 693 2527 Μαραθῦν
704 2444 967 2531 ἐπιτηδεότατον
977 2453 1101 2533 χωρίον

94 2548 151 2627 τῆς
162 2538 308 2658 Ἀττικῆς
322 2540 518 2607 ἐνιππεῦσαι
534 2538 625 2609 καθ’
606 2540 776 2629 αγχοτάτω
789 2549 848 2628 τῆς
865 2540 1046 2632 Ἐρετρίης,
1068 2549 1102 2624 ές

95 2635 194 2708 τοῦτό
210 2656 273 2722 σφι
286 2635 482 2723 κατηγέετο
480 2636 629 2725 ίππίης’
614 2666 633 2707 ο
649 2640 904 2726 Πεισιστράτου.
930 2640 1101 2731 Ἀθηναϊοι
1120 2662 1171 2714 10³

95 2744 131 2810 δὲ
146 2737 190 2819 ὡς
205 2736 374 2808 ἐπύθοντο
389 2745 511 2825 ταῦτα,
543 2738 691 2823 ἐβύθεον
716 2744 771 2809 καλ
788 2739 883 2810 αύτοὶ
898 2746 931 2821 ἐς
946 2741 1007 2811 τόν
1020 2752 1102 2811 Μα-

94 2846 245 2927 ραθῶνα.
265 2828 351 2923 ῆγον
366 2837 406 2903 δέ
417 2855 523 2922 σφεας
538 2841 715 2923 στρατηγοί
730 2839 827 2924 δέκα,
847 2845 916 2907 τῶν
932 2837 950 2907 ὁ
966 2842 1103 2918 δέκατος

95 2932 137 3026 ῆν
147 2935 352 3022 Μιλτιάδης,
365 2941 435 3015 τοῦ.
443 2933 504 3002 τόν
518 2939 643 3023 πατέρα
654 2942 794 3022 Κίμωνα
805 2934 866 3006 τόν
876 2938 1102 3025 Στησαγόρεω

97 3040 254 3122 κατέλαβε
270 3046 393 3121 φυγεῖν
416 3036 449 3115 ἐξ
466 3031 638 3120 Ἀθηνέων
652 3041 894 3121 Πεισίστρατον
914 3033 974 3103 τόν
988 3033 1102 3103 Ἱππο·

98 3135 242 3221 κράτεος.
269 3134 324 3199 καὶ
344 3129 434 3223 αύτῷ
450 3133 612 3220 φεύγοντι
630 3131 837 3220 Ὀλυμπιάδα
852 3130 1034 3202 ἀνελέσθαι
1048 3159 1103 3201 τε·

97 3242 232 3326 θρίππφ
248 3236 388 3322 συνέβη,
409 3236 464 3303 καὶ
477 3234 604 3320 ταύτην
621 3237 685 3320 μὲν
700 3232 763 3321 τῆν
781 3239 880 3319 νίκην
896 3229 1103 3319 ἀνελόμενόν

98 3361 154 3423 μιν
164 3329 270 3401 τύντό
286 3335 516 3413 ἐξενείκασθαι
529 3339 575 3423 τῷ
589 3330 779 3423 ὁμομητρίῳ
791 3328 943 3421 άδελφεῷ
955 3329 1104 3399 Μιλτιά-

98 3440 147 3521 δη.
175 3429 257 3521 μετά
275 3432 311 3501 δέ
327 3439 368 3522 τῆ
388 3429 511 3522 ὑστέρη
528 3430 726 3519 Ὀλυμπιάδι
743 3436 817 3519 τῇσι
833 3426 951 3519 αῦτῆσι
970 3431 1104 3501 ἵπποισι
