2500 3925
157 223 199 289 56
534 224 787 283 HERODOTI

157 383 245 457 όκεοι
260 388 296 456 δὲ
310 400 387 466 παῖς
402 390 527 472 γίνεται
543 380 736 472 Φραόρτης,
751 377 788 461 ὃς
802 378 1060 469 τελευτήσαντος
1072 384 1158 464 Δηιη
1231 433 1232 448 ,

159 483 262 573 όηεω,
277 483 538 574 βασιλεύσαντος
559 487 634 571 τρία
655 481 710 550 καὶ
724 477 929 568 πεντήκοντα
944 482 1035 564 ἔτεα,
1055 496 1157 559 παρε-

159 588 274 667 δέξατο
293 581 361 671 τήν
385 580 500 671 ἀρχήν.
550 576 821 668 παραδεξάμενος
847 581 883 648 δὲ
907 574 970 647 οὐκ
995 572 1160 663 ἀπεχρᾶτο

158 680 297 769 μούνων
312 678 427 767 ἀρχειν
440 685 509 747 τόν
523 676 674 767 Μήδων,
696 675 780 747 ἀλλά
801 674 1087 765 στρατευσόμενος
1106 673 1160 742 ἐπὶ

160 777 237 859 τούς
249 782 382 869 Πέρσας
403 776 566 865 πρύτοισί
576 801 611 844 τε
631 775 780 845 τούτοισι
794 773 982 865 ἐπεθήκατο
996 775 1051 844 καὶ
1065 769 1160 861 πρό-

158 903 236 959 τους
261 876 393 967 Μήδων
425 874 596 964 ὑπηκόους
628 878 769 964 ἐποίησε.
818 873 899 966 μετά
925 878 960 945 δέ
986 880 1072 963 ἔχων
1096 869 1159 940 δύο

159 982 262 1048 τάύτα
277 984 397 1065 ἔθνεα,
424 979 478 1045 καὶ
493 974 666 1064 ἀμφότερα
683 975 819 1066 ἰσχυρά,
845 980 1082 1064 κατεστρέφετο
1096 970 1161 1061 τήν

153 1074 268 1163 Ἀσίην
282 1071 342 1144 ἀπ’
364 1072 469 1145 ἀλλον
484 1072 537 1144 ἐπ’
554 1071 713 1145 ἀλλοίων
728 1082 846 1165 ἔθνος,
872 1079 905 1157 ές
920 1075 940 1145 δ
953 1072 1159 1163 στρατευσό-

157 1200 257 1261 μενος
278 1175 329 1243 ἐπὶ
349 1170 428 1252 τούς
446 1170 643 1259 Ἀσσυρίους
663 1174 717 1242 καὶ
735 1172 919 1261 Ἀσσυρίων
942 1172 1100 1259 τούτους,
1126 1177 1162 1241 οἳ

74 1276 77 1282 ’
158 1282 269 1343 Νῖνον
283 1271 372 1359 εἶχον
386 1272 440 1340 καὶ
454 1265 558 1359 ἦρχον
571 1270 737 1359 πρότερον
749 1272 905 1362 πάντων,
924 1272 998 1341 τότε
1020 1273 1057 1340 δὲ
1070 1262 1160 1357 ήσαν

157 1372 409 1458 μεμουνωμένοι
432 1371 494 1456 μὲν
514 1368 698 1457 συμμάχων
718 1368 775 1439 ἀτε
796 1368 1028 1457 ἀπεστεώτων,
1051 1365 1160 1447 ἀλλως

157 1471 271 1555 μέντοι
292 1470 427 1537 ἑωυτῶν
442 1460 482 1536 εύ
496 1465 651 1557 ἥκοντες,
674 1470 726 1538 ἐπὶ
742 1468 883 1549 τούτους
897 1466 938 1556 δή
954 1466 1152 1557 στρατευσό-

156 1591 258 1654 μενος
277 1561 486 1651 ὁΦραύρτης
509 1562 611 1645 αύτός
631 1592 666 1634 τε
686 1566 875 1655 διεφθάρη,
898 1564 1000 1657 ἀρξας
1020 1565 1083 1636 δύο
1103 1570 1157 1636 καί

91 1676 140 1733 103
158 1673 261 1734 εἴκοσι
277 1668 367 1749 ἔτεα,
389 1663 442 1730 καὶ
457 1659 475 1731 ὁ
490 1661 630 1753 στρατός
643 1662 748 1733 αὐτοῦ
769 1663 787 1735 ὁ
803 1664 933 1748 πολλός.
977 1664 1160 1755 Φραόρτεω

157 1764 194 1833 δδ
206 1758 467 1847 Ιτελευτήσαντος
481 1763 648 1842 ἐξεδέξατο
663 1763 842 1853 Κυαξάρης
862 1761 881 1833 ὁ
895 1762 1076 1853 Φραόρτεω
1095 1771 1161 1832 τοῦ

155 1859 311 1951 Δηιόκεω
331 1871 417 1939 παις.
462 1852 561 1940 οὗτος
575 1864 704 1947 λέγεται
719 1860 846 1932 πολλόν
860 1869 907 1932 ἐτι
922 1867 1081 1951 γενέσθαι
1096 1860 1159 1931 ἀλ-

157 1958 339 2048 κιμώτερος
358 1965 427 2027 των
447 1957 644 2049 προγόνων·
673 1964 727 2030 καὶ
741 1959 870 2050 πρῶτός
883 1988 919 2032 τε
933 1961 1059 2050 ἐλόχισε
1072 1958 1157 2030 κατά

155 2063 252 2128 τέλεα
264 2054 345 2135 τούς
358 2059 394 2123 έν
408 2064 449 2146 τῇ
460 2055 567 2148 Ἀσίη,
589 2059 644 2127 καὶ
665 2066 795 2146 πρῶτος
819 2064 945 2142 διέταξε
964 2063 1063 2149 χωρίς
1078 2057 1159 2128 ε’κά-

157 2177 256 2235 στους
272 2153 374 2240 εἶναι,
395 2154 475 2236 τούς
497 2182 533 2224 τε
548 2156 774 2246 αἰχμοφόρους
787 2160 842 2227 καὶ
858 2156 937 2238 τούς
950 2155 1161 2247 τοξοφόρους
1217 2232 1220 2237 ,

154 2256 209 2324 καλ
230 2250 309 2333 τούς
329 2256 464 2332 ἱππέας·
503 2251 567 2342 πρδ
588 2261 651 2322 τοῦ
671 2258 707 2323 δὲ
721 2251 840 2342 ἀναμὶξ
853 2249 898 2345 ήυ
911 2255 1020 2326 τιάυτα
1035 2253 1161 2344 ὁμοίως

155 2349 428 2441 ἀναπεφυρμένα.
474 2344 572 2433 οὗτος
591 2349 610 2421 ὁ
632 2367 718 2422 τοῖσι
733 2359 876 2424 Λυδοῑσί
887 2358 955 2425 ἐστι
969 2352 1159 2444 μαχεσόμε-

154 2477 229 2537 νος,
255 2449 311 2519 ὅτε
331 2448 394 2531 νύξ
414 2448 435 2538 ή
458 2449 563 2540 ἡμέρη
578 2451 710 2539 ἐγένετό
723 2473 784 2540 σφι
797 2459 1029 2542 μαχομένοισι,
1054 2447 1159 2536 καὶὸ

152 2546 215 2638 τήν
227 2547 348 2630 ’Ἀλνος
359 2557 510 2638 ποταμοῦ
522 2548 593 2619 ἀνω
604 2549 716 2637 Ἀσίην
726 2557 838 2619 πᾶσαν
852 2550 1017 2641 συστήσας
1030 2553 1157 2641 ἑωυτῷ.

153 2651 311 2730 συλλέξας
327 2652 362 2717 δέ
376 2646 455 2729 τούς
471 2646 529 2718 ὑπ’
546 2651 659 2742 ἑωυτῷ
673 2647 877 2738 ἀρχομένους
897 2650 1024 2730 πάντας
1038 2652 1159 2734 ἐστρα-

152 2749 266 2820 τεύετο
287 2752 339 2818 ἐπὶ
359 2747 421 2839 τήν
441 2759 568 2839 Νῖνον,
596 2755 769 2839 τιμωρέων
790 2777 826 2821 τε
844 2761 890 2846 τῷ
911 2757 1008 2843 πατρὶ
1023 2755 1078 2821 καὶ
1092 2748 1160 2839 τήν

150 2850 251 2919 πόλιν
267 2850 394 2940 ταύτην
414 2855 543 2921 ἐθέλων
567 2854 698 2932 ἐξελεῖν.
741 2860 801 2922 καί
823 2857 871 2939 οί,
900 2850 944 2933 ὡς
972 2847 1160 2939 συμβαλών

151 2952 283 3037 ἐνίκησε
314 2948 393 3030 τούς
421 2947 635 3036 Ἀσσυρίους,
672 2956 924 3043 περικατημένφ
955 2948 1016 3040 τήν
1042 2959 1158 3020 Νῖνον

150 3051 275 3138 ἐπῆλθε
289 3051 458 3118 Σκυθέων
479 3046 618 3138 στρατός
634 3053 751 3138 μέγας,
779 3043 840 3140 ήγε
861 3052 898 3120 δδ
918 3049 1041 3131 αύτούς
1055 3059 1158 3140 βασι-

149 3143 259 3226 λεύςὸ
276 3150 446 3216 Σκυθέων
461 3146 607 3234 Μαδύης
621 3147 838 3232 Πρωτοθύεω
852 3162 945 3228 παῖς·
985 3157 1019 3217 οἳ
1036 3153 1158 3237 ἐσέβα-

148 3254 210 3315 λον
230 3245 292 3332 μὲν
314 3247 348 3324 ἐς
368 3241 430 3332 τήν
448 3243 561 3332 Ἀσίην
581 3253 789 3335 Κιμμερίους
813 3245 1010 3334 ἐκβαλόντες
1034 3250 1070 3316 ἐκ
1095 3255 1159 3336 τῆς

147 3340 331 3431 Εύροάτιης,
354 3343 503 3412 τούτοισι
525 3349 560 3414 δὲ
582 3346 800 3435 ἐπισπόμενοι
825 3345 992 3434 φεύγουσι
1015 3345 1104 3415 οὕτω
1120 3351 1158 3430 ές

81 3459 130 3514 104
144 3442 206 3534 τήν
221 3437 383 3530 Μηδικήν
395 3440 509 3532 χούρην
525 3440 694 3516 ἀπίκοντο.
721 3445 813 3516 Ἔστι
832 3448 869 3514 δὲ
883 3443 947 3515 ἀπὸ
962 3453 1020 3535 τῆς
1033 3453 1157 3536 λίμνης
