<?xml version="1.0" encoding="UTF-8"?>
<!DOCTYPE html PUBLIC "-//W3C//DTD XHTML 1.0 Transitional//EN"
    "http://www.w3.org/TR/xhtml1/DTD/xhtml1-transitional.dtd">
<html xmlns="http://www.w3.org/1999/xhtml" xml:lang="en" lang="en">
 <head>
  <title>
</title>
<meta http-equiv="Content-Type" content="text/html;charset=utf-8" />
  <meta name='ocr-system' content='tesseract 3.04.00' />
  <meta name='ocr-capabilities' content='ocr_page ocr_carea ocr_par ocr_line ocrx_word'/>
</head>
<body>
  <div class='ocr_page' id='page_1' title='image "./herodotihistori00dietgoog_0644.png"; bbox 0 0 2500 3925; ppageno 0'>
   <div class='ocr_carea' id='block_1_1' title="bbox 175 222 804 285">
    <p class='ocr_par' dir='ltr' id='par_1_1' title="bbox 175 222 804 285">
     <span class='ocr_line' id='line_1_1' title="bbox 175 222 804 285; baseline -0.008 0"><span class='ocrx_word' id='word_1_1' title='bbox 175 222 238 285; x_wconf 73' lang='lat'><em>224</em></span> <span class='ocrx_word' id='word_1_2' title='bbox 554 223 804 282; x_wconf 81' lang='lat' dir='ltr'>HERODOTI</span> 
     </span>
    </p>
   </div>
   <div class='ocr_carea' id='block_1_2' title="bbox 107 380 1246 3542">
    <p class='ocr_par' dir='ltr' id='par_1_2' title="bbox 107 380 1246 3542">
     <span class='ocr_line' id='line_1_2' title="bbox 176 380 1185 474; baseline -0.002 -20"><span class='ocrx_word' id='word_1_3' title='bbox 176 382 236 454; x_wconf 83' lang='grc' dir='ltr'><em>τόν</em></span> <span class='ocrx_word' id='word_1_4' title='bbox 251 384 415 472; x_wconf 89' lang='grc' dir='ltr'><em>πόλεμον,</em></span> <span class='ocrx_word' id='word_1_5' title='bbox 432 384 474 451; x_wconf 84' lang='grc' dir='ltr'><em>τό</em></span> <span class='ocrx_word' id='word_1_6' title='bbox 487 410 522 451; x_wconf 90' lang='grc' dir='ltr'><em>τε</em></span> <span class='ocrx_word' id='word_1_7' title='bbox 532 382 722 470; x_wconf 75' lang='grc' dir='ltr'><em>ποιήσουσι,</em></span> <span class='ocrx_word' id='word_1_8' title='bbox 738 380 811 451; x_wconf 83' lang='grc' dir='ltr'>ὅσοι</span> <span class='ocrx_word' id='word_1_9' title='bbox 823 410 859 455; x_wconf 91' lang='grc' dir='ltr'><em>τε</em></span> <span class='ocrx_word' id='word_1_10' title='bbox 870 394 1000 474; x_wconf 82' lang='grc' dir='ltr'><em>πλῆθος</em></span> <span class='ocrx_word' id='word_1_11' title='bbox 1011 391 1085 453; x_wconf 83' lang='grc' dir='ltr'><em>είσί,</em></span> <span class='ocrx_word' id='word_1_12' title='bbox 1110 389 1125 453; x_wconf 91' lang='grc' dir='ltr'><em>ί</em></span> <span class='ocrx_word' id='word_1_13' title='bbox 1168 429 1185 437; x_wconf 87' lang='grc'><strong>-</strong></span> 
     </span>
     <span class='ocr_line' id='line_1_3' title="bbox 176 479 1185 573; baseline -0.004 -19"><span class='ocrx_word' id='word_1_14' title='bbox 176 488 228 554; x_wconf 71' lang='lat' dir='ltr'><em>vol</em></span> <span class='ocrx_word' id='word_1_15' title='bbox 249 482 313 573; x_wconf 80' lang='grc' dir='ltr'><em>γὰρ</em></span> <span class='ocrx_word' id='word_1_16' title='bbox 338 486 462 552; x_wconf 73' lang='grc' dir='ltr'><em>ἐκεῖνοί</em></span> <span class='ocrx_word' id='word_1_17' title='bbox 476 508 513 570; x_wconf 79' lang='grc' dir='ltr'><em>με</em></span> <span class='ocrx_word' id='word_1_18' title='bbox 535 479 630 551; x_wconf 78' lang='grc' dir='ltr'><em>αάτοί</em></span> <span class='ocrx_word' id='word_1_19' title='bbox 651 485 785 549; x_wconf 78' lang='grc' dir='ltr'><em>ἑωυτῶν</em></span> <span class='ocrx_word' id='word_1_20' title='bbox 800 484 877 568; x_wconf 84' lang='grc' dir='ltr'><em>πέρι</em></span> <span class='ocrx_word' id='word_1_21' title='bbox 898 489 1090 571; x_wconf 73' lang='grc' dir='ltr'><strong><em>φροντίζειν</em></strong></span> <span class='ocrx_word' id='word_1_22' title='bbox 1111 485 1185 569; x_wconf 83' lang='grc' dir='ltr'><em>εἰσί,</em></span> 
     </span>
     <span class='ocr_line' id='line_1_4' title="bbox 175 579 1185 673; baseline -0.003 -22"><span class='ocrx_word' id='word_1_23' title='bbox 175 582 270 673; x_wconf 83' lang='grc' dir='ltr'><em>ήμείς</em></span> <span class='ocrx_word' id='word_1_24' title='bbox 283 585 318 651; x_wconf 80' lang='grc' dir='ltr'><em>δέ</em></span> <span class='ocrx_word' id='word_1_25' title='bbox 333 580 446 671; x_wconf 84' lang='grc' dir='ltr'><em>ήμέωυ</em></span> <span class='ocrx_word' id='word_1_26' title='bbox 460 579 627 660; x_wconf 82' lang='grc' dir='ltr'><em>ῶσαότως.</em></span> <span class='ocrx_word' id='word_1_27' title='bbox 650 583 910 669; x_wconf 89' lang='grc' dir='ltr'><em>Λακεδαιμόνιοι</em></span> <span class='ocrx_word' id='word_1_28' title='bbox 926 586 962 653; x_wconf 81' lang='grc' dir='ltr'><em>δέ</em></span> <span class='ocrx_word' id='word_1_29' title='bbox 972 580 1016 671; x_wconf 88' lang='grc' dir='ltr'><em>ήν</em></span> <span class='ocrx_word' id='word_1_30' title='bbox 1031 593 1109 653; x_wconf 89' lang='grc' dir='ltr'><em>ίωσι</em></span> <span class='ocrx_word' id='word_1_31' title='bbox 1121 579 1185 649; x_wconf 87' lang='grc' dir='ltr'><em>ἀν-</em></span> 
     </span>
     <span class='ocr_line' id='line_1_5' title="bbox 176 676 1185 771; baseline -0.004 -21"><span class='ocrx_word' id='word_1_32' title='bbox 176 688 229 750; x_wconf 89' lang='grc' dir='ltr'><em>τία</em></span> <span class='ocrx_word' id='word_1_33' title='bbox 244 684 391 771; x_wconf 87' lang='grc' dir='ltr'><em>Πέρσησι</em></span> <span class='ocrx_word' id='word_1_34' title='bbox 406 683 440 760; x_wconf 86' lang='grc' dir='ltr'><em>ἐς</em></span> <span class='ocrx_word' id='word_1_35' title='bbox 453 681 579 768; x_wconf 88' lang='grc' dir='ltr'><em>μάχηυ,</em></span> <span class='ocrx_word' id='word_1_36' title='bbox 601 676 703 747; x_wconf 72' lang='grc' dir='ltr'><em>οὐδὲν</em></span> <span class='ocrx_word' id='word_1_37' title='bbox 717 676 754 748; x_wconf 86' lang='grc' dir='ltr'><em>τό</em></span> <span class='ocrx_word' id='word_1_38' title='bbox 772 678 902 768; x_wconf 86' lang='grc' dir='ltr'><em>παρεόν</em></span> <span class='ocrx_word' id='word_1_39' title='bbox 912 688 1027 769; x_wconf 87' lang='grc' dir='ltr'><em>τρῶμα</em></span> <span class='ocrx_word' id='word_1_40' title='bbox 1041 677 1185 748; x_wconf 87' lang='grc' dir='ltr'><em>ἀνιεῦν-</em></span> 
     </span>
     <span class='ocr_line' id='line_1_6' title="bbox 108 774 1186 871; baseline -0.006 -16"><span class='ocrx_word' id='word_1_41' title='bbox 108 798 157 855; x_wconf 74' lang='lat'><em>237</em></span> <span class='ocrx_word' id='word_1_42' title='bbox 175 810 237 851; x_wconf 86' lang='grc' dir='ltr'><em>ται.</em></span> <span class='ocrx_word' id='word_1_43' title='bbox 256 780 439 870; x_wconf 81' lang='grc' dir='ltr'><em>’Δμείβεται</em></span> <span class='ocrx_word' id='word_1_44' title='bbox 450 784 572 868; x_wconf 74' lang='grc' dir='ltr'><em>,Ξέρξης</em></span> <span class='ocrx_word' id='word_1_45' title='bbox 587 784 727 849; x_wconf 75' lang='grc' dir='ltr'><em>τοιοίδε·</em></span> <span class='ocrx_word' id='word_1_46' title='bbox 748 778 942 871; x_wconf 80' lang='grc' dir='ltr'><em>Ἀχαίμενες,</em></span> <span class='ocrx_word' id='word_1_47' title='bbox 957 774 996 850; x_wconf 77' lang='grc' dir='ltr'><em>εὖ</em></span> <span class='ocrx_word' id='word_1_48' title='bbox 1007 784 1113 867; x_wconf 89' lang='grc' dir='ltr'><em>τέμοι</em></span> <span class='ocrx_word' id='word_1_49' title='bbox 1126 784 1186 848; x_wconf 90' lang='grc' dir='ltr'><em>δο-</em></span> 
     </span>
     <span class='ocr_line' id='line_1_7' title="bbox 176 851 1246 969; baseline -0.004 -18"><span class='ocrx_word' id='word_1_50' title='bbox 176 883 263 961; x_wconf 85' lang='grc' dir='ltr'><em>κέεις</em></span> <span class='ocrx_word' id='word_1_51' title='bbox 278 883 457 967; x_wconf 73' lang='grc' dir='ltr'><em>λέγεινκαὶ</em></span> <span class='ocrx_word' id='word_1_52' title='bbox 472 878 601 966; x_wconf 90' lang='grc' dir='ltr'><em>ποιήσω</em></span> <span class='ocrx_word' id='word_1_53' title='bbox 615 885 728 948; x_wconf 79' lang='grc' dir='ltr'><em>ταῦτα.</em></span> <span class='ocrx_word' id='word_1_54' title='bbox 751 880 952 969; x_wconf 71' lang='grc' dir='ltr'><em>Δημάρητος</em></span> <span class='ocrx_word' id='word_1_55' title='bbox 966 884 1002 950; x_wconf 77' lang='grc' dir='ltr'><em>δέ</em></span> <span class='ocrx_word' id='word_1_56' title='bbox 1013 884 1106 969; x_wconf 81' lang='grc' dir='ltr'><em>λέμει</em></span> <span class='ocrx_word' id='word_1_57' title='bbox 1121 885 1186 967; x_wconf 78' lang='grc' dir='ltr'><em>μὲν</em></span> <span class='ocrx_word' id='word_1_58' title='bbox 1236 851 1246 946; x_wconf 71' lang='grc' dir='ltr'><em>ἐ</em></span> 
     </span>
     <span class='ocr_line' id='line_1_8' title="bbox 176 976 1242 1068; baseline -0.004 -18"><span class='ocrx_word' id='word_1_59' title='bbox 176 979 216 1050; x_wconf 85' lang='grc' dir='ltr'><em>τά</em></span> <span class='ocrx_word' id='word_1_60' title='bbox 228 979 346 1067; x_wconf 84' lang='grc' dir='ltr'><em>ἀριστα</em></span> <span class='ocrx_word' id='word_1_61' title='bbox 357 985 488 1049; x_wconf 80' lang='grc' dir='ltr'><em>ἔλπεται</em></span> <span class='ocrx_word' id='word_1_62' title='bbox 500 977 584 1047; x_wconf 74' lang='grc' dir='ltr'><em>εἶναι</em></span> <span class='ocrx_word' id='word_1_63' title='bbox 594 980 677 1067; x_wconf 86' lang='grc' dir='ltr'><em>ἐμοί,</em></span> <span class='ocrx_word' id='word_1_64' title='bbox 693 978 811 1068; x_wconf 72' lang='grc' dir='ltr'><em>γνώμη</em></span> <span class='ocrx_word' id='word_1_65' title='bbox 821 981 935 1066; x_wconf 88' lang='grc' dir='ltr'><em>μέντοι</em></span> <span class='ocrx_word' id='word_1_66' title='bbox 947 981 1104 1048; x_wconf 75' lang='grc' dir='ltr'><em>ἑσσοῦται</em></span> <span class='ocrx_word' id='word_1_67' title='bbox 1114 976 1185 1049; x_wconf 81' lang='grc' dir='ltr'><em>ὑπὸ</em></span> <span class='ocrx_word' id='word_1_68' title='bbox 1237 979 1242 1054; x_wconf 80' lang='grc' dir='ltr'><strong>ἱ</strong></span> 
     </span>
     <span class='ocr_line' id='line_1_9' title="bbox 177 1075 1242 1165; baseline -0.003 -16"><span class='ocrx_word' id='word_1_69' title='bbox 177 1088 247 1150; x_wconf 85' lang='grc' dir='ltr'><em>σεῦ.</em></span> <span class='ocrx_word' id='word_1_70' title='bbox 277 1077 320 1147; x_wconf 78' lang='grc' dir='ltr'><em>οὗ</em></span> <span class='ocrx_word' id='word_1_71' title='bbox 333 1076 398 1165; x_wconf 81' lang='grc' dir='ltr'><em>μάρ</em></span> <span class='ocrx_word' id='word_1_72' title='bbox 415 1076 455 1165; x_wconf 84' lang='grc' dir='ltr'><em>δή</em></span> <span class='ocrx_word' id='word_1_73' title='bbox 477 1078 586 1147; x_wconf 79' lang='grc' dir='ltr'><em>ἐκεῖνό</em></span> <span class='ocrx_word' id='word_1_74' title='bbox 600 1104 639 1164; x_wconf 79' lang='grc' dir='ltr'><em>με</em></span> <span class='ocrx_word' id='word_1_75' title='bbox 656 1081 845 1165; x_wconf 73' lang='grc' dir='ltr'><em>ἐνδέξομαι,</em></span> <span class='ocrx_word' id='word_1_76' title='bbox 866 1077 953 1159; x_wconf 83' lang='grc' dir='ltr'><em>ὅκως</em></span> <span class='ocrx_word' id='word_1_77' title='bbox 973 1076 1036 1147; x_wconf 88' lang='grc' dir='ltr'><em>οάκ</em></span> <span class='ocrx_word' id='word_1_78' title='bbox 1052 1076 1185 1147; x_wconf 79' lang='grc' dir='ltr'><em>εὐνοέει</em></span> <span class='ocrx_word' id='word_1_79' title='bbox 1237 1075 1242 1122; x_wconf 82' lang='lat'><strong>¹</strong></span> 
     </span>
     <span class='ocr_line' id='line_1_10' title="bbox 176 1176 1185 1267; baseline -0.006 -17"><span class='ocrx_word' id='word_1_80' title='bbox 176 1195 259 1250; x_wconf 83' lang='grc' dir='ltr'><em>τοῖσι</em></span> <span class='ocrx_word' id='word_1_81' title='bbox 275 1182 381 1266; x_wconf 77' lang='grc' dir='ltr'><em>ἐμοῖσι</em></span> <span class='ocrx_word' id='word_1_82' title='bbox 396 1179 577 1267; x_wconf 80' lang='grc' dir='ltr'><em>πρήγμασι,</em></span> <span class='ocrx_word' id='word_1_83' title='bbox 592 1184 681 1246; x_wconf 83' lang='grc' dir='ltr'><em>τοίσί</em></span> <span class='ocrx_word' id='word_1_84' title='bbox 690 1204 726 1246; x_wconf 87' lang='grc' dir='ltr'><em>τε</em></span> <span class='ocrx_word' id='word_1_85' title='bbox 736 1179 945 1265; x_wconf 76' lang='grc' dir='ltr'><em>λεγομένοισι</em></span> <span class='ocrx_word' id='word_1_86' title='bbox 961 1176 1133 1263; x_wconf 88' lang='grc' dir='ltr'><em>πρότερον</em></span> <span class='ocrx_word' id='word_1_87' title='bbox 1150 1180 1185 1244; x_wconf 87' lang='grc' dir='ltr'><em>ἐκ</em></span> 
     </span>
     <span class='ocr_line' id='line_1_11' title="bbox 176 1274 1242 1376; baseline -0.003 -31"><span class='ocrx_word' id='word_1_88' title='bbox 176 1277 299 1345; x_wconf 87' lang='grc' dir='ltr'><em>τούτου</em></span> <span class='ocrx_word' id='word_1_89' title='bbox 308 1278 625 1365; x_wconf 83' lang='grc' dir='ltr'><em>σταθμουμενοςκαὶ</em></span> <span class='ocrx_word' id='word_1_90' title='bbox 636 1282 681 1367; x_wconf 77' lang='grc' dir='ltr'><em>τῷ</em></span> <span class='ocrx_word' id='word_1_91' title='bbox 694 1277 794 1362; x_wconf 88' lang='grc' dir='ltr'><em>ἐόντι,</em></span> <span class='ocrx_word' id='word_1_92' title='bbox 809 1274 860 1344; x_wconf 85' lang='grc' dir='ltr'><em>ότι</em></span> <span class='ocrx_word' id='word_1_93' title='bbox 872 1276 1029 1364; x_wconf 79' lang='grc' dir='ltr'><em>πολιήτης</em></span> <span class='ocrx_word' id='word_1_94' title='bbox 1042 1276 1108 1361; x_wconf 77' lang='grc' dir='ltr'><em>μὲν</em></span> <span class='ocrx_word' id='word_1_95' title='bbox 1119 1300 1185 1343; x_wconf 91' lang='grc' dir='ltr'><em>πο-</em></span> <span class='ocrx_word' id='word_1_96' title='bbox 1237 1355 1242 1376; x_wconf 43' lang='grc'>1</span> 
     </span>
     <span class='ocr_line' id='line_1_12' title="bbox 177 1367 1184 1463; baseline -0.004 -18"><span class='ocrx_word' id='word_1_97' title='bbox 177 1375 272 1463; x_wconf 86' lang='grc' dir='ltr'><em>λιήτη</em></span> <span class='ocrx_word' id='word_1_98' title='bbox 287 1367 326 1443; x_wconf 78' lang='grc' dir='ltr'><em>εὖ</em></span> <span class='ocrx_word' id='word_1_99' title='bbox 340 1373 523 1461; x_wconf 80' lang='grc' dir='ltr'><em>πρήσσοντι</em></span> <span class='ocrx_word' id='word_1_100' title='bbox 538 1378 679 1460; x_wconf 82' lang='grc' dir='ltr'><em>φθονέει</em></span> <span class='ocrx_word' id='word_1_101' title='bbox 699 1378 753 1442; x_wconf 80' lang='grc' dir='ltr'><em>καὶ</em></span> <span class='ocrx_word' id='word_1_102' title='bbox 769 1380 837 1444; x_wconf 85' lang='grc' dir='ltr'><em>ἐστι</em></span> <span class='ocrx_word' id='word_1_103' title='bbox 853 1372 1019 1461; x_wconf 86' lang='grc' dir='ltr'><em>δυσμενής</em></span> <span class='ocrx_word' id='word_1_104' title='bbox 1035 1380 1077 1463; x_wconf 79' lang='grc' dir='ltr'><em>τῇ</em></span> <span class='ocrx_word' id='word_1_105' title='bbox 1092 1379 1184 1461; x_wconf 77' lang='grc' dir='ltr'><em>σιμή,</em></span> 
     </span>
     <span class='ocr_line' id='line_1_13' title="bbox 178 1461 1243 1561; baseline -0.005 -21"><span class='ocrx_word' id='word_1_106' title='bbox 178 1470 252 1540; x_wconf 83' lang='grc' dir='ltr'><em>οὐδ’</em></span> <span class='ocrx_word' id='word_1_107' title='bbox 271 1468 315 1539; x_wconf 90' lang='grc' dir='ltr'><em>ἀν</em></span> <span class='ocrx_word' id='word_1_108' title='bbox 335 1476 652 1561; x_wconf 77' lang='grc' dir='ltr'><em>συμβουλευομένου</em></span> <span class='ocrx_word' id='word_1_109' title='bbox 666 1478 728 1539; x_wconf 84' lang='grc' dir='ltr'><em>τοῦ</em></span> <span class='ocrx_word' id='word_1_110' title='bbox 742 1470 847 1541; x_wconf 81' lang='grc' dir='ltr'><em>ἀστοῦ</em></span> <span class='ocrx_word' id='word_1_111' title='bbox 864 1470 1021 1558; x_wconf 78' lang='grc' dir='ltr'><em>πολιήτης</em></span> <span class='ocrx_word' id='word_1_112' title='bbox 1036 1467 1127 1557; x_wconf 87' lang='grc' dir='ltr'><em>ἀνήρ</em></span> <span class='ocrx_word' id='word_1_113' title='bbox 1144 1467 1183 1536; x_wconf 86' lang='grc' dir='ltr'><em>τά</em></span> <span class='ocrx_word' id='word_1_114' title='bbox 1239 1461 1243 1522; x_wconf 66' lang='lat' dir='ltr'>f</span> 
     </span>
     <span class='ocr_line' id='line_1_14' title="bbox 177 1569 1185 1660; baseline -0.003 -20"><span class='ocrx_word' id='word_1_115' title='bbox 177 1571 296 1657; x_wconf 86' lang='grc' dir='ltr'><em>ἀριστά</em></span> <span class='ocrx_word' id='word_1_116' title='bbox 310 1575 345 1640; x_wconf 88' lang='grc' dir='ltr'><em>υί</em></span> <span class='ocrx_word' id='word_1_117' title='bbox 360 1574 518 1641; x_wconf 89' lang='grc' dir='ltr'><em>δοκέοντα</em></span> <span class='ocrx_word' id='word_1_118' title='bbox 530 1570 614 1641; x_wconf 78' lang='grc' dir='ltr'><em>εἶναι</em></span> <span class='ocrx_word' id='word_1_119' title='bbox 631 1569 823 1660; x_wconf 74' lang='grc' dir='ltr'><em>ὑποθέοιτο,</em></span> <span class='ocrx_word' id='word_1_120' title='bbox 839 1578 869 1640; x_wconf 91' lang='grc' dir='ltr'><em>εί</em></span> <span class='ocrx_word' id='word_1_121' title='bbox 878 1569 922 1659; x_wconf 81' lang='grc' dir='ltr'><em>μή</em></span> <span class='ocrx_word' id='word_1_122' title='bbox 934 1571 1049 1657; x_wconf 89' lang='grc' dir='ltr'><em>πρόσω</em></span> <span class='ocrx_word' id='word_1_123' title='bbox 1061 1569 1185 1657; x_wconf 81' lang='grc' dir='ltr'><em>ἀρετῆς</em></span> 
     </span>
     <span class='ocr_line' id='line_1_15' title="bbox 176 1662 1242 1764; baseline -0.001 -27"><span class='ocrx_word' id='word_1_124' title='bbox 176 1668 309 1758; x_wconf 88' lang='grc' dir='ltr'><em>ἀνήκοι·</em></span> <span class='ocrx_word' id='word_1_125' title='bbox 335 1670 472 1740; x_wconf 88' lang='grc' dir='ltr'><em>σπάνιοι</em></span> <span class='ocrx_word' id='word_1_126' title='bbox 493 1670 525 1739; x_wconf 91' lang='grc' dir='ltr'><em>δ’</em></span> <span class='ocrx_word' id='word_1_127' title='bbox 548 1672 611 1740; x_wconf 83' lang='grc' dir='ltr'><em>είσὶ</em></span> <span class='ocrx_word' id='word_1_128' title='bbox 625 1676 659 1741; x_wconf 84' lang='lat' dir='ltr'><em>ol</em></span> <span class='ocrx_word' id='word_1_129' title='bbox 673 1679 830 1740; x_wconf 86' lang='grc' dir='ltr'><em>τοιοῦτοι·</em></span> <span class='ocrx_word' id='word_1_130' title='bbox 855 1675 960 1752; x_wconf 75' lang='grc' dir='ltr'><em>ξεῖνος</em></span> <span class='ocrx_word' id='word_1_131' title='bbox 975 1672 1011 1739; x_wconf 74' lang='grc' dir='ltr'><em>δὲ</em></span> <span class='ocrx_word' id='word_1_132' title='bbox 1025 1676 1126 1762; x_wconf 76' lang='grc' dir='ltr'><em>ξείνῳ</em></span> <span class='ocrx_word' id='word_1_133' title='bbox 1145 1662 1183 1737; x_wconf 80' lang='grc' dir='ltr'><em>εὖ</em></span> <span class='ocrx_word' id='word_1_134' title='bbox 1238 1711 1242 1764; x_wconf 66' lang='grc'>;</span> 
     </span>
     <span class='ocr_line' id='line_1_16' title="bbox 175 1768 1181 1860; baseline -0.001 -24"><span class='ocrx_word' id='word_1_135' title='bbox 175 1768 363 1857; x_wconf 87' lang='grc' dir='ltr'><em>πρήσσοντί</em></span> <span class='ocrx_word' id='word_1_136' title='bbox 368 1771 436 1838; x_wconf 88' lang='grc' dir='ltr'><em>ἐστι</em></span> <span class='ocrx_word' id='word_1_137' title='bbox 448 1768 688 1858; x_wconf 78' lang='grc' dir='ltr'><em>εὐμενέστατον</em></span> <span class='ocrx_word' id='word_1_138' title='bbox 699 1772 847 1859; x_wconf 78' lang='grc' dir='ltr'><em>πάντων,</em></span> <span class='ocrx_word' id='word_1_139' title='bbox 859 1773 1181 1860; x_wconf 75' lang='grc' dir='ltr'><em>συμβουλευομένου</em></span> 
     </span>
     <span class='ocr_line' id='line_1_17' title="bbox 175 1863 1246 1960; baseline -0.004 -21"><span class='ocrx_word' id='word_1_140' title='bbox 175 1898 210 1939; x_wconf 91' lang='grc' dir='ltr'><em>τε</em></span> <span class='ocrx_word' id='word_1_141' title='bbox 219 1866 263 1938; x_wconf 83' lang='grc' dir='ltr'><em>ἀν</em></span> <span class='ocrx_word' id='word_1_142' title='bbox 275 1870 536 1956; x_wconf 82' lang='grc' dir='ltr'><em>συμβουλεύσειε</em></span> <span class='ocrx_word' id='word_1_143' title='bbox 547 1867 588 1939; x_wconf 88' lang='grc' dir='ltr'><em>τά</em></span> <span class='ocrx_word' id='word_1_144' title='bbox 597 1871 723 1955; x_wconf 82' lang='grc' dir='ltr'><em>ἄριστα.</em></span> <span class='ocrx_word' id='word_1_145' title='bbox 737 1870 826 1939; x_wconf 78' lang='grc' dir='ltr'><em>οὕτω</em></span> <span class='ocrx_word' id='word_1_146' title='bbox 835 1863 883 1939; x_wconf 81' lang='grc' dir='ltr'><em>όν</em></span> <span class='ocrx_word' id='word_1_147' title='bbox 893 1876 1093 1958; x_wconf 84' lang='grc' dir='ltr'><em>κακολυμίης</em></span> <span class='ocrx_word' id='word_1_148' title='bbox 1103 1872 1182 1957; x_wconf 88' lang='grc' dir='ltr'><em>πέρι</em></span> <span class='ocrx_word' id='word_1_149' title='bbox 1241 1927 1246 1960; x_wconf 80' lang='grc'><em>,</em></span> 
     </span>
     <span class='ocr_line' id='line_1_18' title="bbox 174 1971 1245 2059; baseline -0.006 -18"><span class='ocrx_word' id='word_1_150' title='bbox 174 1979 231 2059; x_wconf 83' lang='grc' dir='ltr'><em>τῆς</em></span> <span class='ocrx_word' id='word_1_151' title='bbox 247 1973 280 2050; x_wconf 86' lang='grc' dir='ltr'><em>ἐς</em></span> <span class='ocrx_word' id='word_1_152' title='bbox 294 1971 516 2059; x_wconf 74' lang='grc' dir='ltr'><em>Δημάρητον,</em></span> <span class='ocrx_word' id='word_1_153' title='bbox 533 1971 647 2050; x_wconf 87' lang='grc' dir='ltr'><em>ἐόντος</em></span> <span class='ocrx_word' id='word_1_154' title='bbox 661 1973 732 2058; x_wconf 85' lang='grc' dir='ltr'><em>ἐμοί</em></span> <span class='ocrx_word' id='word_1_155' title='bbox 747 1974 867 2056; x_wconf 83' lang='grc' dir='ltr'><em>ξείνου,</em></span> <span class='ocrx_word' id='word_1_156' title='bbox 883 1977 1021 2056; x_wconf 74' lang='grc' dir='ltr'><em>ἔχεσθαί</em></span> <span class='ocrx_word' id='word_1_157' title='bbox 1028 1996 1105 2038; x_wconf 90' lang='grc' dir='ltr'><em>τινα</em></span> <span class='ocrx_word' id='word_1_158' title='bbox 1119 1975 1182 2037; x_wconf 82' lang='grc' dir='ltr'><em>τοῦ</em></span> <span class='ocrx_word' id='word_1_159' title='bbox 1239 1994 1245 2035; x_wconf 86' lang='grc' dir='ltr'><em>ι</em></span> 
     </span>
     <span class='ocr_line' id='line_1_19' title="bbox 107 2065 1182 2164; baseline -0.009 -20"><span class='ocrx_word' id='word_1_160' title='bbox 107 2089 160 2144; x_wconf 78' lang='lat'><em>238</em></span> <span class='ocrx_word' id='word_1_161' title='bbox 174 2075 295 2140; x_wconf 84' lang='grc' dir='ltr'><em>λοιποῦ</em></span> <span class='ocrx_word' id='word_1_162' title='bbox 310 2069 446 2139; x_wconf 80' lang='grc' dir='ltr'><em>κελεύω.</em></span> <span class='ocrx_word' id='word_1_163' title='bbox 472 2078 585 2139; x_wconf 85' lang='grc' dir='ltr'><em>Ταῦτα</em></span> <span class='ocrx_word' id='word_1_164' title='bbox 598 2079 692 2149; x_wconf 86' lang='grc' dir='ltr'><em>είπας</em></span> <span class='ocrx_word' id='word_1_165' title='bbox 704 2071 825 2158; x_wconf 71' lang='grc' dir='ltr'><em>Ξέρξης</em></span> <span class='ocrx_word' id='word_1_166' title='bbox 840 2069 960 2156; x_wconf 83' lang='grc' dir='ltr'><em>διεξήιε</em></span> <span class='ocrx_word' id='word_1_167' title='bbox 972 2065 1027 2164; x_wconf 80' lang='grc' dir='ltr'><em>διὰ</em></span> <span class='ocrx_word' id='word_1_168' title='bbox 1038 2074 1107 2136; x_wconf 86' lang='grc' dir='ltr'><em>τῶν</em></span> <span class='ocrx_word' id='word_1_169' title='bbox 1124 2093 1182 2134; x_wconf 88' lang='grc' dir='ltr'><em>υε-</em></span> 
     </span>
     <span class='ocr_line' id='line_1_20' title="bbox 175 2159 1184 2255; baseline -0.001 -20"><span class='ocrx_word' id='word_1_170' title='bbox 175 2171 284 2252; x_wconf 91' lang='grc' dir='ltr'><em>κρῶν,</em></span> <span class='ocrx_word' id='word_1_171' title='bbox 306 2170 362 2234; x_wconf 83' lang='grc' dir='ltr'><em>καί</em></span> <span class='ocrx_word' id='word_1_172' title='bbox 382 2172 574 2254; x_wconf 78' lang='grc' dir='ltr'><em>Λεωνίδεω,</em></span> <span class='ocrx_word' id='word_1_173' title='bbox 596 2164 749 2252; x_wconf 86' lang='grc' dir='ltr'><em>ἀκηκοάς</em></span> <span class='ocrx_word' id='word_1_174' title='bbox 769 2165 820 2235; x_wconf 86' lang='grc' dir='ltr'><em>ὅτι</em></span> <span class='ocrx_word' id='word_1_175' title='bbox 835 2165 992 2255; x_wconf 79' lang='grc' dir='ltr'><em>βασιλεύς</em></span> <span class='ocrx_word' id='word_1_176' title='bbox 1008 2191 1042 2234; x_wconf 93' lang='grc' dir='ltr'><em>τε</em></span> <span class='ocrx_word' id='word_1_177' title='bbox 1058 2159 1104 2254; x_wconf 88' lang='grc' dir='ltr'><em>ήυ</em></span> <span class='ocrx_word' id='word_1_178' title='bbox 1127 2166 1184 2234; x_wconf 83' lang='grc' dir='ltr'><em>καὶ</em></span> 
     </span>
     <span class='ocr_line' id='line_1_21' title="bbox 175 2262 1184 2353; baseline 0 -21"><span class='ocrx_word' id='word_1_179' title='bbox 175 2262 358 2351; x_wconf 78' lang='grc' dir='ltr'><em>στρατηγός</em></span> <span class='ocrx_word' id='word_1_180' title='bbox 378 2270 670 2352; x_wconf 87' lang='grc' dir='ltr'><em>Λακεδαιμονίων,</em></span> <span class='ocrx_word' id='word_1_181' title='bbox 696 2268 846 2335; x_wconf 86' lang='grc' dir='ltr'><em>ἐκέλευσε</em></span> <span class='ocrx_word' id='word_1_182' title='bbox 867 2263 1098 2353; x_wconf 79' lang='grc' dir='ltr'><em>ἀποταμόντας</em></span> <span class='ocrx_word' id='word_1_183' title='bbox 1118 2264 1184 2353; x_wconf 81' lang='grc' dir='ltr'><em>τήν</em></span> 
     </span>
     <span class='ocr_line' id='line_1_22' title="bbox 174 2359 1184 2452; baseline 0.004 -24"><span class='ocrx_word' id='word_1_184' title='bbox 174 2359 327 2448; x_wconf 87' lang='grc' dir='ltr'><em>κεφαλήν</em></span> <span class='ocrx_word' id='word_1_185' title='bbox 341 2359 607 2451; x_wconf 72' lang='grc' dir='ltr'><em>ἀνασταυρῶσαι.</em></span> <span class='ocrx_word' id='word_1_186' title='bbox 631 2365 715 2450; x_wconf 85' lang='grc' dir='ltr'><em>δήλά</em></span> <span class='ocrx_word' id='word_1_187' title='bbox 731 2391 787 2450; x_wconf 93' lang='grc' dir='ltr'><em>μοι</em></span> <span class='ocrx_word' id='word_1_188' title='bbox 805 2373 955 2435; x_wconf 81' lang='grc' dir='ltr'><em>πολλοῖσι</em></span> <span class='ocrx_word' id='word_1_189' title='bbox 969 2364 1032 2452; x_wconf 73' lang='grc' dir='ltr'><em>μὲν</em></span> <span class='ocrx_word' id='word_1_190' title='bbox 1047 2367 1102 2432; x_wconf 79' lang='grc' dir='ltr'><em>καὶ</em></span> <span class='ocrx_word' id='word_1_191' title='bbox 1118 2362 1184 2432; x_wconf 81' lang='grc' dir='ltr'><em>ἀλ·</em></span> 
     </span>
     <span class='ocr_line' id='line_1_23' title="bbox 174 2454 1244 2561; baseline 0.001 -32"><span class='ocrx_word' id='word_1_192' title='bbox 174 2469 263 2530; x_wconf 89' lang='grc' dir='ltr'><em>λοισι</em></span> <span class='ocrx_word' id='word_1_193' title='bbox 277 2468 500 2552; x_wconf 83' lang='grc' dir='ltr'><em>τεκμηρίοισι,</em></span> <span class='ocrx_word' id='word_1_194' title='bbox 516 2467 554 2532; x_wconf 88' lang='grc' dir='ltr'><em>ἐν</em></span> <span class='ocrx_word' id='word_1_195' title='bbox 564 2467 601 2532; x_wconf 78' lang='grc' dir='ltr'><em>δὲ</em></span> <span class='ocrx_word' id='word_1_196' title='bbox 615 2467 670 2534; x_wconf 84' lang='grc' dir='ltr'><em>καὶ</em></span> <span class='ocrx_word' id='word_1_197' title='bbox 681 2468 765 2553; x_wconf 78' lang='grc' dir='ltr'><em>τῶδε</em></span> <span class='ocrx_word' id='word_1_198' title='bbox 776 2464 839 2533; x_wconf 81' lang='grc' dir='ltr'><em>οὐκ</em></span> <span class='ocrx_word' id='word_1_199' title='bbox 849 2463 967 2551; x_wconf 87' lang='grc' dir='ltr'><em>ήκιστα</em></span> <span class='ocrx_word' id='word_1_200' title='bbox 981 2468 1110 2552; x_wconf 82' lang='grc' dir='ltr'><em>μέμονε,</em></span> <span class='ocrx_word' id='word_1_201' title='bbox 1129 2461 1183 2530; x_wconf 85' lang='grc' dir='ltr'><em>ὅτι</em></span> <span class='ocrx_word' id='word_1_202' title='bbox 1239 2454 1244 2561; x_wconf 80' lang='grc' dir='ltr'>Ι</span> 
     </span>
     <span class='ocr_line' id='line_1_24' title="bbox 174 2557 1183 2652; baseline 0.002 -25"><span class='ocrx_word' id='word_1_203' title='bbox 174 2557 332 2648; x_wconf 76' lang='grc' dir='ltr'><em>βασιλεὺς</em></span> <span class='ocrx_word' id='word_1_204' title='bbox 345 2562 468 2650; x_wconf 65' lang='grc' dir='ltr'><em>Ξέρξης</em></span> <span class='ocrx_word' id='word_1_205' title='bbox 489 2563 626 2632; x_wconf 82' lang='grc' dir='ltr'><em>πάντων</em></span> <span class='ocrx_word' id='word_1_206' title='bbox 640 2562 680 2651; x_wconf 85' lang='grc' dir='ltr'><em>δή</em></span> <span class='ocrx_word' id='word_1_207' title='bbox 696 2562 837 2651; x_wconf 78' lang='grc' dir='ltr'><em>μάλιστα</em></span> <span class='ocrx_word' id='word_1_208' title='bbox 857 2561 992 2652; x_wconf 86' lang='grc' dir='ltr'><em>ἀνδρῶν</em></span> <span class='ocrx_word' id='word_1_209' title='bbox 1011 2562 1183 2649; x_wconf 76' lang='grc' dir='ltr'><em>ἐθυμώθη</em></span> 
     </span>
     <span class='ocr_line' id='line_1_25' title="bbox 175 2657 1183 2751; baseline 0.006 -29"><span class='ocrx_word' id='word_1_210' title='bbox 175 2657 292 2739; x_wconf 81' lang='grc' dir='ltr'><em>ζῶοντι</em></span> <span class='ocrx_word' id='word_1_211' title='bbox 313 2665 481 2751; x_wconf 85' lang='grc' dir='ltr'><em>Λεωνίδη·</em></span> <span class='ocrx_word' id='word_1_212' title='bbox 512 2659 634 2749; x_wconf 78' lang='grc' dir='ltr'><em>οὐγὰρ</em></span> <span class='ocrx_word' id='word_1_213' title='bbox 654 2660 698 2729; x_wconf 84' lang='grc' dir='ltr'><em>ἀν</em></span> <span class='ocrx_word' id='word_1_214' title='bbox 721 2687 796 2730; x_wconf 87' lang='grc' dir='ltr'><em>κοτε</em></span> <span class='ocrx_word' id='word_1_215' title='bbox 810 2665 843 2742; x_wconf 87' lang='grc' dir='ltr'><em>ἐς</em></span> <span class='ocrx_word' id='word_1_216' title='bbox 859 2660 920 2731; x_wconf 84' lang='grc' dir='ltr'><em>τόν</em></span> <span class='ocrx_word' id='word_1_217' title='bbox 936 2661 1059 2751; x_wconf 84' lang='grc' dir='ltr'><em>νεκρόν</em></span> <span class='ocrx_word' id='word_1_218' title='bbox 1073 2669 1183 2732; x_wconf 84' lang='grc' dir='ltr'><em>ταῦτα</em></span> 
     </span>
     <span class='ocr_line' id='line_1_26' title="bbox 174 2754 1182 2848; baseline 0.004 -26"><span class='ocrx_word' id='word_1_219' title='bbox 174 2754 401 2844; x_wconf 83' lang='grc' dir='ltr'><em>παρενόμησε,</em></span> <span class='ocrx_word' id='word_1_220' title='bbox 416 2761 487 2827; x_wconf 75' lang='grc' dir='ltr'><em>ἐπεὶ</em></span> <span class='ocrx_word' id='word_1_221' title='bbox 501 2767 600 2846; x_wconf 83' lang='grc' dir='ltr'><em>τιμᾶν</em></span> <span class='ocrx_word' id='word_1_222' title='bbox 610 2761 753 2846; x_wconf 77' lang='grc' dir='ltr'><em>μάλιστα</em></span> <span class='ocrx_word' id='word_1_223' title='bbox 766 2765 936 2846; x_wconf 79' lang='grc' dir='ltr'><em>νομίζουσι</em></span> <span class='ocrx_word' id='word_1_224' title='bbox 947 2768 1015 2829; x_wconf 85' lang='grc' dir='ltr'><em>τῶν</em></span> <span class='ocrx_word' id='word_1_225' title='bbox 1027 2759 1091 2848; x_wconf 65' lang='grc' dir='ltr'><em>ἐμοὶ</em></span> <span class='ocrx_word' id='word_1_226' title='bbox 1104 2759 1182 2828; x_wconf 80' lang='grc' dir='ltr'><em>οἶδα</em></span> 
     </span>
     <span class='ocr_line' id='line_1_27' title="bbox 174 2852 1181 2947; baseline 0.004 -26"><span class='ocrx_word' id='word_1_227' title='bbox 174 2852 370 2941; x_wconf 71' lang='grc' dir='ltr'><em>ἀνθρώπων</em></span> <span class='ocrx_word' id='word_1_228' title='bbox 383 2858 509 2942; x_wconf 85' lang='grc' dir='ltr'><em>Πέρσαι</em></span> <span class='ocrx_word' id='word_1_229' title='bbox 525 2857 650 2947; x_wconf 83' lang='grc' dir='ltr'><em>ἀνδρας</em></span> <span class='ocrx_word' id='word_1_230' title='bbox 664 2856 816 2946; x_wconf 81' lang='grc' dir='ltr'><em>ἀμαθυάς</em></span> <span class='ocrx_word' id='word_1_231' title='bbox 829 2858 869 2927; x_wconf 80' lang='grc' dir='ltr'><em>τὰ</em></span> <span class='ocrx_word' id='word_1_232' title='bbox 884 2862 1033 2946; x_wconf 86' lang='grc' dir='ltr'><em>πολέμια.</em></span> <span class='ocrx_word' id='word_1_233' title='bbox 1059 2863 1103 2927; x_wconf 67' lang='lat' dir='ltr'><em>Oi</em></span> <span class='ocrx_word' id='word_1_234' title='bbox 1115 2858 1181 2944; x_wconf 77' lang='grc' dir='ltr'><em>μὲν</em></span> 
     </span>
     <span class='ocr_line' id='line_1_28' title="bbox 107 2955 1179 3046; baseline 0.001 -22"><span class='ocrx_word' id='word_1_235' title='bbox 107 2972 156 3027; x_wconf 72' lang='lat'><em>239</em></span> <span class='ocrx_word' id='word_1_236' title='bbox 171 2955 211 3043; x_wconf 85' lang='grc' dir='ltr'><em>δή</em></span> <span class='ocrx_word' id='word_1_237' title='bbox 226 2963 330 3024; x_wconf 82' lang='grc' dir='ltr'><em>ταῦτα</em></span> <span class='ocrx_word' id='word_1_238' title='bbox 348 2958 498 3045; x_wconf 84' lang='grc' dir='ltr'><em>ἐποίευν,</em></span> <span class='ocrx_word' id='word_1_239' title='bbox 519 2973 603 3028; x_wconf 80' lang='grc' dir='ltr'><em>τοῖσι</em></span> <span class='ocrx_word' id='word_1_240' title='bbox 618 2962 809 3028; x_wconf 86' lang='grc' dir='ltr'><em>ἐπετέτακτο</em></span> <span class='ocrx_word' id='word_1_241' title='bbox 830 2963 965 3029; x_wconf 88' lang='grc' dir='ltr'><em>ποιέειν.</em></span> <span class='ocrx_word' id='word_1_242' title='bbox 991 2957 1123 3046; x_wconf 71' lang='grc' dir='ltr'><em>’Ἆνειμι</em></span> <span class='ocrx_word' id='word_1_243' title='bbox 1144 2959 1179 3026; x_wconf 76' lang='grc' dir='ltr'><em>δέ</em></span> 
     </span>
     <span class='ocr_line' id='line_1_29' title="bbox 173 3052 1179 3144; baseline 0.003 -24"><span class='ocrx_word' id='word_1_244' title='bbox 173 3055 277 3121; x_wconf 83' lang='grc' dir='ltr'><em>ἐκεῖσε</em></span> <span class='ocrx_word' id='word_1_245' title='bbox 291 3052 487 3141; x_wconf 84' lang='grc' dir='ltr'><em>τοῦλόγου,</em></span> <span class='ocrx_word' id='word_1_246' title='bbox 511 3063 551 3144; x_wconf 81' lang='grc' dir='ltr'><em>τῇ</em></span> <span class='ocrx_word' id='word_1_247' title='bbox 565 3082 621 3141; x_wconf 91' lang='grc' dir='ltr'><em>μοι</em></span> <span class='ocrx_word' id='word_1_248' title='bbox 642 3056 806 3144; x_wconf 87' lang='grc' dir='ltr'><em>πρότερον</em></span> <span class='ocrx_word' id='word_1_249' title='bbox 823 3059 955 3138; x_wconf 84' lang='grc' dir='ltr'><em>ἐξέλιπε.</em></span> <span class='ocrx_word' id='word_1_250' title='bbox 990 3055 1179 3126; x_wconf 82' lang='grc' dir='ltr'><em>Ἐπόθοντο</em></span> 
     </span>
     <span class='ocr_line' id='line_1_30' title="bbox 172 3147 1181 3245; baseline 0.005 -25"><span class='ocrx_word' id='word_1_251' title='bbox 172 3152 433 3239; x_wconf 87' lang='grc' dir='ltr'><em>Λακεδαιμόνιοι</em></span> <span class='ocrx_word' id='word_1_252' title='bbox 455 3147 507 3221; x_wconf 83' lang='grc' dir='ltr'><em>ότι</em></span> <span class='ocrx_word' id='word_1_253' title='bbox 531 3154 688 3242; x_wconf 72' lang='grc' dir='ltr'><em>βασιλεὺς</em></span> <span class='ocrx_word' id='word_1_254' title='bbox 705 3161 871 3226; x_wconf 87' lang='grc' dir='ltr'><em>στέλλοιτο</em></span> <span class='ocrx_word' id='word_1_255' title='bbox 886 3158 939 3226; x_wconf 85' lang='grc' dir='ltr'><em>ἐπὶ</em></span> <span class='ocrx_word' id='word_1_256' title='bbox 953 3155 1015 3245; x_wconf 87' lang='grc' dir='ltr'><em>τήν</em></span> <span class='ocrx_word' id='word_1_257' title='bbox 1036 3155 1181 3226; x_wconf 82' lang='grc' dir='ltr'><em>Ἑλλάδα</em></span> 
     </span>
     <span class='ocr_line' id='line_1_31' title="bbox 171 3249 1180 3342; baseline 0.008 -24"><span class='ocrx_word' id='word_1_258' title='bbox 171 3257 307 3337; x_wconf 85' lang='grc' dir='ltr'><em>πρῶτοι,</em></span> <span class='ocrx_word' id='word_1_259' title='bbox 317 3254 371 3318; x_wconf 84' lang='grc' dir='ltr'><em>καλ</em></span> <span class='ocrx_word' id='word_1_260' title='bbox 384 3249 473 3319; x_wconf 80' lang='grc' dir='ltr'><em>οὕτω</em></span> <span class='ocrx_word' id='word_1_261' title='bbox 484 3249 525 3339; x_wconf 87' lang='grc' dir='ltr'><em>δή</em></span> <span class='ocrx_word' id='word_1_262' title='bbox 537 3255 570 3332; x_wconf 88' lang='grc' dir='ltr'><em>ἐς</em></span> <span class='ocrx_word' id='word_1_263' title='bbox 581 3250 618 3320; x_wconf 83' lang='grc' dir='ltr'><em>τό</em></span> <span class='ocrx_word' id='word_1_264' title='bbox 630 3254 831 3342; x_wconf 88' lang='grc' dir='ltr'><em>χρηστήριον</em></span> <span class='ocrx_word' id='word_1_265' title='bbox 840 3251 878 3322; x_wconf 83' lang='grc' dir='ltr'><em>τό</em></span> <span class='ocrx_word' id='word_1_266' title='bbox 886 3258 918 3335; x_wconf 87' lang='grc' dir='ltr'><em>ἐς</em></span> <span class='ocrx_word' id='word_1_267' title='bbox 925 3254 1084 3342; x_wconf 77' lang='grc' dir='ltr'><em>Δελφοὺς</em></span> <span class='ocrx_word' id='word_1_268' title='bbox 1095 3255 1180 3326; x_wconf 86' lang='grc' dir='ltr'><em>ἀπέ-</em></span> 
     </span>
     <span class='ocr_line' id='line_1_32' title="bbox 170 3350 1175 3446; baseline 0.009 -33"><span class='ocrx_word' id='word_1_269' title='bbox 170 3361 323 3435; x_wconf 76' lang='grc' dir='ltr'><em>πεμψαν,</em></span> <span class='ocrx_word' id='word_1_270' title='bbox 340 3354 427 3417; x_wconf 77' lang='grc' dir='ltr'><em>ἔνθα</em></span> <span class='ocrx_word' id='word_1_271' title='bbox 437 3350 480 3438; x_wconf 88' lang='grc' dir='ltr'><em>δή</em></span> <span class='ocrx_word' id='word_1_272' title='bbox 491 3370 552 3436; x_wconf 88' lang='grc' dir='ltr'><em>σφι</em></span> <span class='ocrx_word' id='word_1_273' title='bbox 563 3351 712 3439; x_wconf 77' lang='grc' dir='ltr'><em>ἐχρήσθη</em></span> <span class='ocrx_word' id='word_1_274' title='bbox 722 3351 763 3421; x_wconf 78' lang='grc' dir='ltr'><em>τό</em></span> <span class='ocrx_word' id='word_1_275' title='bbox 774 3352 875 3446; x_wconf 81' lang='grc' dir='ltr'><em>όλίμφ</em></span> <span class='ocrx_word' id='word_1_276' title='bbox 886 3353 1053 3442; x_wconf 89' lang='grc' dir='ltr'><em>πρότερον</em></span> <span class='ocrx_word' id='word_1_277' title='bbox 1064 3353 1175 3426; x_wconf 82' lang='grc' dir='ltr'><em>εἶπον·</em></span> 
     </span>
     <span class='ocr_line' id='line_1_33' title="bbox 171 3441 1179 3542; baseline 0.016 -35"><span class='ocrx_word' id='word_1_278' title='bbox 171 3441 339 3510; x_wconf 83' lang='grc' dir='ltr'><em>ἐπύθοντο</em></span> <span class='ocrx_word' id='word_1_279' title='bbox 358 3447 394 3513; x_wconf 73' lang='grc' dir='ltr'><em>δὲ</em></span> <span class='ocrx_word' id='word_1_280' title='bbox 407 3447 520 3538; x_wconf 78' lang='grc' dir='ltr'><em>τρόπῳ</em></span> <span class='ocrx_word' id='word_1_281' title='bbox 541 3455 716 3542; x_wconf 73' lang='grc' dir='ltr'><em>θωμασίῳ.</em></span> <span class='ocrx_word' id='word_1_282' title='bbox 762 3450 963 3541; x_wconf 79' lang='grc' dir='ltr'><em>Δημάρητος</em></span> <span class='ocrx_word' id='word_1_283' title='bbox 977 3450 1042 3540; x_wconf 81' lang='grc' dir='ltr'><em>μάρ</em></span> <span class='ocrx_word' id='word_1_284' title='bbox 1058 3451 1179 3542; x_wconf 59' lang='lat' dir='ltr'><em>auoc-</em></span> 
     </span>
    </p>
   </div>
   <div class='ocr_carea' id='block_1_3' title="bbox 0 0 1254 3925">
    <p class='ocr_par' dir='ltr' id='par_1_3' title="bbox 0 0 1254 3925">
     <span class='ocr_line' id='line_1_34' title="bbox 0 0 1254 3925; baseline 0 1"><span class='ocrx_word' id='word_1_285' title='bbox 0 0 1254 3925; x_wconf 95' lang='lat' dir='ltr'><em> </em></span> 
     </span>
    </p>
   </div>
  </div>
 </body>
</html>
