2500 3925
172 250 232 314 134
549 249 802 308 HERODOTI

169 433 235 483 οισι
258 410 332 481 δέ’
317 417 405 498 ομοῦ
424 404 618 496 θηρίοισι“
599 433 621 493 η
647 407 758 476 δίαιτά
778 411 855 477 ἐστι.
890 407 956 479 άπδ
980 418 1100 496 πυράν
1121 437 1173 480 και

169 501 318 600 κριθέων
343 502 448 579 άλλοι
470 506 610 591 ζόουσι,
638 511 835 591 Αίμυττίωυ
860 511 898 577 δέ
920 516 967 601 τῷ
988 513 1175 602 ποιευμένῳ

168 608 235 680 άπδ
250 607 381 677 τούτων
396 603 460 694 την
484 604 564 691 ζόην
583 601 715 682 ὄνειδος
728 606 886 691 μέγιστόν
903 611 989 696 έστι,
1009 606 1071 678 άλλ
1109 605 1170 676 ἀπ’

168 706 319 791 ὀλυρέων
334 710 510 774 ποιεῦνται
531 708 637 789 σιτία,
660 698 719 780 τάς
745 700 831 783 ζειάς
854 711 1057 794 μετεξέτεροι
1078 709 1176 774 καλέ-

168 824 254 875 ουσι.
272 803 440 895 φυρεουσι
451 827 489 871 το
477 798 570 889 μὲν
594 815 688 879 σταῖς
708 815 793 870 τοίσι
814 802 966 892 ποσί,
932 829 993 872 του
1014 807 1051 873 δέ
1068 801 1177 891 πηλόν

168 914 243 994 τῇσι
259 907 351 992 ηερσλ
364 906 421 973 καλ
436 901 499 990 τὴν
512 904 644 991 κόπρον
656 900 880 989 ἀναιρέονται.
900 903 942 974 τά
954 910 1063 976 αίδοῖα
1075 898 1176 974 άλλοι

169 1008 232 1093 μὲν
246 1007 324 1073 έάσι
345 1000 390 1083 άς
405 1004 578 1089 έμέυοντο,
599 999 690 1089 πλὴν
705 1000 779 1073 ὅσοι
800 1000 866 1072 άπδ
887 1005 1019 1074 τούτων
1034 1011 1177 1091 ἔμαθον,

168 1104 348 1192 Αίμάπτιοι
373 1105 411 1172 δέ
430 1103 700 1190 περιτάμνονται.
734 1106 852 1190 εἵματα
867 1111 936 1173 τάν
956 1105 1018 1192 μέν
1040 1103 1189 1190 ἀνδρῶν

168 1210 306 1284 ἕκαστος
326 1210 392 1292 ἔχει
417 1205 498 1291 δυό,
526 1210 595 1272 τάν
619 1207 657 1272 δέ
682 1210 856 1290 γυναικῶν
879 1207 918 1272 έν
943 1205 1073 1292 ἑκάστη.
1108 1211 1179 1272 τῶν

167 1311 283 1375 ἱστίων
298 1301 378 1384 τοὺς
397 1311 536 1392 κρίκους
551 1305 608 1372 καλ
621 1301 703 1382 τοδς
719 1303 845 1382 κάλους
860 1306 894 1372 oc
905 1306 968 1428 μὲν
982 1301 1077 1373 άλλοι
1094 1308 1179 1385 ἔξω·

165 1416 231 1474 θεν
247 1406 466 1493 προσδέουσι,
488 1405 669 1491 Αίγυπτιοι
684 1403 721 1473 δ
734 1410 874 1474 έσωθευ.
898 1406 1074 1495 γράμματα
1089 1407 1180 1493 μρά-

166 1522 270 1590 φουσι
294 1506 350 1571 καὶ
374 1509 560 1590 λογιΐονται
585 1504 730 1590 ψήφοισι
748 1500 906 1589 Ἐλληνες
929 1501 1035 1590 μέν’
1016 1502 1081 1573 απὸ
1107 1531 1180 1572 των

166 1604 352 1693 ἀριστερῶν
367 1607 421 1673 έπλ
440 1631 481 1672 τα
469 1601 591 1684 δεξιά
606 1599 816 1691 φέροντες
780 1629 843 1690 την
863 1614 1028 1691 χείρα,Α
1028 1603 1181 1691 ίμόπτιοι

165 1699 278 1772 δέάπδ
291 1709 360 1770 τῶν
374 1706 493 1784 δεξιάν
505 1700 609 1771 έπίτά
621 1699 797 1790 ἀριστερά·
820 1707 1179 1783 καλποιεῦντεςταῦτιι

165 1798 261 1870 αὐτοὶ
285 1801 347 1888 μέν
371 1821 454 1888 φασι
476 1799 586 1871 έπλ
549 1829 590 1870 τα
610 1799 701 1882 δεξιά
723 1801 891 1889 ποιέειν,
891 1790 1044 1891 Ἐλληυας
1065 1806 1103 1872 δέ
1127 1796 1179 1870 ἐπ’

164 1901 332 1990 ἀριστερά.
357 1906 542 1990 διφασίοισι
557 1907 594 1973 δέ
607 1904 780 1991 γράμμασι
794 1908 964 1991 χρέονται,
988 1907 1043 1974 καί
1054 1893 1096 1973 τά
1113 1903 1179 1990 μὲν

116 2021 148 2076 σί
167 2001 280 2073 αὐτῶν
301 2000 376 2090 ίρά,
407 2000 448 2071 τά
473 2003 511 2071 δὲ
533 2002 695 2091 δημοτικά
723 2006 881 2074 καλέεται.
935 2008 1114 2091 Θεοσεβέες
1142 2001 1182 2072 δέ

163 2111 329 2190 περισσῶς
354 2103 466 2182 έόντες
491 2105 634 2190 μάλιστα
657 2103 796 2173 πάντων
820 2103 1016 2193 άνθριόπωυ
1039 2104 1182 2190 νόμοισι

163 2206 321 2272 τοιοισίδε
332 2208 495 2290 χρέονται.
518 2206 556 2270 έκ
569 2207 720 2290 χαλκέων
736 2210 905 2292 ποτηρίων
919 2210 1071 2288 πίνουσι,
1099 2206 1178 2271 διοι-

164 2306 320 2389 σμέουτες
334 2299 401 2371 άυά
416 2308 528 2371 πᾶσαν
543 2299 690 2390 ημέρηυ,
709 2300 805 2371 οόκο
793 2299 902 2389 μέν,
919 2298 987 2370 ὁδ’
1007 2296 1064 2386 οδ,
1088 2289 1180 2368 όιλλό

162 2401 295 2480 πάντες
325 2403 442 2488 εἵματα
464 2402 501 2470 δέ
521 2408 615 2471 λίνεα
630 2407 792 2489 φορέουσι
807 2405 871 2471 αίεὶ
893 2401 1078 2487 νεόπλυτα,
1101 2403 1184 2469 έπι

162 2501 359 2589 τηδεόοντες
379 2506 477 2569 τοῦτο
493 2502 646 2588 μάλιστα.
673 2501 715 2569 τά
732 2526 768 2569 τε
784 2503 895 2568 αίδοία
911 2499 1184 2587 περιτάμνονται

161 2599 407 2687 καθαριότητος
431 2602 571 2686 εἵνεκεν,
589 2602 825 2687 προτιμέουτες
849 2598 1011 2687 καθάριοι
1038 2594 1186 2666 είναι’“
1160 2622 1240 2682 η

163 2700 427 2787 εὐπρεπέστεροι.
458 2704 492 2768 oc
506 2698 649 2786 δδίρέες
664 2702 842 2785 ξυρέονται
857 2705 926 2765 πάν
945 2697 982 2766 τὸ
999 2703 1095 2784 σῶμα
1117 2697 1186 2763 διὰ
1239 2706 1240 2742 ¹

161 2806 272 2887 τρίτης
287 2796 429 2886 ἡμέρης,
450 2800 509 2866 ἵνα
525 2798 607 2884 μήτε
622 2800 726 2883 φθεὶρ
740 2798 822 2883 μήτε
839 2794 920 2867 άλλο
938 2793 1094 2884 μυσαρὸν
1108 2823 1189 2883 μη-

162 2906 220 2971 δὲν
240 2904 412 2988 έμμίνηταί
430 2917 490 2986 σφι
504 2898 738 2986 θεραπεύουσι
753 2896 833 2978 τοὺς
851 2900 965 2978 θεούς.
995 2900 1125 2984 ἐσθῆτα
1143 2898 1188 2966 δὲ

162 3001 325 3088 φορέουσι
339 3002 373 3067 οί
394 3000 481 3085 ίρέες
501 3000 619 3084 λινέην
640 2997 789 3084 μούνην,
811 3000 866 3065 καί
886 2994 1086 3084 ὑποδήματα
1107 3000 1190 3085 βύ-

160 3107 277 3188 βλινα·
307 3095 413 3183 ἄλλην
428 3098 468 3165 δέ
479 3115 542 3183 σφι
557 3099 684 3181 ἐσθῆτα
706 3092 769 3163 οὐκ
789 3098 893 3175 ἔξεστι
923 3101 1056 3183 λαβεῖν,
1091 3092 1190 3164 οὐδὲ

160 3194 358 3285 ὑποδήματα
380 3192 472 3264 άλλα.
504 3201 644 3263 λοῦνται
666 3193 703 3263 δὲ
727 3196 777 3272 δίς
798 3200 855 3281 τῆς
878 3191 1003 3282 ἡμέρης
1030 3193 1193 3281 ἑκάστης
1211 3202 1227 3219 “

160 3304 294 3386 ψυχρῷ,
323 3296 377 3363 καί
395 3296 445 3373 δίς
470 3294 610 3381 ἑκάστης
635 3293 766 3373 νυκτός.
800 3290 903 3371 ἄλλοις
925 3318 960 3361 τε
980 3300 1193 3379 θρησκηίας

159 3398 364 3464 ἐπιτελέουσι
384 3400 505 3481 μυρίας
520 3392 576 3482 Ιάις
596 3400 703 3463 είπεῑυ
728 3392 828 3485 λόμφ.
861 3391 1027 3479 πάσχουσι
1052 3394 1090 3460 δὲ
1120 3398 1195 3463 καὶ
1238 3390 1239 3471 ἦ

57 3506 67 3525 ¹
159 3489 273 3579 ιἰμαθόι
302 3490 365 3562 οὐκ
390 3490 495 3580 όλίμιι.
530 3494 608 3564 οὔτε
629 3521 660 3562 τι
682 3490 746 3581 γάρ
767 3499 835 3561 τῶν
856 3498 994 3579 οἰκηίων
1014 3497 1195 3577 τρίβουσι
1238 3506 1239 3545 λ
