2500 3925
181 244 223 308 80
559 242 810 303 HERODOTI

182 428 245 477 σαν
262 410 298 477 δὲ
311 410 367 477 καί
386 412 420 477 οἰ
435 414 593 529 καθαροῖς
606 402 783 493 γεγονότες
801 400 932 481 Ἴωνες·
961 404 1024 471 εἰσί
1043 403 1080 469 δὲ
1097 401 1182 469 πάν·

182 536 234 589 τες
238 507 368 593 Ἴωνες,
390 504 465 575 ὅσοι
485 504 532 574 ἀπ
529 500 722 590 ’Ἀθηνέων
742 499 901 588 γεγόνασι
915 501 971 568 καί
987 497 1183 585 Ἀπατούρια
1231 559 1232 564 ,

182 607 302 694 ἀγουσι
317 602 429 693 ὁρτήν.
453 603 575 691 άγουσι
589 604 626 671 δέ
637 602 760 679 πάντες
773 597 863 685 πλήν
872 596 1035 720 Ἐμεσίων
1048 625 1103 666 και
1091 600 1184 665 Ko-

181 710 377 791 λοφοινίων·
406 697 502 772 οὗτοι
516 700 582 791 γάρ
597 708 720 823 μρῦυοι
732 696 856 767 Ἰόνων
877 693 941 765 οάκ
954 693 1076 783 ἀγουσι
1086 693 1185 763 Ἀκα-

118 812 166 868 148
182 803 318 891 τούρια,
352 806 408 871 καί
433 794 527 869 οὗτοι
559 799 643 869 κατά
669 799 780 887 φόνον
796 794 872 865 τινά
893 804 1028 884 σκῆψιν.
1076 794 1120 865 Τό
1148 793 1185 862 δὲ

184 901 379 973 Παυιοέυιόυ
392 904 461 970 ἐστι
476 908 534 988 τῆς
553 900 721 986 Μυκάλης
733 903 840 986 χῶρος
853 893 942 983 ίρδς,
964 892 1049 984 πρὸς
1063 893 1185 983 ἀρκιον

183 1005 421 1093 τετραμμένος,
447 1008 545 1123 κοινή
564 996 859 1089 ἐξαραιρημένος
842 996 905 1066 υπ’
926 996 1050 1067 ’Ῑωυων
1064 1003 1186 1065 Ποσει·

184 1105 285 1175 δέωνι
294 1101 449 1171 Ἑλίικων
448 1128 490 1193 μ·
515 1129 536 1189 η
524 1099 595 1169 δὲ
610 1099 759 1185 Μυκάλη
780 1099 848 1166 ἐστὶ
867 1103 924 1185 τῆς
945 1092 1122 1218 ήπείρρυ”
1099 1118 1185 1182 ακρη

183 1201 267 1290 πρὸς
287 1200 473 1288 ζέφυρον”
451 1227 579 1288 ανεμον
598 1200 790 1288 κατήκουσα
810 1196 935 1291 Σάμμ,
963 1201 997 1277 ές
1022 1194 1085 1283 τήν
1104 1202 1187 1263 συλ-

184 1304 359 1389 λεγόμενοι
380 1300 445 1371 ἀπό
469 1310 537 1372 τῶν
558 1308 686 1371 πολίων
700 1299 815 1378 Ἴωνες
831 1300 981 1386 ἀγεσιιον
1001 1296 1119 1386 ὁρτήν,
1147 1302 1186 1384 τῇ

184 1410 303 1473 ἔθεντο
318 1400 447 1489 ούυομα
461 1401 646 1471 Πανιώνια.
664 1399 866 1492 [πεπόνθασι
879 1398 917 1467 δέ
929 1396 1004 1467 ούτι
1015 1402 1138 1485 μοῦναι
1153 1398 1188 1463 αἰ

180 1499 304 1570 Ἰοένων
318 1498 412 1589 ὁρταὶ
426 1509 535 1590 τοῦτο,
550 1498 635 1570 ἀλλά
649 1504 705 1569 καί
718 1498 889 1589 Ἐλλήνων
907 1497 1046 1567 πάντων
1065 1493 1188 1583 ὁμοίως

184 1608 287 1670 πᾶσαι
302 1603 335 1679 ἐς
349 1598 457 1669 τώυτό
471 1602 608 1689 γράμμα
622 1607 816 1686 τελευτῶσι,
845 1598 993 1684 κατάπερ
1014 1601 1083 1665 τάν
1096 1602 1189 1683 Περ-

185 1702 272 1767 σέων
285 1698 326 1768 τά
342 1697 534 1791 ούνόματοιή,

119 1816 168 1871 m
269 1791 377 1867 Αόται
397 1799 460 1885 μὲν
480 1804 516 1868 υί
533 1798 633 1879 Ἰάδες
652 1799 764 1879 πόλιές
784 1804 863 1885 εἰσι,
884 1802 958 1866 αἵδε
972 1797 1009 1864 δὲ
1023 1800 1060 1864 αί
1072 1800 1191 1864 Αἰολί-

187 1902 257 1985 δες,
279 1897 378 1985 Κύμη
394 1896 414 1986 ἡ
430 1900 596 1985 Φρικωνίς
611 1899 811 1988 καλεομένη,
825 1898 985 1988 Λήρισαι,
1006 1895 1100 1968 Νέον
1120 1907 1191 1964 τετ-

184 2023 257 2084 χος,
287 2003 434 2084 Τῆμνος,
467 2003 590 2086 Κίλλα,
622 1999 767 2086 Νότιον,
792 1998 1013 2084 Αἰγιρόεσσα,
1044 1995 1190 2082 Πιτάνη,

185 2099 338 2181 Αἰγαῖαι,
365 2094 524 2184 Μύρινα,
549 2096 714 2181 Γρύνεια·
761 2091 860 2166 αὗται
890 2099 1009 2165 ἕνδεκα
1035 2093 1192 2164 Αἰολέων

184 2191 299 2272 πόλιες
319 2196 357 2262 αί
371 2191 520 2282 ἀρχαῖαι·
549 2202 608 2282 μία
629 2196 694 2283 γάρ
715 2215 830 2284 σφεων
844 2195 1022 2281 παρελύθη
1036 2190 1103 2261 ὑπὸ
1117 2189 1192 2262 'Id-

185 2317 265 2375 νωυ,
278 2292 439 2382 Σμύρνη·
478 2287 566 2381 ἦσαν
585 2295 650 2383 γάρ
671 2302 727 2367 καί
748 2290 846 2366 αύται
868 2296 1021 2366 δυόδεκα
1041 2299 1078 2364 αἰ
1097 2298 1136 2363 έν
1152 2303 1191 2384 τῇ

185 2388 321 2484 ἠπείρῳ.
353 2385 447 2462 οὗτοι
471 2396 507 2463 δὲ
522 2401 599 2464 οΑί
567 2401 703 2477 Αἰολέες
716 2397 829 2518 χόρήν
842 2396 905 2484 μὲν
918 2402 1036 2482 ἔτυχον
1051 2400 1191 2463 κτίσαν-

185 2515 238 2568 τες
263 2487 390 2577 ἀμείνω
410 2489 550 2582 Ἰαόνων,
584 2493 700 2582 ὡρέων
725 2494 811 2564 δέ”
788 2516 940 2583 ηκουσαν
965 2492 1032 2562 ούιι
1053 2491 1190 2581 ὁμοίως.

119 2611 168 2664 150
185 2588 350 2678 Σμύρνην
365 2591 401 2659 δὲ
417 2584 483 2660 ωδε
497 2591 666 2682 ἀπέβαλον
679 2599 832 2674 Αἰολέες·
870 2591 1151 2681 Κολοφωνίους”
1126 2618 1189 2660 αν-

185 2693 266 2775 δρας
280 2689 376 2759 στάσι
391 2694 599 2774 ἑσσωθέντας
613 2698 668 2764 καί
683 2695 883 2774 ἐκπεσόντας
898 2696 935 2762 ἐκ
954 2700 1012 2781 τῆς
1028 2696 1193 2778 πατρίδος

185 2785 394 2872 ὑπεδέξαντο.
425 2821 506 2880 μετα
495 2795 561 2864 δὲ
579 2802 613 2865 οί
626 2798 776 2884 φυγάδες
790 2823 858 2865 των
871 2801 1107 2884 Κολοφωνίων
1121 2821 1193 2883 φυ-

185 2887 342 2988 λάξαντες
361 2889 439 2972 τούς
455 2903 673 3015 Σμυρναίους
693 2895 797 2983 ὁρτήν
811 2902 873 2978 ἔξω
892 2903 1015 2984 τείχεος
1028 2902 1193 2985 ποιευμέ-

184 3011 265 3066 νους
275 2989 445 3081 Διονύσω,
461 2989 519 3072 τάς
533 2995 642 3074 πύλας
656 2993 918 3084 ἀποκληίσαντες
932 2996 1082 3085 ἔσχον
1044 3025 1111 3086 την
1125 2997 1195 3066 πό-

185 3100 248 3159 λιν.
278 3093 524 3180 βοηθησάντων
537 3096 574 3165 δ
595 3099 734 3192 πάντων
747 3106 899 3170 Αἰολέων
912 3097 1075 3190 ὁμολογίη
1091 3100 1195 3188 ἐχρή-

185 3207 303 3277 σαυτο,
337 3191 378 3259 τά
410 3198 531 3263 ἔπιπλα
562 3194 760 3266 ἀποδόντων
789 3206 857 3267 τῶν
883 3197 1006 3267 Ἰάνων
1037 3201 1195 3267 ἐκλιπεῖν

184 3290 349 3378 Σμύρνην
369 3296 517 3373 Αἰολέας.
559 3297 773 3384 ποιησάντων
798 3298 836 3367 δέ
854 3305 959 3367 ταῦτα
978 3305 1196 3386 Σμυρναίων

184 3391 403 3461 ἐπιδιείλοντό
434 3412 538 3482 σφεας
562 3403 598 3468 αι
622 3403 742 3470 ἕνδεκα
765 3401 879 3482 πόλιες
905 3404 960 3471 καί
985 3402 1196 3493 ἐποιήσαντο

118 3506 163 3560 151
182 3491 296 3574 σφέων
311 3487 441 3560 αύτέων
461 3497 630 3586 πολιήτας.
674 3493 783 3571 Αύται
800 3505 862 3589 μέν
877 3528 943 3571 νυν
958 3501 1025 3572 κί’
1006 3504 1197 3597 ηπειροέτι,
