2500 3925
156 216 199 277 24
534 220 782 281 HERODOTI

157 382 260 457 κτίζων
275 372 336 445 τόν
351 374 437 445 θεὸν
448 377 578 464 μᾶλλόν
590 402 622 445 τι
637 378 785 447 τούτοισι
800 375 1065 469 ἀνακτήσεσθαι·
1086 388 1160 450 Λυ-
1179 430 1190 443 .

157 482 247 547 δοίσί
257 500 293 545 τε
309 483 390 546 πάσι
405 492 544 566 προεῖπε
564 480 668 547 θύειν
684 479 795 547 πάντα
812 476 887 547 τινὰ
909 478 1022 549 αάτύν
1046 484 1159 567 τούτο,

156 572 177 643 ὅ
192 602 223 643 τι
240 580 308 663 ίχοι
322 579 468 655 έκασθος.
507 574 551 655 ὡς
566 578 602 645 δὲ
617 580 654 645 ἐκ
676 577 735 664 τής
748 584 873 665 θυσίης
887 578 1034 666 ἐγένετο,
1055 601 1159 647 κατα-

155 674 314 761 χεάμενος
324 672 452 762 χρυσάν
463 668 609 745 άπλετον
618 673 821 764 ἡμιπλίνθια
831 674 978 758 έξαάτοῦ
984 678 1159 766 ἐξήλαυνε,

156 776 209 842 ἐπὶ
225 776 288 861 μὲν
308 771 349 842 τά
363 774 554 865 μακρότερα
574 777 700 844 ποιέων
723 776 961 867 ἑξαπάλαιστα,
983 778 1036 845 ἐπὶ
1059 776 1095 844 δὲ
1115 772 1157 843 τά

155 876 344 963 βραχύτερα
358 877 588 964 τριπάλαιστα,
603 868 692 957 ὕψος
705 877 743 944 δέ
756 883 986 964 παλαιστιαία,
1004 874 1159 968 ,ἀριθμὸν

156 977 192 1046 δέ
203 978 420 1045 ἑπτακαίδεκα
434 979 488 1045 καλ
503 976 633 1061 ἑκατόν,
650 972 705 1044 καὶ
718 975 848 1044 τούτων
858 972 1019 1061 ἀπέφθου
1028 982 1160 1064 χρυσοῦ

155 1079 309 1162 τέσσερα,
330 1081 445 1163 τρίτον
465 1073 692 1162 ἡμιτάλαντον
718 1076 860 1143 ἕκαστον
880 1076 1037 1159 ἕλκοντα,
1057 1070 1098 1141 τά
1120 1076 1159 1142 δδ

155 1176 239 1247 ἀλλα
262 1173 463 1264 ἡμιπλίνθια
483 1184 608 1245 λευκοῦ
630 1182 775 1263 χρυσοῦ,
797 1171 952 1259 σταθμὸν
965 1173 1156 1242 διτάλαντα.

155 1278 299 1345 έποιέετο
315 1277 351 1344 δὲ
365 1278 420 1344 καί
435 1279 568 1354 λέοντος
584 1275 698 1343 εἰκόνα
709 1278 840 1396 χρυσοῦ
851 1270 1022 1359 ἀπέφθου,
1037 1274 1161 1340 ἕλκου-

155 1393 219 1444 σαν
234 1372 388 1461 σταθμόν
403 1375 549 1445 τάλαντα
566 1378 656 1443 δέκα.
680 1391 780 1451 ουτος
794 1368 813 1439 ὁ
828 1374 926 1459 λέων,
950 1372 1057 1439 ἐπείτε
1075 1394 1157 1438 κατ-

154 1480 281 1543 εκαίετο
299 1471 317 1543 ὁ
336 1476 546 1561 ένΔελφοίσι
563 1479 655 1560 νηός,
667 1474 826 1541 κατέπεσε
839 1468 905 1539 ἀπὸ
917 1478 985 1539 τῶν
996 1467 1158 1560 ἡμιπλιν-

152 1580 242 1644 θίων
265 1576 330 1643 ’ἐπὶ
350 1571 415 1662 γάρ
439 1574 588 1642 τούτοισι
609 1575 742 1660 ίδρυτο·
782 1573 838 1638 καί
852 1577 919 1637 νῦν
934 1572 1043 1639 κέεται
1057 1573 1096 1639 έν
1109 1576 1160 1661 τῷ

153 1678 351 1760 Κορινθίων
372 1676 554 1763 θησαυρῷ,
578 1674 687 1740 ἕλκων
701 1667 856 1757 σταθμὸν
876 1671 1021 1757 ἕβδομον
1034 1667 1159 1758 ἡμιτά-

107 1793 138 1845 ει
154 1780 293 1839 λαντον·
310 1766 457 1857 ἀπετάκη
465 1768 530 1857 γάρ
539 1767 645 1838 αύτοῦ
652 1771 811 1857 τέταρτον
818 1766 1052 1857 ἡμιτάλαντον.
1058 1768 1160 1839 ,Ἐπι-

153 1872 287 1947 τελέσας
301 1865 370 1936 δὲὸ
389 1876 533 1957 Κροῖσος
549 1876 654 1938 ταῦτα
670 1865 842 1956 ἀπέπεμπε
859 1872 892 1950 ές
906 1868 1082 1958 Δελφούς,
1100 1874 1158 1938 καλ

153 1971 234 2040 τάδε
245 1965 330 2038 ἀλλα
347 1968 416 2056 ἅμα
433 1969 597 2039 τούτοισι·
624 1977 792 2058 κρητῆρας
809 1970 872 2038 δύο
889 1971 1034 2058 μεγάθει
1049 1971 1158 2057 μεγά-

153 2078 244 2154 λους,
252 2066 395 2154 χρύσεον
402 2070 457 2135 καλ
468 2065 648 2156 ἀργύρεον,
654 2075 723 2136 τῶν
733 2064 752 2137 ὁ
764 2069 826 2155 μὲν
832 2071 972 2156 χρύσεος
987 2073 1160 2140 ἐκέετοέπλ

137 2179 138 2182 ’
154 2160 245 2245 δεξιά
261 2162 385 2232 ἐσιόντι
407 2167 441 2243 ές
454 2162 515 2233 τάν
529 2164 633 2253 νηὸν,
648 2165 667 2234 ὁ
684 2166 722 2235 δὲ
737 2164 904 2257 ἀργύρεος
920 2167 969 2239 ἐπ’
983 2167 1155 2258 ἀριστερά.

154 2262 422 2353 μετεκινήθησαν
439 2265 475 2332 δὲ
489 2267 544 2332 καὶ
560 2257 656 2333 οὗτοι
671 2262 738 2333 ὑπὸ
759 2263 820 2334 τδν
833 2265 918 2354 νηὸν
935 2272 1158 2357 κατακαίοντα,

125 2443 126 2447 ἡ
151 2365 206 2430 καὶ
221 2359 239 2430 ὁ
255 2361 317 2447 μὲν
330 2362 471 2450 χρύσεος
483 2365 592 2431 κεέται
608 2366 646 2433 έν
662 2371 709 2455 τῷ
723 2371 961 2453 Κλαζομενίων
975 2375 1157 2459 θησαυρῷ,

151 2465 258 2530 ἕλκων
278 2459 434 2548 σταθμὸν
453 2471 586 2531 είνατον
607 2460 834 2550 ἡμιτάλαντον
853 2468 909 2534 καὶ
929 2472 977 2535 ἔτι
999 2465 1158 2535 δυώδεκα

149 2564 262 2649 μνέας,
280 2557 299 2630 δ
318 2561 354 2630 δὲ
370 2558 535 2650 ἀργύρεος
551 2564 604 2632 έπλ
613 2570 675 2631 τού
684 2569 851 2651 προνηίου
864 2569 923 2651 τῆς
931 2569 1070 2652 γωνίης,
1085 2589 1154 2650 χω-

151 2664 238 2749 ρέων
252 2657 424 2749 ἀμφορέας
441 2665 648 2743 ἑξακοσίους·
670 2666 878 2754 ἐπικίρναται
897 2663 963 2754 γὰρ
977 2662 1045 2735 ἀπὸ
1062 2674 1159 2735 Δελ-

151 2765 227 2846 φοῖν
243 2765 469 2845 Θεοφανίοισι.
500 2765 581 2847 φασὶ
602 2766 644 2832 δέ
660 2787 720 2850 μιν
735 2767 866 2851 Δελφοὶ
889 2766 1069 2854 Θεοδώρου
1090 2771 1158 2834 τοῦ

150 2863 284 2944 Σαμίου
302 2863 402 2944 ἔργον
419 2857 514 2948 εἶναι,
529 2863 586 2930 καλ
600 2859 665 2947 έγοδ
680 2864 804 2930 δοκέω·
825 2860 869 2931 ού
882 2862 948 2952 γάρ
969 2862 1008 2932 τό
1024 2884 1157 2932 συντυ-

150 2958 211 3047 χόν
229 2965 382 3046 φαίνεταί
395 2986 452 3047 μοι
467 2967 568 3048 ἔργον
583 2961 677 3030 εἶναι.
701 2965 756 3030 καὶ
775 2971 900 3044 πίθους
915 2985 951 3032 τε
964 2961 1158 3052 ἀργυρέους

148 3065 304 3153 τέσσερας
318 3059 500 3149 ἀπέπεμψε,
516 3070 552 3132 οἳ
559 3066 596 3131 ἐν
607 3070 655 3152 τῷ
666 3070 865 3150 Κορινθίων
873 3069 1039 3153 θησαυρῷ
1054 3064 1159 3130 ἑστᾶ-

150 3189 193 3256 σι,
206 3167 262 3234 καί
271 3163 527 3256 περιρραντήρια
536 3163 598 3233 δύο
608 3159 765 3250 ἀνέθηκε,
778 3161 922 3252 χρύσεόν
935 3189 969 3231 τε
977 3163 1034 3231 καί
1042 3161 1155 3252 ἀρχύ-

7 3275 19 3302 ’
150 3265 1157 3358 ρεον,τάντςδχρυσέῳέπιγέγραπταιΛακεδαιμονίωνφαμέ-

149 3395 218 3437 νων
228 3370 340 3456 σφὲων
355 3366 439 3436 εἶναι
448 3364 617 3455 ἀνάθημα,
632 3360 991 3453 ούκάρθωςλέγοντες·
1010 3366 1158 3455 ἔστιγὰρ

149 3469 206 3538 καί
222 3473 321 3538 τούτο
330 3474 492 3558 Κροίσου,
511 3468 678 3556 ἀπέγραψε
695 3465 733 3534 δὲ
749 3468 817 3534 των
830 3492 876 3544 τις
885 3470 1032 3552 Δελφάν
1040 3476 1157 3535 Λακε-
