2500 3925
187 209 250 273 ³08
578 211 831 303 ιιιοοοοτι

187 370 316 458 λάβωσι
326 369 406 451 τούς
418 374 558 457 ἑωυτῆς,
571 369 692 455 ἑκάστη
707 366 901 437 ἀντιδάκνει
911 370 968 438 καί
978 367 1066 438 οὕτω
1077 372 1173 457 ῥίπτει.

187 461 282 538 οὗτοι
296 470 332 537 δὲ
348 476 471 557 μοῦνοι
488 468 629 557 Λιβύων
645 475 745 536 τοῦτο
766 468 979 557 ἐργάζονται,
1000 474 1056 539 καλ
1071 477 1115 560 τῷ
1128 478 1173 557 βα-

186 572 273 638 σιλέι·
287 575 411 655 μοῦνοι
425 565 484 648 τάς
499 568 694 655 παρθένους
714 566 901 653 μελλούσας
917 570 1106 636 συνοικέειν
1119 570 1174 635 έπι-

187 667 399 737 δεικνύουσι·
421 663 444 755 ή
465 666 502 737 δὲ
519 662 564 735 άν
584 674 630 759 τῷ
652 669 783 755 βασιλέι
805 663 927 754 άρεστή
949 669 1103 755 γένηται,
1122 666 1175 736 ὑπὸ

185 766 311 835 τούτου
325 765 637 853 διαπαρθενεύεται.
659 765 849 853 παρήκουσι
864 764 901 840 δὲ
918 756 1015 834 ούτοι
1029 770 1063 835 οί
1073 762 1176 848 Ἀδυρ

185 868 319 951 μαχίδαι
333 860 391 931 ἀπ’
407 862 584 950 Αἰγύπτου
600 867 696 951 μέχρι
717 864 868 950 λιμένος,
889 870 936 955 τῷ
950 861 1082 952 οὔνομα
1096 870 1176 933 Πλυ-

119 985 169 1042 ιςς
184 960 244 1041 νός
261 963 338 1029 ἐστι.
378 961 569 1031 Τούτων·δὲ
580 968 711 1049 ἔχονται
722 962 998 1049 Γιλιγάμμαι,
1013 962 1177 1051 νεμόμενοι

184 1058 247 1147 τήν
258 1057 342 1146 πρὸς
356 1061 500 1147 ἑσπέρην
511 1060 625 1150 χάρην
638 1065 733 1148 μέχρι
743 1056 999 1146 Ἀφροδισιάδος
1013 1060 1129 1149 νήσου.
1150 1061 1178 1126 έν

184 1157 221 1225 δὲ
234 1164 282 1247 τῷ
296 1154 418 1243 μεταξύ
439 1159 680 1251 τούτουχύρφ
701 1156 774 1246 ἥτε
785 1161 920 1227 Πλατέα
940 1164 1043 1248 νῆσος
1064 1160 1178 1227 ἐπικέε-

182 1286 253 1346 ται,
275 1255 338 1344 τήν
360 1264 494 1329 ἔκτισαν
514 1270 722 1350 Κυρηναῖοι,
744 1263 800 1331 καί
821 1264 858 1330 έν
874 1268 914 1351 τῇ
934 1258 1060 1353 ήπείρφ
1075 1270 1179 1331 Μενε-

181 1358 275 1438 λάίος
292 1358 394 1444 λιμήν
415 1362 483 1428 ἐστι
500 1363 556 1429 καί
568 1358 709 1447 Ἄζιρις,
729 1357 793 1447 τὴν
808 1365 842 1428 oc
855 1367 1045 1447 Κυρηναῖοι
1060 1369 1177 1428 οίκεον·

182 1458 237 1525 καὶ
260 1455 297 1526 τὸ
324 1464 459 1545 σίλφιον
484 1457 618 1546 ἄρχεται
642 1456 709 1527 άπὸ
732 1460 865 1528 τούτου.
899 1459 1043 1548 παρήκει
1064 1458 1102 1527 δέ
1122 1453 1178 1525 άαό

179 1556 330 1641 Πλατέης
345 1555 453 1643 νήσου
467 1558 563 1645 μέχρι
576 1564 638 1625 τοῦ
654 1557 816 1643 στόματος
830 1563 889 1644 τῆς
902 1557 1050 1646 Σύρτιος
1062 1555 1101 1627 τό
1116 1567 1179 1628 σίλ-

180 1680 271 1741 φιον.
304 1652 439 1739 νόμοισι
462 1655 499 1723 δὲ
522 1656 676 1741 χρέονται
699 1648 794 1723 οὗτοι
818 1663 1080 1743 παραπλησίοισι
1103 1671 1179 1725 τοῖσι

114 1772 162 1827 170
179 1755 327 1839 ἑτέροισι.
385 1759 619 1839 Γιλιγαμμέων
644 1752 681 1821 δὲ
706 1759 837 1839 ἔχονται
865 1752 903 1822 τό
936 1752 1021 1837 πρός
1049 1758 1179 1841 ἑσπέρης

176 1850 386 1942 ’Λσβύταα
409 1845 504 1920 οὗτοι
523 1849 561 1919 τό
583 1849 669 1936 ὑπὲρ
684 1853 844 1940 Κυρήνης
864 1854 1020 1921 οίκέονσι.
1052 1855 1107 1922 έπί
1119 1852 1180 1921 θά-

179 1962 307 2023 λασσαν
322 1952 358 2021 δὲ
376 1948 417 2020 ού
435 1952 618 2041 κατήκουσι
630 1948 804 2039 Ἀσβύται·
825 1949 863 2022 τό
874 1949 940 2041 γάρ
951 1950 1042 2042 παρά
1053 1952 1180 2023 θάλασ-
1212 1974 1213 1981 ’

179 2073 244 2121 σαν
258 2059 446 2138 Κυρηναῖοι
460 2054 626 2139 νέμονται.
650 2051 917 2140 τεθριπποβάται
929 2053 966 2122 δὲ
976 2050 1041 2122 οὐκ
1054 2052 1179 2140 ἥκιστα,

179 2148 265 2221 ἀλλὰ
289 2151 432 2237 μάλιστα
452 2151 592 2240 Λιβύων
617 2153 700 2238 είσὶ,
724 2151 851 2238 νόμους
873 2151 910 2220 δὲ
934 2148 1014 2232 τούς
1038 2158 1180 2228 πλεῦνας
1211 2160 1214 2285 ή

114 2277 163 2334 171
179 2253 359 2340 μιμέεσθαι
380 2251 616 2337 ἐπιτηδεύουσι
636 2247 717 2330 τούς
735 2256 950 2338 Κυρηναίων.
997 2247 1180 2338 Ἀσβυτέων

178 2353 215 2420 δέ
235 2356 365 2438 ἔχονται
389 2348 426 2418 τὸ
450 2347 535 2439 πρός
561 2353 701 2436 ἑσπέρης
724 2347 948 2436 Αὐσχίσαι·
975 2340 1071 2417 οὗτοι
1100 2345 1180 2432 ὑπὲρ

176 2451 311 2537 Βάρκης
333 2453 496 2536 οίκέουσι,
519 2451 721 2537 κατήκοντες
741 2451 795 2519 έπὲ
814 2448 993 2519 θάλασσαν
1014 2446 1091 2517 κατ’
1116 2445 1180 2518 Εὐ·
1212 2526 1214 2534 ⁸

178 2553 361 2631 εσπερίδας.
406 2545 602 2634 Αὐσχισέων
617 2549 654 2615 δὲ
670 2544 754 2614 κατὰ
770 2549 873 2632 μέσον
891 2553 949 2634 τῆς
968 2546 1080 2634 χώρης
1096 2550 1181 2616 οίκέ-
1212 2588 1214 2623 ,

178 2669 255 2720 ονσι
268 2650 474 2736 Βάκαλες,
496 2645 613 2735 ὀλίγον
628 2653 746 2734 ἔθνος,
768 2647 968 2734 κατήκοντες
982 2649 1036 2716 ἐπὶ
1049 2646 1180 2715 θάλασ-
1212 2627 1214 2719 ἑ

176 2770 241 2818 σαν
265 2746 349 2818 κατά
372 2748 539 2835 Ταύχειρα
566 2746 669 2814 πόλιν
692 2753 749 2832 τῆς
769 2752 952 2833 Βαρκαίης·
984 2745 1122 2833 νόμοισι
1146 2747 1181 2812 δὲ
1212 2738 1214 2764 ¹

110 2868 159 2924 172
174 2864 260 2920 τοίσι
274 2846 405 2916 αὐτοῖσι
419 2851 573 2935 χρέονται
586 2859 673 2914 τοῖσι
687 2847 743 2913 καὶ
756 2851 790 2916 οί
803 2843 889 2934 ὑπὲρ
903 2847 1075 2935 Κυρήνης.
1110 2845 1181 2916 Αύ-

175 2955 316 3041 σχισέων
332 2949 368 3018 δὲ
383 2949 513 3017 τούτων
528 2945 565 3017 τὰ
581 2945 666 3034 πρὸς
681 2949 821 3034 ἑσπέρης
835 2954 966 3035 ἔχονται
980 2956 1019 3017 Ν
1021 2955 1182 3036 ασαμῶ-

174 3075 260 3134 νες,
283 3053 384 3126 ἔθνος
401 3043 459 3114 έόν
473 3043 617 3132 πολλὸν,
640 3052 675 3113 οἳ
685 3043 723 3114 τό
738 3049 842 3136 θέρος
856 3055 1115 3130 καταλείποντες
1130 3051 1179 3116 έπέ

173 3158 213 3238 τῇ
226 3148 383 3237 θαλάσση
400 3145 439 3216 τά
460 3148 612 3236 πρόβατα
632 3144 855 3236 άναβαίνουσι
875 3155 909 3230 ές
922 3147 1057 3236 Αύμιλα
1070 3160 1182 3238 χῶρον

175 3246 397 3333 ὀπωριεῦντες
413 3245 492 3327 τούς
513 3255 685 3334 φοίνικας·
707 3251 742 3316 οί
760 3247 797 3316 δὲ
818 3251 937 3318 πολλοὶ
959 3251 1015 3318 καὶ
1032 3246 1182 3338 άμφιλα-

176 3345 253 3428 φέες
267 3343 454 3433 πεφύκασι,
468 3347 590 3426 πάντες
604 3347 715 3425 ἐόντες
729 3348 953 3437 καρποφόροι.
973 3345 1054 3430 τούς
1071 3348 1110 3418 δὲ
1122 3343 1184 3416 άτ-

177 3443 331 3525 τελέβους
345 3440 448 3510 ἐπεάν
466 3443 678 3531 θηρεύσωσι,
701 3442 888 3532 αὐήναντες
909 3446 993 3532 πρὸς
1007 3446 1070 3518 τόν
1084 3447 1182 3538 ἥλιον

1211 2328 1214 2341 λ
