2500 3925
359 212 446 269 LIB.
479 211 538 267 VII.
575 210 674 268 cAP.
707 218 851 273 36-40.
1050 214 1112 280 143

101 378 216 460 γῆσαι,
239 373 311 458 ἐμοί
326 370 363 439 δέ
379 374 464 458 μέγα
476 370 673 458 γενόμενον.
710 375 833 460 Ξέρξης
848 377 885 444 δέ
898 386 968 446 πᾶν
982 384 1110 464 μᾶλλον

100 477 228 541 δοκέων
246 497 306 559 μιν
318 478 469 560 χρηίσειν
485 468 507 563 ή
521 471 559 542 τὸ
578 474 718 561 ἐδεήθη,
741 480 805 562 ἐφη
822 503 858 546 τε
879 477 1109 567 ὑπουργήσειν

98 576 154 642 καί
171 569 211 660 δή
227 569 407 661 ἀγορεύειν
421 576 562 660 ἐκέλευε,
581 572 660 642 ότευ
674 578 790 642 δέοιτο.
814 575 883 646 ὁδέ
899 578 1006 647 ἐπείτε
1025 588 1107 648 ταῦ-

97 699 138 740 τα
151 670 292 760 ήκονσε,
315 679 408 758 ἔλεγε
426 674 602 761 θαρσήσας
614 675 710 742 τάδε·
740 667 779 742 Ὠ
800 677 959 764 δέσποτα,
982 679 1107 767 τυγχά-
1216 695 1222 706 ”

98 780 201 844 νονσί
211 801 269 861 μοι
283 780 399 855 παῖδες
413 774 524 855 ἐόντες
538 779 654 862 πέντε,
670 783 729 846 καί
739 795 844 864 σφεας
858 779 1106 869 καταλαμβάνει

97 874 226 954 πάντας
240 871 309 960 ἅμα
324 877 377 944 σοὶ
386 874 630 963 στρατεύεσθαι
642 877 695 945 ἐπί
709 875 771 964 τὴν
782 875 932 948 Ἑλλάδα.
955 876 1000 947 σὺ
1014 881 1061 966 δέ,
1079 872 1106 946 ὦ

98 978 252 1062 βασιλεῦ,
274 973 331 1059 ἐμέ
351 975 385 1052 ἐς
402 972 480 1041 τόδε
499 968 631 1060 ἡλικίης
648 971 775 1061 ήκοάτα
789 981 951 1063 οἰκτείρας
965 982 1034 1044 τοῖν
1048 1002 1105 1063 μοι

98 1077 228 1142 παίδων
242 1073 302 1139 ἕνα
315 1072 514 1160 παράλυσον
528 1078 586 1159 τής
600 1081 776 1162 στρατηίης
789 1073 850 1142 τόν
862 1073 1105 1163 πρεσβύτατον,

96 1177 153 1240 ἵνα
170 1169 277 1242 αὑτοῦ
289 1197 325 1240 τε
339 1174 419 1260 ἐμεῦ
433 1175 489 1241 καί
499 1177 568 1240 τῶν
583 1173 762 1260 χρημάτων
773 1166 796 1262 ή
809 1172 1006 1260 μελεδωνός.
1025 1169 1105 1250 τοὺς

96 1274 133 1340 δέ
149 1273 305 1358 τέσσερας
319 1268 380 1357 άγε
395 1269 464 1356 ἅμα
479 1277 632 1361 σεωυτῷ,
654 1273 709 1339 καί
726 1272 852 1360 πρήξας
867 1269 908 1339 τά
923 1274 1030 1350 νοέεις
1042 1295 1104 1338 νο-

95 1368 249 1458 στήσειας
263 1365 378 1437 ὀπίσω.
401 1370 518 1456 Κάρτα
529 1394 565 1436 τε
574 1369 739 1456 ἐθυμώθη
756 1367 773 1436 ὁ
787 1372 922 1458 Ξέρξης,
939 1370 994 1438 καί
1008 1365 1103 1455 άμεί-
1113 1389 1148 1446 39

95 1477 172 1558 βετο
185 1471 309 1537 τοισίδε
319 1492 325 1505 ·
336 1460 375 1535 Ὠ
387 1470 467 1536 κακέ
478 1467 650 1557 άνθρωπε,
663 1466 707 1536 σὺ
719 1467 900 1556 ἐτόλμησας
912 1471 991 1556 ἐμεῦ
1001 1487 1103 1554 στρα-

94 1568 279 1653 τευομένου
304 1563 411 1634 αὑτοῦ
432 1567 485 1636 ἐπί
504 1565 567 1655 τήν
584 1565 726 1637 Ἑλλάδα
747 1570 802 1636 καί
821 1566 963 1656 άγοντος
983 1569 1104 1644 παῖδας
1212 1559 1238 1620 δ”

95 1664 197 1754 ἐμοὺς
210 1669 266 1735 καί
280 1663 465 1755 άδελφεοὺς
479 1670 535 1736 καί
547 1674 695 1755 οίιιηίονς
705 1669 760 1737 καί
775 1675 895 1754 φίλους
908 1666 1103 1756 μνήσασθαι

95 1772 170 1852 περί
184 1769 245 1834 σοῦ
261 1768 397 1856 παιδός,
422 1765 488 1838 ἐάν
505 1767 583 1857 ἐμός
603 1775 741 1857 δοὺλος,
758 1765 819 1838 τόν
839 1778 923 1858 χρῆν
943 1773 1102 1855 πανοικίη

95 1864 180 1955 αὑτῇ
197 1868 333 1952 γυναικί
352 1869 577 1952 συνέπεσθαις
600 1861 641 1938 εὑ
660 1877 727 1938 νῦν
740 1866 812 1938 τόδ’
829 1873 1037 1954 ἐξεπίστασο,
1057 1862 1102 1943 ὑς

94 1970 132 2035 ἐν
145 1979 231 2034 τοῖσι
246 1961 307 2035 άσί
327 1972 395 2034 τάν
411 1964 606 2056 ἀνθρώπων
621 1971 721 2038 οίκέει
738 1967 756 2038 ὁ
773 1974 901 2056 θυμός,
925 1964 963 2047 ὃς
975 1958 1100 2055 χρηστά

95 2070 157 2156 μὲν
170 2064 317 2147 άκοόσας
330 2070 465 2156 τέρψιος
486 2072 657 2158 ἐμπιπλέει
671 2068 709 2139 τό
730 2065 853 2157 σῶμα,
864 2067 1047 2137 ὑπεναντία
1065 2067 1102 2134 δέ

92 2166 241 2239 τνάτοισι
255 2164 403 2247 ἄκου’σας
417 2165 571 2239 άνοιδέει.
592 2167 649 2237 ὅτε
662 2172 724 2257 μέν
737 2194 804 2237 νυν
820 2163 946 2256 χρηστά
960 2162 1101 2252 ποιήσας

31 2344 48 2361 .
91 2266 188 2351 ἕτερα
203 2271 341 2334 τοιαῦτα
355 2267 567 2354 ἐπηγγέλλεο,
583 2257 790 2355 εὐεργεσίῃσι
803 2270 942 2355 βασιλέα
959 2261 1001 2332 οὐ
1015 2288 1100 2330 καυ-

92 2364 207 2453 χήσεαι
217 2360 479 2453 ὑπερβαλέσθαι,
499 2368 607 2435 ἐπείτε
615 2365 653 2435 δὲ
660 2368 693 2446 ἐς
703 2362 740 2434 τό
755 2363 991 2453 ἀναιδέστερον
1002 2361 1100 2451 ἐτρά-

93 2485 157 2529 πευ
164 2457 252 2548 ,τήν
264 2465 327 2547 μέν
342 2458 438 2549 άξίην
452 2459 661 2550 οὑλάμψεατ,
676 2462 805 2532 ἐλάσσω
817 2463 853 2531 δέ
866 2467 924 2547 τῆς
940 2458 1040 2546 ἀξίης.
1063 2458 1101 2527 σδ

28 2554 30 2556 ’
93 2555 209 2644 μέν
169 2583 234 2643 γαρ
246 2559 303 2627 καὶ
314 2555 395 2638 τοὺς
404 2563 562 2647 τέσσερας
571 2585 641 2628 των
651 2562 782 2627 παίδων
795 2557 911 2645 ῥύεται
927 2553 968 2625 τά
984 2560 1099 2643 ξείνια,

92 2682 154 2725 του
139 2659 240 2725 Ηδέ
222 2654 313 2745 ενὸς,
332 2682 393 2725 τον
379 2658 572 2745 περιέχεαι
586 2657 740 2745 μάλιστα,
755 2662 795 2745 τῇ
810 2660 899 2743 ψυχή
911 2653 1097 2741 ζημιάσεαι.

89 2743 145 2835 Ὡς
131 2754 196 2823 δέ
211 2761 316 2823 ταῦτα
326 2751 547 2842 ὑπεκρίνατο,
562 2752 681 2824 αὐτίκα
696 2752 827 2823 ἐκέλευε
841 2766 926 2821 τοῖσι
939 2751 1096 2840 προσετε-

90 2876 191 2921 τακτο
203 2859 309 2921 ταῦτα
322 2853 504 2941 πρήσσειν
519 2879 588 2921 των
603 2858 742 2921 Πυθίου
759 2856 890 2921 παίδων
903 2850 1100 2937 ἐξευρόντας

90 2949 152 3019 τόν
172 2951 404 3039 πρεσβύτατον
423 2951 528 3040 μέσον
547 2956 736 3039 διαταμεῖν,
760 2950 981 3038 διαταμόντας
1001 2947 1094 3018 δέ
1057 2976 1098 3017 τα

90 3046 235 3136 ἡμίτομα
249 3053 436 3136 διαθεῖναι,
450 3048 487 3119 τό
503 3050 565 3139 μέν
579 3052 633 3119 ἐπί
646 3047 737 3131 δεξιά
752 3056 810 3137 τῆς
823 3046 924 3135 ὁδοῦ,
942 3044 979 3115 τό
995 3044 1026 3113 δ’
1043 3047 1096 3113 ἐπ’

91 3145 260 3236 ιἰριστερά,
275 3151 331 3218 καί
343 3150 448 3238 ταάτη
459 3150 618 3229 διεξιέναι
627 3145 689 3217 τὺν
700 3147 852 3235 στρατόν.
875 3144 1098 3232 Ποιησάντων
1108 3161 1142 3218 40

92 3248 129 3315 δέ
142 3246 273 3317 τούτων
287 3273 386 3318 τουτο
401 3246 484 3336 μετά
498 3255 603 3318 ταῦτα
619 3244 770 3335 διεξήιεὺ
787 3242 936 3331 στρατός.
957 3239 1120 3330 ἡγέοντο

90 3346 128 3416 δέ
145 3372 272 3430 πρωτοι
285 3350 349 3435 μὲν
363 3352 397 3417 οί
412 3349 619 3437 σκευοφόροι
636 3374 672 3416 τε
687 3349 742 3416 καί
756 3371 797 3413 τα
785 3341 994 3431 ὑποζύγια,
1016 3340 1097 3430 μετὰ

90 3446 127 3515 δέ
139 3446 282 3527 τούτους
294 3444 434 3535 στρατός
448 3453 618 3516 παντοίων
633 3446 764 3516 ἐθνέων
780 3434 917 3529 άναμιἜ,
932 3464 975 3508 ου
963 3434 1099 3511 ’διακε-
