2500 3925
142 194 203 260 136
517 200 769 258 ΗΕΒΟΒΟΤι

141 358 311 448 ἐνέμοντο,
324 364 393 426 τῶν
404 358 533 429 εἵνεκεν
544 355 838 446 ῦστερονΔαριῑος
848 361 1051 447 ἐτιμωρέετο,
1066 361 1152 449 μήτε

142 453 225 526 κατὰ
238 454 279 525 τά
294 454 458 544 λεγόμενα
469 453 529 526 τὸν
539 452 733 543 Ἀτρειδέων
743 454 888 536 έςἼλιον
900 457 982 546 μήτε
995 455 1056 526 τὸν
1065 466 1153 528 Μυ-

142 563 213 626 σῶν
227 582 263 624 τε
275 558 332 625 aaz
350 563 511 644 Τευκρῶν
529 553 590 624 τόν
605 554 672 643 πρό
689 564 757 625 τάν
775 565 935 645 Τρωικῶν
948 560 1149 648 γενόμενον,

142 660 178 724 οἳ
192 653 368 740 διαβάντες
389 655 422 733 ές
442 651 505 741 τὴν
525 650 697 741 Εὐρώπην
718 652 801 723 κατὰ
815 655 994 745 Βόσπορον
1013 654 1094 734 τοῦς
1114 681 1152 724 τε

143 751 290 838 Θρήικας
303 754 568 839 κατεστρέψαντο
579 752 710 842 πάντας
723 754 780 820 καὶ
792 756 846 822 ἐπὶ
859 751 920 822 τὸν
929 751 1049 824 Ἰόνιον
1061 751 1151 821 πόν-

142 878 203 921 τον
219 855 406 941 κατέβησαν
421 853 516 940 μέχρι
537 877 573 920 τε
588 859 740 939 Πηνειοῦ
760 860 913 940 ποταμοῦ
928 879 965 922 το
983 850 1068 941 πρός
1087 878 1151 939 με·

97 962 129 1016 11
144 953 307 1038 σαμβρίης
319 947 457 1037 ἤλασαν.
480 942 590 1021 Αῦται
599 955 638 1021 αδ
649 958 752 1023 πᾶσαν
763 948 838 1022 οὐδ’
851 956 960 1041 ἕτεραι
970 949 1055 1041 πρὸς
1065 951 1152 1020 ταῦ-

142 1068 217 1138 τησι
227 1047 407 1138 γενόμεναι
418 1056 654 1136 στρατηλασίαι
664 1057 742 1139 μιῆς
751 1048 899 1144 τῆσδε’
860 1076 922 1120 ουιι
931 1049 1029 1134 άξιαι.
1042 1053 1077 1120 τί
1082 1044 1151 1135 γάρ

142 1144 208 1214 οῦιι
219 1146 324 1235 ἤγαγε
338 1151 375 1218 έιι
394 1156 453 1236 τῆς
465 1147 574 1239 Ἀσίης
591 1156 694 1233 έθνος
710 1150 815 1222 ἐπέτ
820 1179 842 1220 υ
852 1150 994 1221 Ελλάδα
1008 1151 1151 1236 Ξέρξηεε

142 1243 286 1313 notave}
294 1245 480 1333 πινόμενόν
498 1275 559 1336 μιν
578 1177 895 1335 ῦδωροῦιιέπέλιπε,
910 1243 999 1332 πλην
1010 1253 1077 1314 τῶν
1088 1273 1150 1333 με,

146 1341 262 1429 γάλων
274 1353 451 1432 ποταμων,
472 1372 504 1416 οι
496 1343 636 1434 Ημδν
596 1372 661 1434 γαρ
681 1349 759 1425 νέας
766 1352 993 1435 παρείχοντο,
1015 1350 1051 1414 οί
1064 1347 1101 1417 δὲ
1117 1347 1151 1424 ἐς

145 1440 246 1525 πεζόν
260 1443 450 1533 ἐτετάχατο,
470 1460 556 1515 τοῖσι
571 1446 640 1515 δὲ”
623 1469 724 1525 ιππος
737 1448 992 1533 προσετέτακτο,
1014 1460 1100 1514 τοῖσι
1113 1446 1151 1514 δὲ

145 1544 323 1635 ίππαγωγά
341 1555 458 1633 πλοῖα,
475 1545 545 1635 ἅμα
559 1551 867 1636 στρατευομένοισι,
887 1559 973 1615 τοῖσι
989 1545 1027 1618 δὲ
1045 1549 1078 1626 ές
1091 1543 1152 1625 τὰς

143 1648 296 1739 γεφύρας
305 1646 436 1738 μαιιρᾶς
449 1651 528 1729 υέας
537 1651 705 1738 παρέχειν,
716 1662 801 1719 τοῖσι
813 1648 849 1717 δὲ
860 1646 935 1728 σϊτά
946 1673 981 1718 τε
991 1651 1047 1717 καὶ
1060 1649 1148 1728 νέας.

95 1755 130 1810 ²²
149 1751 211 1818 Καί
230 1755 329 1818 τοῦτο
345 1752 407 1836 μέν
427 1747 472 1831 ὡς
484 1750 785 1839 προσπταισάντων
804 1756 871 1818 τῶν
892 1748 1036 1837 πράτων
1055 1773 1151 1837 περι-

145 1848 330 1920 πλωόυτων
342 1853 418 1936 περὶ
428 1848 613 1919 τδνἍθων
622 1849 876 1938 προετοιμάζετο
888 1851 925 1918 ἐιι
935 1854 1039 1936 τριῶν
1050 1850 1152 1916 ἐτέων

142 1974 206 2017 ιιου
219 1946 364 2035 μάλιστα
377 1951 411 2028 ἐς
423 1945 485 2018 τόν
498 1947 630 2021 Ἄδων·
659 1952 696 2019 ἐν
709 1947 774 2038 γάρ
791 1946 976 2021 Ἐλαιοῦντι
988 1955 1048 2037 τῆς
1061 1956 1151 2033 Χερ-

143 2045 292 2133 σονήσου
300 2046 433 2136 ὥρμεον
443 2050 603 2137 τριήρεες,
611 2052 773 2119 ἐνθεῦτεν
784 2048 820 2117 δέ
827 2046 1027 2137 δρμεόμενοι
1039 2046 1151 2133 ὤρυσ-

143 2165 205 2215 σον
219 2143 286 2214 ὑπὸ
298 2152 468 2233 μαστίγων
482 2151 690 2219 παντοδαποὶ
700 2155 758 2236 τῆς
772 2153 936 2235 στρατιῆς,
952 2147 1102 2233 διάδοχοι
1117 2141 1148 2211 δ’

147 2248 310 2332 ἐφοίτεον,
322 2243 480 2331 άρυσσον
496 2249 533 2314 δέ
547 2250 652 2316 καλοί
662 2248 739 2333 περὶ
753 2243 816 2315 τὸν
822 2245 938 2314 ’Ἄθων
953 2245 1150 2329 κατοικημέ-

146 2368 211 2413 νοι.
226 2343 403 2433 Βουβάρης
414 2345 451 2414 δέ
461 2342 693 2434 δΜεγαβάξου
703 2348 759 2415 ιιαὶ
767 2343 958 2432 Ἀρταχαίης
968 2342 987 2413 ὁ
998 2343 1151 2433 Ἀρταίου

147 2440 269 2529 ἄνδρες
278 2444 406 2530 Πέρσαι
420 2443 618 2515 ἐπεστάτεον
631 2451 692 2513 τοῦ
706 2450 818 2533 ἔργον.
834 2440 872 2511 ‘0
885 2438 1069 2529 γάρἈθως
1082 2442 1150 2510 ἐστὶ

147 2537 250 2631 οῦρος
257 2544 342 2630 μέγα
352 2571 388 2612 τε
400 2546 456 2613 καὶ
467 2542 689 2633 οῦνομαστόυ,
702 2548 736 2625 ἐς
746 2543 925 2617 θάλασσαν
936 2547 1092 2629 ιιατηιιον,
1100 2546 1151 2609 ot-

146 2648 293 2727 πημένον
307 2638 373 2711 ὑπ’
392 2639 597 2728 ἀνθρώπων.
619 2650 660 2732 τῇ
678 2646 715 2712 δὲ
730 2648 868 2731 τελευτᾷ
888 2642 921 2719 ές
935 2637 998 2726 τὴν
1009 2634 1150 2726 ἤπειρον

143 2738 181 2810 τό
196 2735 310 2828 οὖρος,
325 2748 596 2829 χερσονησοειδές
605 2746 646 2813 τέ
653 2747 721 2814 ἐστι
735 2746 791 2813 ιιαὶ
801 2740 923 2830 ἰσθμὸς
938 2740 984 2821 ῦς
998 2741 1149 2813 δυόδεκα

144 2843 300 2924 σταδίων,
315 2844 433 2910 πεδίον
445 2843 481 2910 δὲ
491 2848 591 2910 τοῦτο
605 2844 662 2911 καὶ
672 2844 816 2911 κολωνοὶ
828 2838 870 2909 οὗ
880 2839 1018 2927 μεγάλοι
1032 2842 1069 2909 έιι
1083 2848 1149 2907 θα-

144 2938 269 3025 λάσσης
283 2945 341 3023 τῆς
359 2936 548 3007 Ἀκανθίων
562 2942 616 3009 έπὶ
630 2942 808 3010 θάλασσαν
822 2937 884 3026 τὴν
899 2936 1016 3007 άντίου
1033 2936 1149 3022 Τυρά-

144 3061 213 3122 νης.
243 3037 281 3102 ἐν
301 3036 337 3103 δὲ
356 3042 403 3125 τῷ
423 3042 535 3127 ίσθμῷ
551 3039 676 3131 τοῦτον,
697 3042 732 3119 ἐς
751 3036 812 3108 τὸν
830 3045 968 3127 τελευτᾷ
989 3034 1007 3105 ὁ
1025 3034 1148 3120 Ἀδως,

142 3132 241 3218 Σάνη
255 3131 352 3211 πόλις
368 3131 484 3213 Ἑλλάς
499 3144 639 3222 οίιιηται.
667 3141 705 3205 αί
715 3139 752 3205 δὲ
767 3131 861 3213 έντὸς
876 3133 1010 3220 Σάνης,
1033 3138 1098 3203 ἔσω
1113 3133 1149 3227 δὲ

143 3228 306 3300 mmm
323 3235 512 3321 οἰκημέναι,
526 3232 585 3313 τάς
600 3235 676 3304 τότε
686 3233 705 3305 δ
716 3236 849 3324 Πέρσης
861 3233 1061 3321 νησιώτιδας
1075 3231 1148 3302 άυτὶ

143 3324 372 3413 ἠπειρωτίδων
384 3326 517 3419 ῦρμητο
527 3333 666 3419 ποιέειν,
677 3334 739 3403 είσὶ
749 3336 833 3420 αἵδε,
846 3342 945 3420 Δίου,
956 3328 1146 3418 Ὀλόφυξος,

140 3422 345 3512 Ἀιιρόθωον,
362 3428 505 3518 Θύσσος,
520 3436 683 3510 Κλεωναί.
706 3431 820 3511 πόλιες
833 3432 896 3519 μὲν
911 3422 1027 3517 αῦτιιι,
1043 3427 1147 3501 αἳτῦν
