<?xml version="1.0" encoding="UTF-8"?>
<!DOCTYPE html PUBLIC "-//W3C//DTD XHTML 1.0 Transitional//EN"
    "http://www.w3.org/TR/xhtml1/DTD/xhtml1-transitional.dtd">
<html xmlns="http://www.w3.org/1999/xhtml" xml:lang="en" lang="en">
 <head>
  <title>
</title>
<meta http-equiv="Content-Type" content="text/html;charset=utf-8" />
  <meta name='ocr-system' content='tesseract 3.04.00' />
  <meta name='ocr-capabilities' content='ocr_page ocr_carea ocr_par ocr_line ocrx_word'/>
</head>
<body>
  <div class='ocr_page' id='page_1' title='image "./herodotihistori00dietgoog_0160.png"; bbox 0 0 2500 3925; ppageno 0'>
   <div class='ocr_carea' id='block_1_1' title="bbox 174 279 815 348">
    <p class='ocr_par' dir='ltr' id='par_1_1' title="bbox 174 279 815 348">
     <span class='ocr_line' id='line_1_1' title="bbox 174 279 815 348; baseline -0.014 -5"><span class='ocrx_word' id='word_1_1' title='bbox 174 281 235 343; x_wconf 85' lang='grc'><strong><em>156</em></strong></span> <span class='ocrx_word' id='word_1_2' title='bbox 561 279 815 348; x_wconf 80' lang='lat' dir='ltr'>HERODOTI</span> 
     </span>
    </p>
   </div>
   <div class='ocr_carea' id='block_1_2' title="bbox 123 435 1249 1419">
    <p class='ocr_par' dir='ltr' id='par_1_2' title="bbox 171 435 1192 528">
     <span class='ocr_line' id='line_1_2' title="bbox 171 435 1192 528; baseline -0.006 -16"><span class='ocrx_word' id='word_1_3' title='bbox 171 444 250 513; x_wconf 90' lang='grc' dir='ltr'><strong><em>πόλι</em></strong></span> <span class='ocrx_word' id='word_1_4' title='bbox 270 445 346 512; x_wconf 85' lang='grc' dir='ltr'><strong><em>ἐστί.</em></strong></span> <span class='ocrx_word' id='word_1_5' title='bbox 390 440 433 511; x_wconf 89' lang='grc' dir='ltr'><strong><em>ού</em></strong></span> <span class='ocrx_word' id='word_1_6' title='bbox 453 442 568 528; x_wconf 84' lang='grc' dir='ltr'><strong><em>μέντοι</em></strong></span> <span class='ocrx_word' id='word_1_7' title='bbox 588 444 626 508; x_wconf 78' lang='grc' dir='ltr'><strong><em>αλ</em></strong></span> <span class='ocrx_word' id='word_1_8' title='bbox 644 465 684 526; x_wconf 89' lang='grc' dir='ltr'><strong><em>γε</em></strong></span> <span class='ocrx_word' id='word_1_9' title='bbox 704 446 861 526; x_wconf 78' lang='grc' dir='ltr'><strong><em>μαντηίαι</em></strong></span> <span class='ocrx_word' id='word_1_10' title='bbox 885 459 948 525; x_wconf 89' lang='grc' dir='ltr'><strong><em>σφι</em></strong></span> <span class='ocrx_word' id='word_1_11' title='bbox 969 442 1056 507; x_wconf 78' lang='grc' dir='ltr'><strong><em>κατά</em></strong></span> <span class='ocrx_word' id='word_1_12' title='bbox 1078 435 1192 508; x_wconf 83' lang='grc' dir='ltr'><strong><em>τῶυτο</em></strong></span> 
     </span>
    </p>

    <p class='ocr_par' dir='ltr' id='par_1_3' title="bbox 123 536 1197 1022">
     <span class='ocr_line' id='line_1_3' title="bbox 123 536 1195 644; baseline -0.006 -34"><span class='ocrx_word' id='word_1_13' title='bbox 123 549 158 602; x_wconf 81' lang='grc'><strong><em>84</em></strong></span> <span class='ocrx_word' id='word_1_14' title='bbox 172 545 301 626; x_wconf 80' lang='grc' dir='ltr'><strong><em>ἑστᾶσι,</em></strong></span> <span class='ocrx_word' id='word_1_15' title='bbox 330 538 413 610; x_wconf 81' lang='grc' dir='ltr'><strong><em>ἄλλά</em></strong></span> <span class='ocrx_word' id='word_1_16' title='bbox 438 541 601 625; x_wconf 87' lang='grc' dir='ltr'><strong><em>διάφοροί</em></strong></span> <span class='ocrx_word' id='word_1_17' title='bbox 618 545 691 608; x_wconf 85' lang='grc' dir='ltr'><strong><em>εἰσι.</em></strong></span> <span class='ocrx_word' id='word_1_18' title='bbox 733 536 777 606; x_wconf 88' lang='grc' dir='ltr'><em>Ἡ</em></span> <span class='ocrx_word' id='word_1_19' title='bbox 793 540 829 605; x_wconf 78' lang='grc' dir='ltr'><strong><em>δὲ</em></strong></span> <span class='ocrx_word' id='word_1_20' title='bbox 850 537 982 626; x_wconf 77' lang='grc' dir='ltr'><strong><em>ἰητρικὴ</em></strong></span> <span class='ocrx_word' id='word_1_21' title='bbox 999 536 1086 608; x_wconf 84' lang='grc' dir='ltr'><strong><em>κατά</em></strong></span> <span class='ocrx_word' id='word_1_22' title='bbox 1097 537 1195 644; x_wconf 70' lang='grc' dir='ltr'><strong><em>τάδε</em></strong></span> 
     </span>
     <span class='ocr_line' id='line_1_4' title="bbox 172 635 1195 725; baseline -0.008 -18"><span class='ocrx_word' id='word_1_23' title='bbox 172 661 233 725; x_wconf 88' lang='grc' dir='ltr'><strong><em>σφι</em></strong></span> <span class='ocrx_word' id='word_1_24' title='bbox 255 642 426 707; x_wconf 76' lang='grc' dir='ltr'><strong><em>δέδασται·</em></strong></span> <span class='ocrx_word' id='word_1_25' title='bbox 449 644 526 724; x_wconf 81' lang='grc' dir='ltr'><strong><em>μιῆς</em></strong></span> <span class='ocrx_word' id='word_1_26' title='bbox 545 637 674 705; x_wconf 79' lang='grc' dir='ltr'><strong><em>νούσου</em></strong></span> <span class='ocrx_word' id='word_1_27' title='bbox 696 638 833 714; x_wconf 81' lang='grc' dir='ltr'><strong><em>ἕκαστος</em></strong></span> <span class='ocrx_word' id='word_1_28' title='bbox 853 635 967 724; x_wconf 88' lang='grc' dir='ltr'><strong><em>ἰητρός</em></strong></span> <span class='ocrx_word' id='word_1_29' title='bbox 986 637 1133 704; x_wconf 81' lang='grc' dir='ltr'><strong><em>ἐστικαὶ</em></strong></span> <span class='ocrx_word' id='word_1_30' title='bbox 1151 660 1195 700; x_wconf 93' lang='grc' dir='ltr'><strong><em>ου</em></strong></span> 
     </span>
     <span class='ocr_line' id='line_1_5' title="bbox 172 731 1195 824; baseline -0.01 -15"><span class='ocrx_word' id='word_1_31' title='bbox 172 741 335 809; x_wconf 80' lang='grc' dir='ltr'><strong><em>πλεόνων.</em></strong></span> <span class='ocrx_word' id='word_1_32' title='bbox 391 739 501 806; x_wconf 88' lang='grc' dir='ltr'><strong><em>πάντα</em></strong></span> <span class='ocrx_word' id='word_1_33' title='bbox 528 735 560 804; x_wconf 89' lang='grc' dir='ltr'><strong><em>δ’</em></strong></span> <span class='ocrx_word' id='word_1_34' title='bbox 588 742 712 824; x_wconf 89' lang='grc' dir='ltr'><strong><em>ἰητρῶν</em></strong></span> <span class='ocrx_word' id='word_1_35' title='bbox 737 738 805 804; x_wconf 80' lang='grc' dir='ltr'><strong><em>ἐστί</em></strong></span> <span class='ocrx_word' id='word_1_36' title='bbox 832 738 933 803; x_wconf 90' lang='grc' dir='ltr'><strong><em>πλέα·</em></strong></span> <span class='ocrx_word' id='word_1_37' title='bbox 968 741 1004 803; x_wconf 89' lang='grc' dir='ltr'><strong><em>οί</em></strong></span> <span class='ocrx_word' id='word_1_38' title='bbox 1027 736 1093 822; x_wconf 72' lang='grc' dir='ltr'><strong><em>μὲν</em></strong></span> <span class='ocrx_word' id='word_1_39' title='bbox 1123 731 1195 820; x_wconf 85' lang='grc' dir='ltr'><strong><em>γάρ</em></strong></span> 
     </span>
     <span class='ocr_line' id='line_1_6' title="bbox 172 832 1197 925; baseline -0.007 -18"><span class='ocrx_word' id='word_1_40' title='bbox 172 838 363 925; x_wconf 74' lang='grc' dir='ltr'><strong><em>ὀφθαλμῶν</em></strong></span> <span class='ocrx_word' id='word_1_41' title='bbox 376 840 484 923; x_wconf 88' lang='grc' dir='ltr'><strong><em>ἰητροί</em></strong></span> <span class='ocrx_word' id='word_1_42' title='bbox 496 841 688 916; x_wconf 78' lang='grc' dir='ltr'><strong><em>κατεστᾶσι,</em></strong></span> <span class='ocrx_word' id='word_1_43' title='bbox 714 839 749 904; x_wconf 87' lang='grc' dir='ltr'><strong><em>οί</em></strong></span> <span class='ocrx_word' id='word_1_44' title='bbox 761 834 799 902; x_wconf 72' lang='grc' dir='ltr'><strong><em>δὲ</em></strong></span> <span class='ocrx_word' id='word_1_45' title='bbox 815 842 974 922; x_wconf 82' lang='grc' dir='ltr'><strong><em>κεφαλῆς,</em></strong></span> <span class='ocrx_word' id='word_1_46' title='bbox 987 838 1070 904; x_wconf 80' lang='grc' dir='ltr'><strong><em>οἶδὲ</em></strong></span> <span class='ocrx_word' id='word_1_47' title='bbox 1085 832 1197 904; x_wconf 85' lang='grc' dir='ltr'><strong><em>ὀδόν-</em></strong></span> 
     </span>
     <span class='ocr_line' id='line_1_7' title="bbox 171 932 1194 1022; baseline -0.002 -18"><span class='ocrx_word' id='word_1_48' title='bbox 171 963 251 1022; x_wconf 91' lang='grc' dir='ltr'><strong><em>των,</em></strong></span> <span class='ocrx_word' id='word_1_49' title='bbox 273 939 306 1002; x_wconf 93' lang='grc' dir='ltr'><strong><em>οί</em></strong></span> <span class='ocrx_word' id='word_1_50' title='bbox 316 939 352 1002; x_wconf 81' lang='grc' dir='ltr'><strong><em>δέ</em></strong></span> <span class='ocrx_word' id='word_1_51' title='bbox 367 941 437 1002; x_wconf 85' lang='grc' dir='ltr'><strong><em>τῶν</em></strong></span> <span class='ocrx_word' id='word_1_52' title='bbox 449 932 533 1002; x_wconf 85' lang='grc' dir='ltr'><strong><em>κατά</em></strong></span> <span class='ocrx_word' id='word_1_53' title='bbox 547 936 668 1020; x_wconf 90' lang='grc' dir='ltr'><strong><em>νηδύν,</em></strong></span> <span class='ocrx_word' id='word_1_54' title='bbox 684 939 719 1002; x_wconf 86' lang='grc' dir='ltr'><strong><em>οί</em></strong></span> <span class='ocrx_word' id='word_1_55' title='bbox 731 934 767 1002; x_wconf 75' lang='grc' dir='ltr'><strong><em>δὲ</em></strong></span> <span class='ocrx_word' id='word_1_56' title='bbox 781 941 850 1001; x_wconf 88' lang='grc' dir='ltr'><strong><em>τῶν</em></strong></span> <span class='ocrx_word' id='word_1_57' title='bbox 861 932 1024 1020; x_wconf 77' lang='grc' dir='ltr'><strong><em>ἀφανέων</em></strong></span> <span class='ocrx_word' id='word_1_58' title='bbox 1035 935 1194 1002; x_wconf 88' lang='grc' dir='ltr'><strong><em>νούσων.</em></strong></span> 
     </span>
    </p>

    <p class='ocr_par' dir='ltr' id='par_1_4' title="bbox 124 1031 1249 1419">
     <span class='ocr_line' id='line_1_8' title="bbox 124 1031 1198 1122; baseline 0.007 -25"><span class='ocrx_word' id='word_1_59' title='bbox 124 1043 158 1097; x_wconf 78' lang='grc'><strong><em>85</em></strong></span> <span class='ocrx_word' id='word_1_60' title='bbox 174 1040 301 1122; x_wconf 80' lang='grc' dir='ltr'><strong><em>Θρήνοι</em></strong></span> <span class='ocrx_word' id='word_1_61' title='bbox 315 1034 352 1099; x_wconf 77' lang='grc' dir='ltr'><strong><em>δέ</em></strong></span> <span class='ocrx_word' id='word_1_62' title='bbox 369 1036 425 1100; x_wconf 81' lang='grc' dir='ltr'><strong><em>καί</em></strong></span> <span class='ocrx_word' id='word_1_63' title='bbox 438 1040 545 1118; x_wconf 87' lang='grc' dir='ltr'><strong><em>ταφαί</em></strong></span> <span class='ocrx_word' id='word_1_64' title='bbox 562 1055 678 1119; x_wconf 86' lang='grc' dir='ltr'><strong><em>σφεων</em></strong></span> <span class='ocrx_word' id='word_1_65' title='bbox 700 1035 762 1102; x_wconf 85' lang='grc' dir='ltr'><strong><em>εἰσί</em></strong></span> <span class='ocrx_word' id='word_1_66' title='bbox 778 1036 867 1100; x_wconf 82' lang='grc' dir='ltr'><strong><em>αἵδε·</em></strong></span> <span class='ocrx_word' id='word_1_67' title='bbox 890 1047 978 1103; x_wconf 82' lang='grc' dir='ltr'><strong><em>τοῖσι</em></strong></span> <span class='ocrx_word' id='word_1_68' title='bbox 999 1031 1046 1102; x_wconf 83' lang='grc' dir='ltr'><strong><em>άν</em></strong></span> <span class='ocrx_word' id='word_1_69' title='bbox 1061 1035 1198 1122; x_wconf 84' lang='grc' dir='ltr'><strong><em>σἰπογέ-</em></strong></span> 
     </span>
     <span class='ocr_line' id='line_1_9' title="bbox 173 1129 1196 1222; baseline 0.001 -22"><span class='ocrx_word' id='word_1_70' title='bbox 173 1158 271 1218; x_wconf 89' lang='grc' dir='ltr'><strong><em>νηται</em></strong></span> <span class='ocrx_word' id='word_1_71' title='bbox 291 1133 328 1198; x_wconf 83' lang='grc' dir='ltr'><strong><em>ἐκ</em></strong></span> <span class='ocrx_word' id='word_1_72' title='bbox 348 1137 417 1199; x_wconf 86' lang='grc' dir='ltr'><strong><em>τῶν</em></strong></span> <span class='ocrx_word' id='word_1_73' title='bbox 438 1137 554 1199; x_wconf 90' lang='grc' dir='ltr'><strong><em>οἰκίων</em></strong></span> <span class='ocrx_word' id='word_1_74' title='bbox 576 1131 776 1218; x_wconf 77' lang='grc' dir='ltr'><strong><em>ἄνθρωπος,</em></strong></span> <span class='ocrx_word' id='word_1_75' title='bbox 803 1139 864 1198; x_wconf 90' lang='grc' dir='ltr'><strong><em>τοῦ</em></strong></span> <span class='ocrx_word' id='word_1_76' title='bbox 884 1159 934 1211; x_wconf 87' lang='grc' dir='ltr'><strong><em>τις</em></strong></span> <span class='ocrx_word' id='word_1_77' title='bbox 955 1136 1013 1204; x_wconf 82' lang='grc' dir='ltr'><strong><em>καί</em></strong></span> <span class='ocrx_word' id='word_1_78' title='bbox 1035 1135 1144 1221; x_wconf 80' lang='grc' dir='ltr'><strong><em>λόγος</em></strong></span> <span class='ocrx_word' id='word_1_79' title='bbox 1159 1129 1196 1222; x_wconf 88' lang='grc' dir='ltr'><strong><em>ή,</em></strong></span> 
     </span>
     <span class='ocr_line' id='line_1_10' title="bbox 173 1228 1198 1315; baseline 0.005 -17"><span class='ocrx_word' id='word_1_80' title='bbox 173 1228 210 1298; x_wconf 88' lang='grc' dir='ltr'><strong><em>τδ</em></strong></span> <span class='ocrx_word' id='word_1_81' title='bbox 228 1235 320 1315; x_wconf 79' lang='grc' dir='ltr'><strong><em>θῆλυ</em></strong></span> <span class='ocrx_word' id='word_1_82' title='bbox 340 1231 439 1314; x_wconf 88' lang='grc' dir='ltr'><strong><em>γένος</em></strong></span> <span class='ocrx_word' id='word_1_83' title='bbox 460 1237 529 1297; x_wconf 85' lang='grc' dir='ltr'><strong><em>πᾶν</em></strong></span> <span class='ocrx_word' id='word_1_84' title='bbox 551 1229 588 1298; x_wconf 84' lang='grc' dir='ltr'><strong><em>τό</em></strong></span> <span class='ocrx_word' id='word_1_85' title='bbox 613 1234 650 1298; x_wconf 93' lang='grc' dir='ltr'><strong><em>ἐκ</em></strong></span> <span class='ocrx_word' id='word_1_86' title='bbox 666 1238 735 1298; x_wconf 85' lang='grc' dir='ltr'><strong><em>τῶν</em></strong></span> <span class='ocrx_word' id='word_1_87' title='bbox 749 1237 866 1300; x_wconf 89' lang='grc' dir='ltr'><strong><em>οἰκίων</em></strong></span> <span class='ocrx_word' id='word_1_88' title='bbox 888 1233 1022 1302; x_wconf 88' lang='grc' dir='ltr'><strong><em>τούτων</em></strong></span> <span class='ocrx_word' id='word_1_89' title='bbox 1044 1233 1122 1302; x_wconf 86' lang='grc' dir='ltr'><strong><em>κατ’</em></strong></span> <span class='ocrx_word' id='word_1_90' title='bbox 1144 1262 1198 1302; x_wconf 90' lang='grc' dir='ltr'><strong><em>ιιν</em></strong></span> 
     </span>
     <span class='ocr_line' id='line_1_11' title="bbox 174 1326 1249 1419; baseline 0.005 -21"><span class='ocrx_word' id='word_1_91' title='bbox 174 1329 338 1398; x_wconf 77' lang='grc' dir='ltr'><strong><em>ἐπλάσατο</em></strong></span> <span class='ocrx_word' id='word_1_92' title='bbox 358 1327 421 1415; x_wconf 84' lang='grc' dir='ltr'><strong><em>τήν</em></strong></span> <span class='ocrx_word' id='word_1_93' title='bbox 441 1327 592 1415; x_wconf 84' lang='grc' dir='ltr'><strong><em>κεφαλήν</em></strong></span> <span class='ocrx_word' id='word_1_94' title='bbox 612 1336 707 1418; x_wconf 80' lang='grc' dir='ltr'><strong><em>πηλῷ</em></strong></span> <span class='ocrx_word' id='word_1_95' title='bbox 723 1326 746 1416; x_wconf 83' lang='grc' dir='ltr'><strong><em>ή</em></strong></span> <span class='ocrx_word' id='word_1_96' title='bbox 761 1333 816 1398; x_wconf 81' lang='grc' dir='ltr'><strong><em>καί</em></strong></span> <span class='ocrx_word' id='word_1_97' title='bbox 836 1329 874 1398; x_wconf 83' lang='grc' dir='ltr'><strong><em>τό</em></strong></span> <span class='ocrx_word' id='word_1_98' title='bbox 892 1333 1100 1419; x_wconf 85' lang='grc' dir='ltr'><strong><em>πρόσωπον,</em></strong></span> <span class='ocrx_word' id='word_1_99' title='bbox 1127 1333 1194 1402; x_wconf 66' lang='grc' dir='ltr'><strong><em>κῶ</em></strong></span> <span class='ocrx_word' id='word_1_100' title='bbox 1248 1393 1249 1404; x_wconf 68' lang='grc'><strong><em>,</em></strong></span> 
     </span>
    </p>
   </div>
   <div class='ocr_carea' id='block_1_3' title="bbox 173 1427 1250 1916">
    <p class='ocr_par' dir='ltr' id='par_1_5' title="bbox 173 1427 1250 1916">
     <span class='ocr_line' id='line_1_12' title="bbox 173 1427 1197 1516; baseline 0.005 -21"><span class='ocrx_word' id='word_1_101' title='bbox 173 1453 286 1495; x_wconf 84' lang='grc' dir='ltr'><strong><em>πειτεν</em></strong></span> <span class='ocrx_word' id='word_1_102' title='bbox 306 1429 343 1494; x_wconf 86' lang='grc' dir='ltr'><strong><em>ἐν</em></strong></span> <span class='ocrx_word' id='word_1_103' title='bbox 357 1442 443 1496; x_wconf 78' lang='grc' dir='ltr'><strong><em>τοῖσι</em></strong></span> <span class='ocrx_word' id='word_1_104' title='bbox 458 1434 591 1496; x_wconf 89' lang='grc' dir='ltr'><strong><em>οἰκίοισι</em></strong></span> <span class='ocrx_word' id='word_1_105' title='bbox 607 1434 766 1495; x_wconf 85' lang='grc' dir='ltr'><strong><em>λιποῦσαι</em></strong></span> <span class='ocrx_word' id='word_1_106' title='bbox 779 1427 841 1497; x_wconf 80' lang='grc' dir='ltr'><strong><em>τόν</em></strong></span> <span class='ocrx_word' id='word_1_107' title='bbox 860 1429 987 1516; x_wconf 84' lang='grc' dir='ltr'><strong><em>νεκρὰν</em></strong></span> <span class='ocrx_word' id='word_1_108' title='bbox 1001 1430 1106 1499; x_wconf 85' lang='grc' dir='ltr'><strong><em>αύταὶ</em></strong></span> <span class='ocrx_word' id='word_1_109' title='bbox 1121 1429 1197 1500; x_wconf 81' lang='grc' dir='ltr'><strong><em>ἀνά</em></strong></span> 
     </span>
     <span class='ocr_line' id='line_1_13' title="bbox 173 1522 1195 1616; baseline 0.008 -23"><span class='ocrx_word' id='word_1_110' title='bbox 173 1525 236 1613; x_wconf 86' lang='grc' dir='ltr'><strong><em>τήν</em></strong></span> <span class='ocrx_word' id='word_1_111' title='bbox 262 1525 363 1593; x_wconf 90' lang='grc' dir='ltr'><strong><em>πόλιν</em></strong></span> <span class='ocrx_word' id='word_1_112' title='bbox 389 1522 638 1612; x_wconf 84' lang='grc' dir='ltr'><strong><em>στρωφεόμεναι</em></strong></span> <span class='ocrx_word' id='word_1_113' title='bbox 661 1526 842 1595; x_wconf 91' lang='grc' dir='ltr'><strong><em>τύπτονται</em></strong></span> <span class='ocrx_word' id='word_1_114' title='bbox 872 1531 1104 1616; x_wconf 81' lang='grc' dir='ltr'><strong><em>ἐπεζωσμέναι</em></strong></span> <span class='ocrx_word' id='word_1_115' title='bbox 1134 1538 1195 1601; x_wconf 79' lang='grc' dir='ltr'><strong><em>καί</em></strong></span> 
     </span>
     <span class='ocr_line' id='line_1_14' title="bbox 174 1625 1194 1718; baseline 0.008 -27"><span class='ocrx_word' id='word_1_116' title='bbox 174 1632 356 1710; x_wconf 86' lang='grc' dir='ltr'><strong><em>φαίνουσαι</em></strong></span> <span class='ocrx_word' id='word_1_117' title='bbox 382 1625 462 1702; x_wconf 81' lang='grc' dir='ltr'><strong><em>τοὺς</em></strong></span> <span class='ocrx_word' id='word_1_118' title='bbox 485 1625 624 1711; x_wconf 77' lang='grc' dir='ltr'><strong><em>μαζούς,</em></strong></span> <span class='ocrx_word' id='word_1_119' title='bbox 651 1625 717 1692; x_wconf 86' lang='grc' dir='ltr'><strong><em>σύν</em></strong></span> <span class='ocrx_word' id='word_1_120' title='bbox 742 1630 783 1694; x_wconf 86' lang='grc' dir='ltr'><strong><em>δέ</em></strong></span> <span class='ocrx_word' id='word_1_121' title='bbox 802 1647 865 1712; x_wconf 89' lang='grc' dir='ltr'><strong><em>σφι</em></strong></span> <span class='ocrx_word' id='word_1_122' title='bbox 890 1633 927 1695; x_wconf 88' lang='grc' dir='ltr'><strong><em>αί</em></strong></span> <span class='ocrx_word' id='word_1_123' title='bbox 949 1631 1194 1718; x_wconf 78' lang='grc' dir='ltr'><strong><em>προσήκουσαι</em></strong></span> 
     </span>
     <span class='ocr_line' id='line_1_15' title="bbox 173 1723 1198 1814; baseline 0.006 -23"><span class='ocrx_word' id='word_1_124' title='bbox 173 1731 285 1792; x_wconf 88' lang='grc' dir='ltr'><strong><em>πάσαι.</em></strong></span> <span class='ocrx_word' id='word_1_125' title='bbox 322 1726 487 1809; x_wconf 78' lang='grc' dir='ltr'><strong><em>ἑτέρωθεν</em></strong></span> <span class='ocrx_word' id='word_1_126' title='bbox 502 1728 539 1792; x_wconf 79' lang='grc' dir='ltr'><strong><em>δέ</em></strong></span> <span class='ocrx_word' id='word_1_127' title='bbox 553 1729 588 1792; x_wconf 86' lang='grc' dir='ltr'><strong><em>οί</em></strong></span> <span class='ocrx_word' id='word_1_128' title='bbox 600 1723 722 1811; x_wconf 87' lang='grc' dir='ltr'><strong><em>άνδρες</em></strong></span> <span class='ocrx_word' id='word_1_129' title='bbox 736 1727 936 1813; x_wconf 90' lang='grc' dir='ltr'><strong><em>τύπτονται,</em></strong></span> <span class='ocrx_word' id='word_1_130' title='bbox 960 1731 1198 1814; x_wconf 82' lang='grc' dir='ltr'><strong><em>ἐπεζωσμένοι</em></strong></span> 
     </span>
     <span class='ocr_line' id='line_1_16' title="bbox 173 1813 1250 1916; baseline 0.009 -27"><span class='ocrx_word' id='word_1_131' title='bbox 173 1824 228 1889; x_wconf 85' lang='grc' dir='ltr'><strong><em>καὶ</em></strong></span> <span class='ocrx_word' id='word_1_132' title='bbox 244 1813 347 1889; x_wconf 87' lang='grc' dir='ltr'><strong><em>ούτοι.</em></strong></span> <span class='ocrx_word' id='word_1_133' title='bbox 388 1820 490 1890; x_wconf 80' lang='grc' dir='ltr'><strong><em>ἐπεάν</em></strong></span> <span class='ocrx_word' id='word_1_134' title='bbox 507 1821 544 1890; x_wconf 73' lang='grc' dir='ltr'><strong><em>δέ</em></strong></span> <span class='ocrx_word' id='word_1_135' title='bbox 558 1827 662 1890; x_wconf 82' lang='grc' dir='ltr'><strong><em>ταῦτα</em></strong></span> <span class='ocrx_word' id='word_1_136' title='bbox 677 1825 859 1911; x_wconf 84' lang='grc' dir='ltr'><strong><em>ποιήσωσι,</em></strong></span> <span class='ocrx_word' id='word_1_137' title='bbox 883 1824 973 1894; x_wconf 80' lang='grc' dir='ltr'><strong><em>οὕτω</em></strong></span> <span class='ocrx_word' id='word_1_138' title='bbox 996 1831 1030 1906; x_wconf 85' lang='grc' dir='ltr'><strong><em>ἐς</em></strong></span> <span class='ocrx_word' id='word_1_139' title='bbox 1047 1827 1115 1916; x_wconf 83' lang='grc' dir='ltr'><strong><em>τήν</em></strong></span> <span class='ocrx_word' id='word_1_140' title='bbox 1131 1855 1200 1898; x_wconf 89' lang='grc' dir='ltr'><strong><em>τα·</em></strong></span> <span class='ocrx_word' id='word_1_141' title='bbox 1249 1904 1250 1907; x_wconf 10' lang='grc' dir='ltr'><strong><em>χ</em></strong></span> 
     </span>
    </p>
   </div>
   <div class='ocr_carea' id='block_1_4' title="bbox 98 1922 1216 3611">
    <p class='ocr_par' dir='ltr' id='par_1_6' title="bbox 125 1922 1206 2713">
     <span class='ocr_line' id='line_1_17' title="bbox 125 1922 1198 2018; baseline 0.011 -32"><span class='ocrx_word' id='word_1_142' title='bbox 125 1933 159 1987; x_wconf 82' lang='grc'><strong><em>86</em></strong></span> <span class='ocrx_word' id='word_1_143' title='bbox 174 1931 323 2010; x_wconf 85' lang='grc' dir='ltr'><strong><em>ρι’χευσιν</em></strong></span> <span class='ocrx_word' id='word_1_144' title='bbox 337 1930 517 2009; x_wconf 79' lang='grc' dir='ltr'><strong><em>κομίζουσι.</em></strong></span> <span class='ocrx_word' id='word_1_145' title='bbox 557 1926 633 1991; x_wconf 80' lang='grc' dir='ltr'><strong><em>Εἰσί</em></strong></span> <span class='ocrx_word' id='word_1_146' title='bbox 647 1925 684 1991; x_wconf 79' lang='grc' dir='ltr'><strong><em>δὲ</em></strong></span> <span class='ocrx_word' id='word_1_147' title='bbox 698 1929 734 1992; x_wconf 78' lang='grc' dir='ltr'><strong><em>οἳ</em></strong></span> <span class='ocrx_word' id='word_1_148' title='bbox 753 1923 806 1993; x_wconf 80' lang='grc' dir='ltr'><strong><em>ἐπ’</em></strong></span> <span class='ocrx_word' id='word_1_149' title='bbox 825 1922 917 2017; x_wconf 75' lang='grc' dir='ltr'><strong><em>αύτῷ</em></strong></span> <span class='ocrx_word' id='word_1_150' title='bbox 931 1927 1044 2018; x_wconf 74' lang='grc' dir='ltr'><strong><em>τούτῳ</em></strong></span> <span class='ocrx_word' id='word_1_151' title='bbox 1064 1932 1198 1999; x_wconf 86' lang='grc' dir='ltr'><strong><em>κατέα-</em></strong></span> 
     </span>
     <span class='ocr_line' id='line_1_18' title="bbox 174 2017 1201 2118; baseline 0.012 -29"><span class='ocrx_word' id='word_1_152' title='bbox 174 2048 227 2089; x_wconf 89' lang='grc' dir='ltr'><strong><em>ται</em></strong></span> <span class='ocrx_word' id='word_1_153' title='bbox 242 2024 297 2089; x_wconf 83' lang='grc' dir='ltr'><strong><em>καί</em></strong></span> <span class='ocrx_word' id='word_1_154' title='bbox 310 2026 430 2107; x_wconf 87' lang='grc' dir='ltr'><strong><em>τέχνην</em></strong></span> <span class='ocrx_word' id='word_1_155' title='bbox 444 2028 556 2107; x_wconf 83' lang='grc' dir='ltr'><strong><em>έχουσι</em></strong></span> <span class='ocrx_word' id='word_1_156' title='bbox 570 2023 704 2108; x_wconf 90' lang='grc' dir='ltr'><strong><em>ταύτην.</em></strong></span> <span class='ocrx_word' id='word_1_157' title='bbox 752 2017 865 2111; x_wconf 85' lang='grc' dir='ltr'><strong><em>οὗτοι,</em></strong></span> <span class='ocrx_word' id='word_1_158' title='bbox 888 2027 993 2096; x_wconf 84' lang='grc' dir='ltr'><strong><em>ἐπεάν</em></strong></span> <span class='ocrx_word' id='word_1_159' title='bbox 1009 2051 1074 2116; x_wconf 88' lang='grc' dir='ltr'><strong><em>σφι</em></strong></span> <span class='ocrx_word' id='word_1_160' title='bbox 1089 2057 1201 2118; x_wconf 84' lang='grc' dir='ltr'><strong><em>κομι-</em></strong></span> 
     </span>
     <span class='ocr_line' id='line_1_19' title="bbox 175 2116 1200 2217; baseline 0.014 -34"><span class='ocrx_word' id='word_1_161' title='bbox 175 2125 243 2206; x_wconf 84' lang='grc' dir='ltr'><strong><em>σθή</em></strong></span> <span class='ocrx_word' id='word_1_162' title='bbox 272 2116 408 2203; x_wconf 81' lang='grc' dir='ltr'><strong><em>νεκρὸς,</em></strong></span> <span class='ocrx_word' id='word_1_163' title='bbox 439 2121 613 2187; x_wconf 80' lang='grc' dir='ltr'><strong><em>δεικνύασι</em></strong></span> <span class='ocrx_word' id='word_1_164' title='bbox 637 2137 722 2190; x_wconf 75' lang='grc' dir='ltr'><strong><em>τοῖσι</em></strong></span> <span class='ocrx_word' id='word_1_165' title='bbox 748 2132 904 2209; x_wconf 89' lang='grc' dir='ltr'><strong><em>κομίσασι</em></strong></span> <span class='ocrx_word' id='word_1_166' title='bbox 929 2135 1200 2217; x_wconf 85' lang='grc' dir='ltr'><strong><em>παραδείγματα</em></strong></span> 
     </span>
     <span class='ocr_line' id='line_1_20' title="bbox 174 2216 1202 2319; baseline 0.018 -38"><span class='ocrx_word' id='word_1_167' title='bbox 174 2224 305 2302; x_wconf 79' lang='grc' dir='ltr'><strong><em>νεκρῶν</em></strong></span> <span class='ocrx_word' id='word_1_168' title='bbox 328 2216 461 2301; x_wconf 81' lang='grc' dir='ltr'><strong><em>ξύλινα,</em></strong></span> <span class='ocrx_word' id='word_1_169' title='bbox 489 2225 529 2307; x_wconf 77' lang='grc' dir='ltr'><strong><em>τῇ</em></strong></span> <span class='ocrx_word' id='word_1_170' title='bbox 552 2228 667 2309; x_wconf 81' lang='grc' dir='ltr'><strong><em>γραφῇ</em></strong></span> <span class='ocrx_word' id='word_1_171' title='bbox 690 2231 919 2314; x_wconf 86' lang='grc' dir='ltr'><strong><em>μεμιμημένα,</em></strong></span> <span class='ocrx_word' id='word_1_172' title='bbox 948 2235 1006 2298; x_wconf 84' lang='grc' dir='ltr'><strong><em>καί</em></strong></span> <span class='ocrx_word' id='word_1_173' title='bbox 1030 2231 1099 2319; x_wconf 87' lang='grc' dir='ltr'><strong><em>τήν</em></strong></span> <span class='ocrx_word' id='word_1_174' title='bbox 1129 2234 1202 2319; x_wconf 78' lang='grc' dir='ltr'><strong><em>μὲν</em></strong></span> 
     </span>
     <span class='ocr_line' id='line_1_21' title="bbox 175 2314 1203 2405; baseline 0.022 -24"><span class='ocrx_word' id='word_1_175' title='bbox 175 2315 441 2400; x_wconf 72' lang='grc' dir='ltr'><strong><em>σπουδαιοτάτην</em></strong></span> <span class='ocrx_word' id='word_1_176' title='bbox 455 2314 584 2386; x_wconf 89' lang='grc' dir='ltr'><strong><em>αύτέων</em></strong></span> <span class='ocrx_word' id='word_1_177' title='bbox 599 2326 680 2405; x_wconf 81' lang='grc' dir='ltr'><strong><em>φασί</em></strong></span> <span class='ocrx_word' id='word_1_178' title='bbox 696 2321 781 2392; x_wconf 82' lang='grc' dir='ltr'><strong><em>εἶναι</em></strong></span> <span class='ocrx_word' id='word_1_179' title='bbox 794 2334 857 2393; x_wconf 83' lang='grc' dir='ltr'><strong><em>τοῦ</em></strong></span> <span class='ocrx_word' id='word_1_180' title='bbox 872 2326 937 2396; x_wconf 83' lang='grc' dir='ltr'><strong><em>οὐκ</em></strong></span> <span class='ocrx_word' id='word_1_181' title='bbox 953 2327 1055 2400; x_wconf 81' lang='grc' dir='ltr'><strong><em>ὅσιον</em></strong></span> <span class='ocrx_word' id='word_1_182' title='bbox 1067 2342 1203 2402; x_wconf 87' lang='grc' dir='ltr'><strong><em>ποιεῦ-</em></strong></span> 
     </span>
     <span class='ocr_line' id='line_1_22' title="bbox 176 2409 1203 2523; baseline 0.026 -47"><span class='ocrx_word' id='word_1_183' title='bbox 176 2438 235 2497; x_wconf 88' lang='grc' dir='ltr'><strong><em>μαι</em></strong></span> <span class='ocrx_word' id='word_1_184' title='bbox 255 2409 292 2476; x_wconf 86' lang='grc' dir='ltr'>τό</span> <span class='ocrx_word' id='word_1_185' title='bbox 314 2411 444 2499; x_wconf 88' lang='grc' dir='ltr'><strong><em>ούνομα</em></strong></span> <span class='ocrx_word' id='word_1_186' title='bbox 464 2418 516 2484; x_wconf 80' lang='grc' dir='ltr'><strong><em>ἐπὶ</em></strong></span> <span class='ocrx_word' id='word_1_187' title='bbox 536 2420 677 2509; x_wconf 79' lang='grc' dir='ltr'><strong><em>τοιούτῳ</em></strong></span> <span class='ocrx_word' id='word_1_188' title='bbox 692 2425 862 2510; x_wconf 78' lang='grc' dir='ltr'><strong><em>πρήγματι</em></strong></span> <span class='ocrx_word' id='word_1_189' title='bbox 877 2426 1104 2523; x_wconf 81' lang='grc' dir='ltr'><strong><em>ούνομάζειν,</em></strong></span> <span class='ocrx_word' id='word_1_190' title='bbox 1129 2434 1203 2521; x_wconf 86' lang='grc' dir='ltr'><strong><em>τήν</em></strong></span> 
     </span>
     <span class='ocr_line' id='line_1_23' title="bbox 176 2510 1204 2613; baseline 0.03 -42"><span class='ocrx_word' id='word_1_191' title='bbox 176 2510 212 2573; x_wconf 77' lang='grc' dir='ltr'><strong><em>δέ</em></strong></span> <span class='ocrx_word' id='word_1_192' title='bbox 229 2510 388 2594; x_wconf 72' lang='grc' dir='ltr'><strong><em>δευτέρην</em></strong></span> <span class='ocrx_word' id='word_1_193' title='bbox 403 2515 577 2584; x_wconf 86' lang='grc' dir='ltr'><strong><em>δεικνύασι</em></strong></span> <span class='ocrx_word' id='word_1_194' title='bbox 591 2516 837 2609; x_wconf 80' lang='grc' dir='ltr'><strong><em>ὑποδεεστέρην</em></strong></span> <span class='ocrx_word' id='word_1_195' title='bbox 856 2552 893 2592; x_wconf 91' lang='grc' dir='ltr'><strong><em>τε</em></strong></span> <span class='ocrx_word' id='word_1_196' title='bbox 907 2528 1035 2613; x_wconf 83' lang='grc' dir='ltr'><strong><em>ταύτης</em></strong></span> <span class='ocrx_word' id='word_1_197' title='bbox 1055 2536 1118 2600; x_wconf 85' lang='grc' dir='ltr'><strong><em>καὶ</em></strong></span> <span class='ocrx_word' id='word_1_198' title='bbox 1135 2531 1204 2600; x_wconf 85' lang='grc' dir='ltr'><strong><em>εύ-</em></strong></span> 
     </span>
     <span class='ocr_line' id='line_1_24' title="bbox 176 2608 1206 2713; baseline 0.026 -39"><span class='ocrx_word' id='word_1_199' title='bbox 176 2609 378 2693; x_wconf 87' lang='grc' dir='ltr'><strong><em>τελεστέρην,</em></strong></span> <span class='ocrx_word' id='word_1_200' title='bbox 400 2608 462 2697; x_wconf 84' lang='grc' dir='ltr'><strong><em>τήν</em></strong></span> <span class='ocrx_word' id='word_1_201' title='bbox 476 2614 512 2681; x_wconf 74' lang='grc' dir='ltr'><strong><em>δὲ</em></strong></span> <span class='ocrx_word' id='word_1_202' title='bbox 527 2623 642 2702; x_wconf 86' lang='grc' dir='ltr'><strong><em>τρίτην</em></strong></span> <span class='ocrx_word' id='word_1_203' title='bbox 659 2617 906 2711; x_wconf 75' lang='grc' dir='ltr'><strong><em>εὐτελεστάτην.</em></strong></span> <span class='ocrx_word' id='word_1_204' title='bbox 937 2628 1143 2713; x_wconf 76' lang='grc' dir='ltr'><strong><em>φράσαντες</em></strong></span> <span class='ocrx_word' id='word_1_205' title='bbox 1161 2635 1206 2701; x_wconf 76' lang='grc' dir='ltr'><strong><em>δὲ</em></strong></span> 
     </span>
    </p>

    <p class='ocr_par' dir='ltr' id='par_1_7' title="bbox 98 2706 1216 3611">
     <span class='ocr_line' id='line_1_25' title="bbox 98 2706 1207 2817; baseline 0.03 -51"><span class='ocrx_word' id='word_1_206' title='bbox 98 2710 102 2716; x_wconf 83' lang='grc'><strong>’</strong></span> <span class='ocrx_word' id='word_1_207' title='bbox 175 2706 409 2774; x_wconf 79' lang='grc' dir='ltr'><strong><em>πυνθάνονται</em></strong></span> <span class='ocrx_word' id='word_1_208' title='bbox 430 2709 509 2797; x_wconf 88' lang='grc' dir='ltr'><strong><em>παρ’</em></strong></span> <span class='ocrx_word' id='word_1_209' title='bbox 529 2711 660 2800; x_wconf 75' lang='grc' dir='ltr'><strong><em>αὐτῶν,</em></strong></span> <span class='ocrx_word' id='word_1_210' title='bbox 687 2721 762 2785; x_wconf 90' lang='grc' dir='ltr'><strong><em>κατ’</em></strong></span> <span class='ocrx_word' id='word_1_211' title='bbox 786 2719 906 2806; x_wconf 79' lang='grc' dir='ltr'><strong><em>ἥντινα</em></strong></span> <span class='ocrx_word' id='word_1_212' title='bbox 919 2727 1117 2811; x_wconf 84' lang='grc' dir='ltr'><strong><em>βούλονταί</em></strong></span> <span class='ocrx_word' id='word_1_213' title='bbox 1131 2753 1207 2817; x_wconf 85' lang='grc' dir='ltr'><strong><em>σφι</em></strong></span> 
     </span>
     <span class='ocr_line' id='line_1_26' title="bbox 174 2806 1207 2919; baseline 0.031 -53"><span class='ocrx_word' id='word_1_214' title='bbox 174 2810 404 2889; x_wconf 80' lang='grc' dir='ltr'><strong><em>σκευασθῆναι</em></strong></span> <span class='ocrx_word' id='word_1_215' title='bbox 428 2806 490 2873; x_wconf 88' lang='grc' dir='ltr'><strong><em>τδν</em></strong></span> <span class='ocrx_word' id='word_1_216' title='bbox 512 2812 645 2897; x_wconf 77' lang='grc' dir='ltr'><strong><em>νεκρόν.</em></strong></span> <span class='ocrx_word' id='word_1_217' title='bbox 687 2820 720 2881; x_wconf 88' lang='grc' dir='ltr'><strong><em>οί</em></strong></span> <span class='ocrx_word' id='word_1_218' title='bbox 741 2817 804 2902; x_wconf 69' lang='grc' dir='ltr'><strong><em>μὲν</em></strong></span> <span class='ocrx_word' id='word_1_219' title='bbox 824 2818 865 2909; x_wconf 90' lang='grc' dir='ltr'><strong><em>δή</em></strong></span> <span class='ocrx_word' id='word_1_220' title='bbox 890 2824 1051 2892; x_wconf 87' lang='grc' dir='ltr'><strong><em>ἐκποδῶν</em></strong></span> <span class='ocrx_word' id='word_1_221' title='bbox 1073 2838 1207 2919; x_wconf 77' lang='grc' dir='ltr'><strong><em>μισθῷ</em></strong></span> 
     </span>
     <span class='ocr_line' id='line_1_27' title="bbox 174 2895 1209 3010; baseline 0.031 -46"><span class='ocrx_word' id='word_1_222' title='bbox 174 2895 438 2988; x_wconf 82' lang='grc' dir='ltr'><strong><em>ὁμολογήσαντες</em></strong></span> <span class='ocrx_word' id='word_1_223' title='bbox 451 2903 738 2999; x_wconf 80' lang='grc' dir='ltr'><strong><em>ἀπαλλάσσονται,</em></strong></span> <span class='ocrx_word' id='word_1_224' title='bbox 762 2922 797 2984; x_wconf 92' lang='grc' dir='ltr'><strong><em>οί</em></strong></span> <span class='ocrx_word' id='word_1_225' title='bbox 809 2920 846 2985; x_wconf 75' lang='grc' dir='ltr'><strong><em>δὲ</em></strong></span> <span class='ocrx_word' id='word_1_226' title='bbox 862 2917 1141 3010; x_wconf 84' lang='grc' dir='ltr'><strong><em>ὑπολειπόμενοι</em></strong></span> <span class='ocrx_word' id='word_1_227' title='bbox 1162 2933 1209 2996; x_wconf 83' lang='grc' dir='ltr'><strong><em>ἐν</em></strong></span> 
     </span>
     <span class='ocr_line' id='line_1_28' title="bbox 174 2995 1211 3111; baseline 0.031 -47"><span class='ocrx_word' id='word_1_228' title='bbox 174 2999 329 3086; x_wconf 84' lang='grc' dir='ltr'><strong><em>οἰκήμασι</em></strong></span> <span class='ocrx_word' id='word_1_229' title='bbox 344 2995 410 3068; x_wconf 83' lang='grc' dir='ltr'><strong><em>ῶδε</em></strong></span> <span class='ocrx_word' id='word_1_230' title='bbox 419 3000 460 3070; x_wconf 85' lang='grc' dir='ltr'><strong><em>τά</em></strong></span> <span class='ocrx_word' id='word_1_231' title='bbox 475 3010 721 3089; x_wconf 86' lang='grc' dir='ltr'><strong><em>σπουδαιότατα</em></strong></span> <span class='ocrx_word' id='word_1_232' title='bbox 738 3018 972 3103; x_wconf 86' lang='grc' dir='ltr'><strong><em>ταριχεύουσι·</em></strong></span> <span class='ocrx_word' id='word_1_233' title='bbox 988 3032 1113 3111; x_wconf 85' lang='grc' dir='ltr'><strong><em>πρῶτα</em></strong></span> <span class='ocrx_word' id='word_1_234' title='bbox 1130 3030 1211 3111; x_wconf 78' lang='grc' dir='ltr'><strong><em>μὲν</em></strong></span> 
     </span>
     <span class='ocr_line' id='line_1_29' title="bbox 173 3100 1212 3212; baseline 0.036 -51"><span class='ocrx_word' id='word_1_235' title='bbox 173 3104 295 3186; x_wconf 78' lang='grc' dir='ltr'><strong><em>σκολιῷ</em></strong></span> <span class='ocrx_word' id='word_1_236' title='bbox 316 3100 442 3190; x_wconf 76' lang='grc' dir='ltr'><strong><em>σιδήρῳ</em></strong></span> <span class='ocrx_word' id='word_1_237' title='bbox 462 3100 518 3168; x_wconf 82' lang='grc' dir='ltr'><strong><em>διά</em></strong></span> <span class='ocrx_word' id='word_1_238' title='bbox 533 3111 600 3170; x_wconf 87' lang='grc' dir='ltr'><strong><em>τῶν</em></strong></span> <span class='ocrx_word' id='word_1_239' title='bbox 615 3111 821 3198; x_wconf 85' lang='grc' dir='ltr'><strong><em>μυξωτήρων</em></strong></span> <span class='ocrx_word' id='word_1_240' title='bbox 838 3118 999 3204; x_wconf 81' lang='grc' dir='ltr'><strong><em>ἐξάγουσι</em></strong></span> <span class='ocrx_word' id='word_1_241' title='bbox 1014 3122 1079 3192; x_wconf 81' lang='grc' dir='ltr'><strong><em>τόν</em></strong></span> <span class='ocrx_word' id='word_1_242' title='bbox 1094 3128 1212 3212; x_wconf 81' lang='grc' dir='ltr'><strong><em>ἐγκέ-</em></strong></span> 
     </span>
     <span class='ocr_line' id='line_1_30' title="bbox 174 3193 1213 3311; baseline 0.043 -57"><span class='ocrx_word' id='word_1_243' title='bbox 174 3201 299 3277; x_wconf 86' lang='grc' dir='ltr'><strong><em>φαλον,</em></strong></span> <span class='ocrx_word' id='word_1_244' title='bbox 328 3193 369 3261; x_wconf 85' lang='grc' dir='ltr'><strong><em>τά</em></strong></span> <span class='ocrx_word' id='word_1_245' title='bbox 384 3197 446 3280; x_wconf 78' lang='grc' dir='ltr'><strong><em>μὲν</em></strong></span> <span class='ocrx_word' id='word_1_246' title='bbox 460 3196 565 3267; x_wconf 79' lang='grc' dir='ltr'><strong><em>αὐτοῦ</em></strong></span> <span class='ocrx_word' id='word_1_247' title='bbox 579 3201 668 3272; x_wconf 82' lang='grc' dir='ltr'><strong><em>οὕτω</em></strong></span> <span class='ocrx_word' id='word_1_248' title='bbox 683 3210 874 3301; x_wconf 83' lang='grc' dir='ltr'><strong><em>ἐξάγοντες,</em></strong></span> <span class='ocrx_word' id='word_1_249' title='bbox 902 3216 945 3285; x_wconf 85' lang='grc' dir='ltr'><strong><em>τά</em></strong></span> <span class='ocrx_word' id='word_1_250' title='bbox 961 3224 1000 3288; x_wconf 79' lang='grc' dir='ltr'><strong><em>δὲ</em></strong></span> <span class='ocrx_word' id='word_1_251' title='bbox 1016 3226 1213 3311; x_wconf 86' lang='grc' dir='ltr'><strong><em>ἐγχέοντες</em></strong></span> 
     </span>
     <span class='ocr_line' id='line_1_31' title="bbox 174 3291 1215 3410; baseline 0.044 -58"><span class='ocrx_word' id='word_1_252' title='bbox 174 3291 341 3375; x_wconf 87' lang='grc' dir='ltr'><strong><em>φάρμακα.</em></strong></span> <span class='ocrx_word' id='word_1_253' title='bbox 378 3292 459 3379; x_wconf 87' lang='grc' dir='ltr'><strong><em>μετά</em></strong></span> <span class='ocrx_word' id='word_1_254' title='bbox 474 3297 511 3362; x_wconf 76' lang='grc' dir='ltr'><strong><em>δὲ</em></strong></span> <span class='ocrx_word' id='word_1_255' title='bbox 525 3305 611 3390; x_wconf 76' lang='grc' dir='ltr'><strong><em>λίθῳ</em></strong></span> <span class='ocrx_word' id='word_1_256' title='bbox 625 3310 817 3402; x_wconf 75' lang='grc' dir='ltr'><strong><em>Αἰθιοπικῷ</em></strong></span> <span class='ocrx_word' id='word_1_257' title='bbox 831 3310 903 3394; x_wconf 84' lang='grc' dir='ltr'><strong><em>όξέί</em></strong></span> <span class='ocrx_word' id='word_1_258' title='bbox 914 3330 1215 3410; x_wconf 86' lang='grc' dir='ltr'><strong><em>παρασχίσαντες</em></strong></span> 
     </span>
     <span class='ocr_line' id='line_1_32' title="bbox 173 3388 1214 3516; baseline 0.044 -62"><span class='ocrx_word' id='word_1_259' title='bbox 173 3388 263 3475; x_wconf 81' lang='grc' dir='ltr'><strong><em>παρά</em></strong></span> <span class='ocrx_word' id='word_1_260' title='bbox 286 3389 348 3478; x_wconf 83' lang='grc' dir='ltr'><strong><em>τήν</em></strong></span> <span class='ocrx_word' id='word_1_261' title='bbox 373 3394 528 3481; x_wconf 83' lang='grc' dir='ltr'><strong><em>λαπάρην</em></strong></span> <span class='ocrx_word' id='word_1_262' title='bbox 551 3402 583 3479; x_wconf 82' lang='grc' dir='ltr'><strong><em>ἐξ</em></strong></span> <span class='ocrx_word' id='word_1_263' title='bbox 610 3396 659 3470; x_wconf 85' lang='grc' dir='ltr'><strong><em>ῶν</em></strong></span> <span class='ocrx_word' id='word_1_264' title='bbox 685 3400 776 3477; x_wconf 84' lang='grc' dir='ltr'><strong><em>εἷλον</em></strong></span> <span class='ocrx_word' id='word_1_265' title='bbox 800 3411 864 3500; x_wconf 91' lang='grc' dir='ltr'><strong><em>τήν</em></strong></span> <span class='ocrx_word' id='word_1_266' title='bbox 891 3427 1032 3508; x_wconf 88' lang='grc' dir='ltr'><strong><em>κοιλίην</em></strong></span> <span class='ocrx_word' id='word_1_267' title='bbox 1062 3434 1214 3516; x_wconf 85' lang='grc' dir='ltr'><strong><em>πάσαν,</em></strong></span> 
     </span>
     <span class='ocr_line' id='line_1_33' title="bbox 173 3489 1216 3611; baseline 0.043 -60"><span class='ocrx_word' id='word_1_268' title='bbox 173 3489 419 3575; x_wconf 82' lang='grc' dir='ltr'><strong><em>ἐκκαθήραντες</em></strong></span> <span class='ocrx_word' id='word_1_269' title='bbox 439 3494 475 3559; x_wconf 71' lang='grc' dir='ltr'><strong><em>δὲ</em></strong></span> <span class='ocrx_word' id='word_1_270' title='bbox 494 3494 601 3584; x_wconf 86' lang='grc' dir='ltr'><strong><em>αύτήν</em></strong></span> <span class='ocrx_word' id='word_1_271' title='bbox 622 3505 677 3570; x_wconf 84' lang='grc' dir='ltr'><strong><em>καί</em></strong></span> <span class='ocrx_word' id='word_1_272' title='bbox 702 3508 927 3595; x_wconf 85' lang='grc' dir='ltr'><strong><em>διηθήσαντες</em></strong></span> <span class='ocrx_word' id='word_1_273' title='bbox 957 3528 1045 3611; x_wconf 81' lang='grc' dir='ltr'><strong><em>οἰνφ</em></strong></span> <span class='ocrx_word' id='word_1_274' title='bbox 1073 3549 1216 3608; x_wconf 81' lang='grc' dir='ltr'><strong><em>φοινι-</em></strong></span> 
     </span>
    </p>
   </div>
   <div class='ocr_carea' id='block_1_5' title="bbox 0 0 1264 3925">
    <p class='ocr_par' dir='ltr' id='par_1_8' title="bbox 0 0 1264 3925">
     <span class='ocr_line' id='line_1_34' title="bbox 0 0 1264 3925; baseline 0 0"><span class='ocrx_word' id='word_1_275' title='bbox 0 0 1264 3925; x_wconf 95' lang='lat' dir='ltr'><strong><em> </em></strong></span> 
     </span>
    </p>
   </div>
  </div>
 </body>
</html>
