2500 3925
345 231 433 289 LIB.
466 230 500 287 11.
533 228 633 287 cAP.
666 232 842 289 loe-161.
1036 226 1096 293 201

89 402 164 472 ρετυ.
189 387 237 469 ὡς
252 392 291 459 δέ
305 385 505 474 ἀπικόμενοι
526 389 560 467 ές
573 384 636 474 τήν
650 394 827 473 Αίγυπτου
842 388 877 453 οἱ
891 382 1011 457 Ἠλεῖοι
1028 394 1100 459 λλι-

87 512 147 573 γον
164 494 235 556 τόν
258 491 390 557 είυεκεν
404 485 585 572 ἀπίκοντο,
607 487 758 555 ἐνθαῦτα
780 478 799 551 ὁ
819 482 978 572 βασιλεὺς
1001 479 1101 569 οὗτος

86 590 305 675 συγκαλέεται
319 594 518 676 Αἰγυπτίων
531 583 612 667 τοάς
625 586 828 672 λεγομένους
843 583 928 655 εἶναι
941 588 1098 675 σοφωτά-

83 716 169 769 τους.
204 691 435 768 συνελθόντες
459 689 498 757 δέ
517 692 552 755 oc
569 685 752 774 Αίγάπτιοι
773 683 1009 755 ἐπυνθάνοντο
1029 694 1099 755 τόν

80 779 219 855 ’Ἠλείων
232 786 404 873 λεγόντων
419 785 552 855 ἅπαντα
566 782 608 853 τά
622 783 758 871 κατήκει
770 786 876 870 σφέας
885 785 1012 855 ποιέειν
1022 789 1098 871 περὶ

83 881 142 952 τόν
162 882 298 972 ἀγῶνα·
325 883 582 973 ἀπηγησάμενοι
599 883 638 951 δὲ
656 880 698 950 τά
717 880 828 950 πάντα
849 888 980 969 ἔφασαν
999 881 1097 971 ἥκειν

83 983 391 1071 ἐπιμαθησόμενοι,
415 993 449 1052 εί
458 1008 490 1051 τι
504 988 612 1068 έχοιευ
623 979 804 1068 Αίγάπτιοι
817 980 948 1049 τούτων
964 981 1096 1051 δικαιό-

80 1106 180 1166 τερον
196 1084 398 1171 ἐπεξευρεῖν.
429 1085 464 1151 οἱ
477 1084 514 1150 δέ
527 1079 796 1170 βουλευσάμενοι
811 1082 1001 1171 ἀνειρώτων
1014 1080 1095 1163 τούς

78 1176 245 1269 Ἠλείους,
270 1192 305 1251 εί
313 1203 375 1270 σφι
391 1188 428 1253 οί
438 1190 594 1270 πολιῆται
611 1185 875 1268 ἐναγωνίζονται.
908 1186 944 1251 οί
957 1184 994 1251 δέ
1008 1186 1093 1270 έφα-

80 1301 145 1347 σαν
160 1284 217 1349 καὶ
234 1284 349 1369 σφέων
360 1287 416 1353 καὶ
428 1290 496 1351 τῶν
508 1280 800 1369 ἀλλωνἘλλήνωυ
813 1279 936 1368 ὁμοίως
949 1288 996 1374 τῷ
1009 1290 1094 1371 βον-

80 1384 212 1473 λομένηο
233 1384 354 1462 ἐξεῖναι
376 1380 611 1470 ἀγωνίζεσθαι.
646 1385 682 1450 οί
699 1381 737 1449 δέ
756 1380 937 1467 Αίγύπτιον
961 1380 1092 1466 έφασάν

79 1498 185 1563 σφεας
199 1476 291 1547 οὕτω
304 1482 462 1560 τιθεύτας
477 1477 603 1560 παντός
624 1484 686 1548 τοῦ
703 1483 836 1548 δικαίου
848 1474 1090 1568 ἡμαρτηκέναι·

77 1573 243 1664 οὐδεμίαν
256 1576 322 1666 γάρ
344 1578 430 1648 εἶναι
444 1577 617 1667 μηχανήν,
640 1576 727 1657 ὅκως
740 1575 782 1645 οό
796 1584 842 1668 τῷ
862 1576 951 1671 ἀστῷ
966 1576 1091 1666 ἀγωνι-

79 1680 206 1769 ζομένην
227 1678 499 1767 προσθήσονται,
522 1676 712 1758 ἀδικέοντες
733 1674 793 1746 τόν
815 1681 934 1773 ξείνου.
968 1676 1043 1747 ἀλλ’
1061 1682 1092 1748 εί

79 1771 118 1861 δή
129 1774 315 1862 βούλονται
326 1782 463 1860 δικαίως
472 1785 604 1849 τιθέναι
616 1784 672 1849 καὶ
681 1778 805 1848 τούτου
817 1782 946 1847 εἵνεκεν
957 1775 1090 1847 ἀπικοί-

80 1898 136 1941 ατο
165 1877 198 1953 ἐς
222 1885 417 1967 Αἴγυπτον,
450 1884 586 1960 ξείνοισι
611 1878 814 1969 ἀγωνιστῇσι
839 1879 994 1947 έκέλευου
1026 1876 1087 1945 τόν

80 1969 193 2057 ἀγῶνα
217 1979 368 2064 τιθέναι,
389 1974 528 2048 Ἠλείων
538 1978 705 2062 δδμηδενδ
720 1977 843 2057 ἐξεῖναι
855 1973 1085 2062 ἀγωνίζεσθαι.

83 2079 182 2141 ταῦτα
196 2076 260 2160 μὲν
274 2077 456 2165 Αἰγύπτιοι
469 2077 626 2149 Ἠλείοισι
642 2075 868 2163 ὑπεθήκαντο.

165 2171 322 2260 Ψάμμιος
343 2177 381 2243 δέ
401 2179 435 2256 ἓξ
457 2183 530 2245 έτεα
550 2181 681 2263 μοῦνον
701 2171 962 2263 βασιλεύσαντος
976 2173 1085 2260 Αίγό-
1102 2179 1150 2236 161

80 2293 163 2337 πτου
183 2273 240 2338 καὶ
260 2276 553 2360 στρατευσαμένου
576 2278 609 2353 ές
622 2278 808 2359 Αἰθιοπίην
830 2273 886 2338 καὶ
905 2277 1084 2357 μεταυτίκα

78 2367 335 2455 τελευτήσαντος
349 2371 515 2451 ἐξεδέξατο
533 2368 698 2459 Ἀπρίης
714 2369 733 2440 ὁ
752 2369 923 2455 Ψάμμιος,
945 2364 982 2446 ὂς
1000 2365 1083 2454 μετά

84 2461 297 2552 Ψαμμήτιχον
311 2463 373 2533 τόν
385 2470 516 2536 ἑωυτοῦ
531 2469 727 2556 προπάτορα
742 2469 871 2554 ἐγένετο
887 2462 1085 2551 εὐδαιμονέ-

80 2579 193 2640 στατος
205 2568 276 2629 τῶν
291 2563 460 2650 πρότερον
472 2568 656 2653 βασιλέων,
679 2562 732 2634 ἐπ’
751 2571 824 2634 έτεα
845 2565 944 2640 πέντε
957 2565 1013 2632 καὶ
1033 2571 1083 2633 εί·

81 2678 151 2725 κοσι
168 2656 288 2746 ἀρξας,
311 2665 349 2728 έν
372 2677 458 2731 τοῖσι
478 2667 535 2733 έπί
547 2690 583 2733 τε
598 2667 736 2733 Σιδωυα
751 2659 893 2747 στρατόν
909 2659 1011 2748 ήλασε
1026 2661 1082 2730 καί

80 2757 285 2844 ἐναυμάχησε
304 2765 351 2851 τῷ
369 2767 490 2853 Τυρίῳ.
514 2765 585 2832 ἐπεὶ
604 2765 645 2831 δέ
656 2766 691 2830 oc
702 2765 773 2830 ἔδεε
787 2765 896 2838 κακῶς
910 2761 1079 2846 γενέσθαι,

80 2858 201 2939 ἐγένετο
218 2854 285 2925 ἀπό
301 2860 508 2948 προφάσιος,
530 2859 592 2949 τήν
614 2857 678 2948 έγιδ
692 2859 837 2946 μεζόνως
856 2859 919 2944 μὲν
938 2860 976 2926 έν
995 2871 1080 2925 τοῖσι

80 2961 249 3040 Λιβυκοῖσι
264 2956 395 3042 λόγοισι
416 2957 648 3049 ἀπηγήσομαι,
670 2976 809 3047 μετρίως
824 2954 856 3025 δ’
880 2959 917 3024 έν
931 2983 976 3024 ττι
991 2981 1078 3042 παρ-

81 3051 175 3120 εόντι·
197 3050 398 3141 ἀποπέμψας
415 3055 482 3144 γάρ
504 3059 693 3146 οτράτευμα
712 3053 731 3125 ὁ
745 3054 878 3140 Ἀπρίης
894 3057 947 3122 ἐπὶ
962 3061 1079 3141 Κυρη-

82 3156 187 3230 ναίους
196 3159 384 3238 μεγαλωστὶ
395 3159 632 3242 προσέπταισε,
648 3163 828 3242 Αίγαπτιοι
842 3152 878 3218 δὲ
891 3157 995 3218 ταῦτα
1005 3153 1077 3220 έπι-

80 3247 281 3334 μεμφόμενοι
292 3248 482 3340 ἀπέστησαν
493 3250 547 3322 ἀπ’
560 3253 677 3342 αὐτοῦ,
687 3257 858 3329 δοκέοντες
869 3248 929 3317 τόυ
940 3247 1077 3341 Ἀπρίηυ

81 3342 118 3407 ἐκ
133 3351 288 3432 προνοίης
309 3346 434 3430 αὐτοδς
450 3348 646 3438 ἀποπέμψαι
670 3356 703 3430 ἐς
727 3348 935 3436 φαινόμενον
958 3349 1074 3439 κακόν,

81 3436 133 3505 ἵνα
155 3440 192 3528 δή
217 3450 331 3529 σφέων
356 3446 471 3535 φθορὴ
499 3454 653 3537 γένηται,
681 3445 781 3524 αὐτὸς
804 3448 841 3513 δὲ
861 3453 929 3513 τῶν
947 3455 1074 3519 λοιπόν
