<?xml version="1.0" encoding="UTF-8"?>
<!DOCTYPE html PUBLIC "-//W3C//DTD XHTML 1.0 Transitional//EN"
    "http://www.w3.org/TR/xhtml1/DTD/xhtml1-transitional.dtd">
<html xmlns="http://www.w3.org/1999/xhtml" xml:lang="en" lang="en">
 <head>
  <title>
</title>
<meta http-equiv="Content-Type" content="text/html;charset=utf-8" />
  <meta name='ocr-system' content='tesseract 3.04.00' />
  <meta name='ocr-capabilities' content='ocr_page ocr_carea ocr_par ocr_line ocrx_word'/>
</head>
<body>
  <div class='ocr_page' id='page_1' title='image "./herodotihistori00dietgoog_0124.png"; bbox 0 0 2500 3925; ppageno 0'>
   <div class='ocr_carea' id='block_1_1' title="bbox 137 241 782 324">
    <p class='ocr_par' dir='ltr' id='par_1_1' title="bbox 137 241 782 324">
     <span class='ocr_line' id='line_1_1' title="bbox 137 241 782 324; baseline -0.016 0"><span class='ocrx_word' id='word_1_1' title='bbox 137 260 198 324; x_wconf 77' lang='lat'><strong><em>118</em></strong></span> <span class='ocrx_word' id='word_1_2' title='bbox 465 241 467 245; x_wconf 70' lang='grc'>’</span> <span class='ocrx_word' id='word_1_3' title='bbox 524 259 782 320; x_wconf 76' lang='grc' dir='ltr'><strong><em>ιιειιοοοτι</em></strong></span> 
     </span>
    </p>
   </div>
   <div class='ocr_carea' id='block_1_2' title="bbox 102 415 1249 3623">
    <p class='ocr_par' dir='ltr' id='par_1_2' title="bbox 102 415 1249 3623">
     <span class='ocr_line' id='line_1_2' title="bbox 136 415 1135 514; baseline -0.004 -20"><span class='ocrx_word' id='word_1_4' title='bbox 136 446 200 494; x_wconf 91' lang='grc' dir='ltr'><strong><em>σαν</em></strong></span> <span class='ocrx_word' id='word_1_5' title='bbox 230 424 388 514; x_wconf 79' lang='grc' dir='ltr'><strong><em>ἑξήκοντα</em></strong></span> <span class='ocrx_word' id='word_1_6' title='bbox 418 436 561 509; x_wconf 91' lang='grc' dir='ltr'><strong><em>σχοῖνοι,</em></strong></span> <span class='ocrx_word' id='word_1_7' title='bbox 594 416 677 488; x_wconf 87' lang='grc' dir='ltr'><strong><em>κατά</em></strong></span> <span class='ocrx_word' id='word_1_8' title='bbox 705 415 800 506; x_wconf 79' lang='grc' dir='ltr'><strong><em>ἡμεῖς</em></strong></span> <span class='ocrx_word' id='word_1_9' title='bbox 831 422 1021 507; x_wconf 77' lang='grc' dir='ltr'><strong><em>διαιρέομεν</em></strong></span> <span class='ocrx_word' id='word_1_10' title='bbox 1054 419 1135 490; x_wconf 82' lang='grc' dir='ltr'><strong><em>εἶναι</em></strong></span> 
     </span>
     <span class='ocr_line' id='line_1_3' title="bbox 128 517 1136 612; baseline -0.006 -18"><span class='ocrx_word' id='word_1_11' title='bbox 128 521 311 611; x_wconf 72' lang='grc' dir='ltr'><strong><em>,Αἴγυπτον</em></strong></span> <span class='ocrx_word' id='word_1_12' title='bbox 328 520 394 591; x_wconf 87' lang='grc' dir='ltr'><strong><em>άπδ</em></strong></span> <span class='ocrx_word' id='word_1_13' title='bbox 411 529 473 590; x_wconf 84' lang='grc' dir='ltr'><strong><em>τοῦ</em></strong></span> <span class='ocrx_word' id='word_1_14' title='bbox 489 519 726 606; x_wconf 77' lang='grc' dir='ltr'><strong><em>Πλινθινήτεω</em></strong></span> <span class='ocrx_word' id='word_1_15' title='bbox 740 517 870 612; x_wconf 89' lang='grc' dir='ltr'><strong><em>κόλπον</em></strong></span> <span class='ocrx_word' id='word_1_16' title='bbox 881 522 985 607; x_wconf 79' lang='grc' dir='ltr'><strong><em>’μέχρι</em></strong></span> <span class='ocrx_word' id='word_1_17' title='bbox 998 528 1136 610; x_wconf 85' lang='grc' dir='ltr'><strong><em>Σερβω-</em></strong></span> 
     </span>
     <span class='ocr_line' id='line_1_4' title="bbox 135 612 1129 710; baseline -0.004 -18"><span class='ocrx_word' id='word_1_18' title='bbox 135 627 228 702; x_wconf 89' lang='grc' dir='ltr'><strong><em>νίδος</em></strong></span> <span class='ocrx_word' id='word_1_19' title='bbox 249 629 382 710; x_wconf 82' lang='grc' dir='ltr'><strong><em>λίμνης,</em></strong></span> <span class='ocrx_word' id='word_1_20' title='bbox 411 617 492 708; x_wconf 89' lang='grc' dir='ltr'><strong><em>παρ’</em></strong></span> <span class='ocrx_word' id='word_1_21' title='bbox 517 617 561 707; x_wconf 78' lang='grc' dir='ltr'><strong><em>ἢν</em></strong></span> <span class='ocrx_word' id='word_1_22' title='bbox 581 617 618 688; x_wconf 84' lang='grc' dir='ltr'><strong><em>τό</em></strong></span> <span class='ocrx_word' id='word_1_23' title='bbox 637 619 767 688; x_wconf 87' lang='grc' dir='ltr'><strong><em>Κάσιον</em></strong></span> <span class='ocrx_word' id='word_1_24' title='bbox 789 612 891 703; x_wconf 78' lang='grc' dir='ltr'><strong><em>οὖρος</em></strong></span> <span class='ocrx_word' id='word_1_25' title='bbox 913 626 1030 688; x_wconf 79' lang='grc' dir='ltr'><strong><em>τείνει·</em></strong></span> <span class='ocrx_word' id='word_1_26' title='bbox 1056 621 1129 689; x_wconf 85' lang='grc' dir='ltr'><strong><em>ταά-</em></strong></span> 
     </span>
     <span class='ocr_line' id='line_1_5' title="bbox 135 715 1136 809; baseline -0.006 -17"><span class='ocrx_word' id='word_1_27' title='bbox 135 749 193 809; x_wconf 92' lang='grc' dir='ltr'><strong><em>της</em></strong></span> <span class='ocrx_word' id='word_1_28' title='bbox 214 715 265 791; x_wconf 74' lang='grc' dir='ltr'><strong><em>όν</em></strong></span> <span class='ocrx_word' id='word_1_29' title='bbox 288 721 354 790; x_wconf 86' lang='grc' dir='ltr'><strong><em>άπο</em></strong></span> <span class='ocrx_word' id='word_1_30' title='bbox 376 726 411 789; x_wconf 82' lang='grc' dir='ltr'><strong><em>ολ</em></strong></span> <span class='ocrx_word' id='word_1_31' title='bbox 433 718 592 808; x_wconf 75' lang='grc' dir='ltr'><strong><em>ἑξήκοντα</em></strong></span> <span class='ocrx_word' id='word_1_32' title='bbox 611 719 745 806; x_wconf 75' lang='grc' dir='ltr'><strong><em>’σχοῖνοι</em></strong></span> <span class='ocrx_word' id='word_1_33' title='bbox 766 723 796 786; x_wconf 91' lang='grc' dir='ltr'><strong><em>εί</em></strong></span> <span class='ocrx_word' id='word_1_34' title='bbox 816 724 837 787; x_wconf 87' lang='grc' dir='ltr'><strong><em>ί.</em></strong></span> <span class='ocrx_word' id='word_1_35' title='bbox 889 716 963 788; x_wconf 82' lang='grc' dir='ltr'><strong><em>ὅσοι</em></strong></span> <span class='ocrx_word' id='word_1_36' title='bbox 987 717 1050 805; x_wconf 72' lang='grc' dir='ltr'><strong><em>μὲν</em></strong></span> <span class='ocrx_word' id='word_1_37' title='bbox 1073 715 1136 805; x_wconf 83' lang='grc' dir='ltr'><strong><em>γάρ</em></strong></span> 
     </span>
     <span class='ocr_line' id='line_1_6' title="bbox 135 813 1137 906; baseline -0.005 -17"><span class='ocrx_word' id='word_1_38' title='bbox 135 827 317 906; x_wconf 88' lang='grc' dir='ltr'><strong><em>γεωπεῖναί</em></strong></span> <span class='ocrx_word' id='word_1_39' title='bbox 331 827 394 889; x_wconf 87' lang='grc' dir='ltr'><strong><em>εῖσι</em></strong></span> <span class='ocrx_word' id='word_1_40' title='bbox 415 818 628 906; x_wconf 76' lang='grc' dir='ltr'><strong><em>ἀνθρώπων,</em></strong></span> <span class='ocrx_word' id='word_1_41' title='bbox 656 815 812 906; x_wconf 76' lang='grc' dir='ltr'><strong><em>ὀργυιῇσι</em></strong></span> <span class='ocrx_word' id='word_1_42' title='bbox 831 815 1055 905; x_wconf 75' lang='grc' dir='ltr'><strong><em>μεμετρήκασι</em></strong></span> <span class='ocrx_word' id='word_1_43' title='bbox 1077 813 1137 902; x_wconf 78' lang='grc' dir='ltr'><strong><em>τὴν</em></strong></span> 
     </span>
     <span class='ocr_line' id='line_1_7' title="bbox 135 916 1137 1011; baseline -0.008 -20"><span class='ocrx_word' id='word_1_44' title='bbox 135 922 264 1011; x_wconf 82' lang='grc' dir='ltr'><strong><em>χάρην,</em></strong></span> <span class='ocrx_word' id='word_1_45' title='bbox 286 920 360 989; x_wconf 80' lang='grc' dir='ltr'><strong><em>ὅσοι</em></strong></span> <span class='ocrx_word' id='word_1_46' title='bbox 375 921 412 988; x_wconf 77' lang='grc' dir='ltr'><strong><em>δέ</em></strong></span> <span class='ocrx_word' id='word_1_47' title='bbox 423 922 523 988; x_wconf 79' lang='grc' dir='ltr'><strong><em>ἕσσον</em></strong></span> <span class='ocrx_word' id='word_1_48' title='bbox 535 931 731 1006; x_wconf 74' lang='grc' dir='ltr'><strong><em>γεωπεῖναι,</em></strong></span> <span class='ocrx_word' id='word_1_49' title='bbox 753 920 932 1004; x_wconf 77' lang='grc' dir='ltr'><strong><em>σταδίοισι,</em></strong></span> <span class='ocrx_word' id='word_1_50' title='bbox 955 923 990 985; x_wconf 81' lang='grc' dir='ltr'><strong><em>οἳ</em></strong></span> <span class='ocrx_word' id='word_1_51' title='bbox 1002 916 1039 986; x_wconf 70' lang='grc' dir='ltr'><strong><em>δὲ</em></strong></span> <span class='ocrx_word' id='word_1_52' title='bbox 1055 926 1137 985; x_wconf 91' lang='grc' dir='ltr'><strong><em>πολ-</em></strong></span> 
     </span>
     <span class='ocr_line' id='line_1_8' title="bbox 136 1013 1140 1109; baseline -0.005 -20"><span class='ocrx_word' id='word_1_53' title='bbox 136 1018 346 1109; x_wconf 76' lang='grc' dir='ltr'><strong><em>ληνέχουσι,</em></strong></span> <span class='ocrx_word' id='word_1_54' title='bbox 371 1019 622 1107; x_wconf 78' lang='grc' dir='ltr'><strong><em>παρασάγγῃσι,</em></strong></span> <span class='ocrx_word' id='word_1_55' title='bbox 651 1023 686 1084; x_wconf 79' lang='grc' dir='ltr'><strong><em>οἳ</em></strong></span> <span class='ocrx_word' id='word_1_56' title='bbox 700 1015 736 1084; x_wconf 71' lang='grc' dir='ltr'><strong><em>δὲ</em></strong></span> <span class='ocrx_word' id='word_1_57' title='bbox 752 1013 911 1103; x_wconf 76' lang='grc' dir='ltr'><strong><em>ἄφθονον</em></strong></span> <span class='ocrx_word' id='word_1_58' title='bbox 927 1023 1019 1104; x_wconf 92' lang='grc' dir='ltr'><strong><em>λίην,</em></strong></span> <span class='ocrx_word' id='word_1_59' title='bbox 1047 1023 1140 1103; x_wconf 87' lang='grc' dir='ltr'><strong><em>σχοί-</em></strong></span> 
     </span>
     <span class='ocr_line' id='line_1_9' title="bbox 135 1114 1135 1206; baseline -0.002 -19"><span class='ocrx_word' id='word_1_60' title='bbox 135 1138 233 1187; x_wconf 90' lang='grc' dir='ltr'><strong><em>νοισι.</em></strong></span> <span class='ocrx_word' id='word_1_61' title='bbox 257 1118 398 1187; x_wconf 80' lang='grc' dir='ltr'><strong><em>δύναται</em></strong></span> <span class='ocrx_word' id='word_1_62' title='bbox 413 1117 449 1186; x_wconf 73' lang='grc' dir='ltr'><strong><em>δὲ</em></strong></span> <span class='ocrx_word' id='word_1_63' title='bbox 464 1114 481 1186; x_wconf 89' lang='grc' dir='ltr'>ὁ</span> <span class='ocrx_word' id='word_1_64' title='bbox 499 1117 571 1204; x_wconf 25' lang='grc' dir='ltr'><strong><em>μέν,</em></strong></span> <span class='ocrx_word' id='word_1_65' title='bbox 581 1115 798 1205; x_wconf 78' lang='grc' dir='ltr'><strong><em>παρασάγγης</em></strong></span> <span class='ocrx_word' id='word_1_66' title='bbox 814 1114 991 1206; x_wconf 74' lang='grc' dir='ltr'><strong><em>τριήκοντα</em></strong></span> <span class='ocrx_word' id='word_1_67' title='bbox 1009 1118 1135 1205; x_wconf 86' lang='grc' dir='ltr'><strong><em>στάδια,</em></strong></span> 
     </span>
     <span class='ocr_line' id='line_1_10' title="bbox 137 1213 1136 1306; baseline -0.002 -20"><span class='ocrx_word' id='word_1_68' title='bbox 137 1216 155 1286; x_wconf 87' lang='grc' dir='ltr'>ὁ</span> <span class='ocrx_word' id='word_1_69' title='bbox 172 1218 208 1286; x_wconf 70' lang='grc' dir='ltr'><strong><em>δὲ</em></strong></span> <span class='ocrx_word' id='word_1_70' title='bbox 223 1230 354 1303; x_wconf 89' lang='grc' dir='ltr'><strong><em>σχοῖνος</em></strong></span> <span class='ocrx_word' id='word_1_71' title='bbox 370 1218 522 1304; x_wconf 80' lang='grc' dir='ltr'><strong><em>ἕκαστος,</em></strong></span> <span class='ocrx_word' id='word_1_72' title='bbox 548 1217 671 1304; x_wconf 80' lang='grc' dir='ltr'><strong><em>μέτρον</em></strong></span> <span class='ocrx_word' id='word_1_73' title='bbox 683 1213 740 1284; x_wconf 80' lang='grc' dir='ltr'><strong><em>ἐόν</em></strong></span> <span class='ocrx_word' id='word_1_74' title='bbox 753 1214 956 1305; x_wconf 79' lang='grc' dir='ltr'><strong><em>Αίγύπτιον,</em></strong></span> <span class='ocrx_word' id='word_1_75' title='bbox 980 1215 1136 1306; x_wconf 80' lang='grc' dir='ltr'><strong><em>ἑξήκοντα</em></strong></span> 
     </span>
     <span class='ocr_line' id='line_1_11' title="bbox 137 1317 1137 1406; baseline -0.003 -17"><span class='ocrx_word' id='word_1_76' title='bbox 137 1320 263 1397; x_wconf 84' lang='grc' dir='ltr'><strong><em>στάδια.</em></strong></span> <span class='ocrx_word' id='word_1_77' title='bbox 305 1317 394 1388; x_wconf 80' lang='grc' dir='ltr'><strong><em>οὕτω</em></strong></span> <span class='ocrx_word' id='word_1_78' title='bbox 415 1317 460 1388; x_wconf 85' lang='grc' dir='ltr'><strong><em>άν</em></strong></span> <span class='ocrx_word' id='word_1_79' title='bbox 485 1328 601 1406; x_wconf 76' lang='grc' dir='ltr'><strong><em>εἴησαν</em></strong></span> <span class='ocrx_word' id='word_1_80' title='bbox 621 1319 797 1406; x_wconf 80' lang='grc' dir='ltr'><strong><em>Αἰγύπτου</em></strong></span> <span class='ocrx_word' id='word_1_81' title='bbox 818 1318 947 1388; x_wconf 76' lang='grc' dir='ltr'><strong><em>στάδιοι</em></strong></span> <span class='ocrx_word' id='word_1_82' title='bbox 973 1319 1137 1402; x_wconf 79' lang='grc' dir='ltr'><strong><em>ἑξακόσιοι</em></strong></span> 
     </span>
     <span class='ocr_line' id='line_1_12' title="bbox 108 1418 1139 1511; baseline 0.001 -24"><span class='ocrx_word' id='word_1_83' title='bbox 108 1426 192 1493; x_wconf 80' lang='grc' dir='ltr'><strong><em>ῖκαλ</em></strong></span> <span class='ocrx_word' id='word_1_84' title='bbox 211 1427 385 1511; x_wconf 84' lang='grc' dir='ltr'><strong><em>τρισχίλιοι</em></strong></span> <span class='ocrx_word' id='word_1_85' title='bbox 405 1418 442 1490; x_wconf 85' lang='grc' dir='ltr'><strong><em>τό</em></strong></span> <span class='ocrx_word' id='word_1_86' title='bbox 465 1419 555 1509; x_wconf 79' lang='grc' dir='ltr'><strong><em>παρὰ</em></strong></span> <span class='ocrx_word' id='word_1_87' title='bbox 572 1423 759 1492; x_wconf 85' lang='grc' dir='ltr'><strong><em>θάλασσαν.</em></strong></span> <span class='ocrx_word' id='word_1_88' title='bbox 800 1418 979 1491; x_wconf 82' lang='grc' dir='ltr'><strong><em>Ἐυθεῦτεν</em></strong></span> <span class='ocrx_word' id='word_1_89' title='bbox 1001 1423 1064 1509; x_wconf 70' lang='grc' dir='ltr'><strong><em>μέν</em></strong></span> <span class='ocrx_word' id='word_1_90' title='bbox 1083 1422 1139 1489; x_wconf 82' lang='grc' dir='ltr'><strong><em>καλ</em></strong></span> 
     </span>
     <span class='ocr_line' id='line_1_13' title="bbox 137 1517 1138 1642; baseline -0.003 -51"><span class='ocrx_word' id='word_1_91' title='bbox 137 1526 230 1610; x_wconf 85' lang='grc' dir='ltr'><strong><em>μέχρι</em></strong></span> <span class='ocrx_word' id='word_1_92' title='bbox 260 1520 376 1590; x_wconf 87' lang='grc' dir='ltr'><strong><em>Ἡλίου</em></strong></span> <span class='ocrx_word' id='word_1_93' title='bbox 408 1520 525 1599; x_wconf 86' lang='grc' dir='ltr'><strong><em>πόλιος</em></strong></span> <span class='ocrx_word' id='word_1_94' title='bbox 556 1518 685 1642; x_wconf 56' lang='lat' dir='ltr'><strong><em>{wie}</em></strong></span> <span class='ocrx_word' id='word_1_95' title='bbox 716 1520 902 1608; x_wconf 87' lang='grc' dir='ltr'><strong><em>μεσόγαιάν</em></strong></span> <span class='ocrx_word' id='word_1_96' title='bbox 938 1523 1006 1591; x_wconf 82' lang='grc' dir='ltr'><strong><em>ἐστι</em></strong></span> <span class='ocrx_word' id='word_1_97' title='bbox 1039 1517 1138 1609; x_wconf 79' lang='grc' dir='ltr'><strong><em>εὐρέα</em></strong></span> 
     </span>
     <span class='ocr_line' id='line_1_14' title="bbox 136 1621 1132 1711; baseline -0.007 -18"><span class='ocrx_word' id='word_1_98' title='bbox 136 1634 324 1711; x_wconf 72' lang='grc' dir='ltr'><strong><em>Αἴγυπτος,</em></strong></span> <span class='ocrx_word' id='word_1_99' title='bbox 353 1625 455 1690; x_wconf 84' lang='grc' dir='ltr'><strong><em>έοῦσα</em></strong></span> <span class='ocrx_word' id='word_1_100' title='bbox 475 1628 565 1689; x_wconf 87' lang='grc' dir='ltr'><strong><em>πᾶσα</em></strong></span> <span class='ocrx_word' id='word_1_101' title='bbox 579 1629 687 1708; x_wconf 80' lang='grc' dir='ltr'><strong><em>υπτίη</em></strong></span> <span class='ocrx_word' id='word_1_102' title='bbox 709 1648 744 1689; x_wconf 87' lang='grc' dir='ltr'><strong><em>τε</em></strong></span> <span class='ocrx_word' id='word_1_103' title='bbox 758 1624 813 1690; x_wconf 84' lang='grc' dir='ltr'><strong><em>καὶ</em></strong></span> <span class='ocrx_word' id='word_1_104' title='bbox 827 1627 966 1710; x_wconf 79' lang='grc' dir='ltr'><strong><em>ἔνυδρος</em></strong></span> <span class='ocrx_word' id='word_1_105' title='bbox 983 1624 1038 1690; x_wconf 83' lang='grc' dir='ltr'><strong><em>καὶ</em></strong></span> <span class='ocrx_word' id='word_1_106' title='bbox 1054 1621 1132 1701; x_wconf 84' lang='grc' dir='ltr'><strong><em>ίλάς.</em></strong></span> 
     </span>
     <span class='ocr_line' id='line_1_15' title="bbox 136 1719 1138 1810; baseline -0.004 -16"><span class='ocrx_word' id='word_1_107' title='bbox 136 1731 205 1795; x_wconf 82' lang='grc' dir='ltr'><strong><em>ἔστι</em></strong></span> <span class='ocrx_word' id='word_1_108' title='bbox 227 1724 263 1792; x_wconf 71' lang='grc' dir='ltr'><strong><em>δέ</em></strong></span> <span class='ocrx_word' id='word_1_109' title='bbox 287 1719 365 1801; x_wconf 83' lang='grc' dir='ltr'><strong><em>ὁδός</em></strong></span> <span class='ocrx_word' id='word_1_110' title='bbox 385 1725 418 1802; x_wconf 84' lang='grc' dir='ltr'><strong><em>ές</em></strong></span> <span class='ocrx_word' id='word_1_111' title='bbox 437 1719 500 1808; x_wconf 75' lang='grc' dir='ltr'><strong><em>τὴν</em></strong></span> <span class='ocrx_word' id='word_1_112' title='bbox 513 1719 636 1796; x_wconf 72' lang='grc' dir='ltr'><strong><em>,Ἡλίου</em></strong></span> <span class='ocrx_word' id='word_1_113' title='bbox 658 1721 758 1791; x_wconf 89' lang='grc' dir='ltr'><strong><em>πόλιν</em></strong></span> <span class='ocrx_word' id='word_1_114' title='bbox 783 1719 848 1790; x_wconf 87' lang='grc' dir='ltr'><strong><em>άπδ</em></strong></span> <span class='ocrx_word' id='word_1_115' title='bbox 872 1721 1045 1810; x_wconf 77' lang='grc' dir='ltr'><strong><em>θαλάσσης</em></strong></span> <span class='ocrx_word' id='word_1_116' title='bbox 1066 1721 1138 1790; x_wconf 88' lang='grc' dir='ltr'><strong><em>άνω</em></strong></span> 
     </span>
     <span class='ocr_line' id='line_1_16' title="bbox 138 1817 1137 1913; baseline -0.007 -20"><span class='ocrx_word' id='word_1_117' title='bbox 138 1825 222 1894; x_wconf 88' lang='grc' dir='ltr'><strong><em>ίόντι</em></strong></span> <span class='ocrx_word' id='word_1_118' title='bbox 238 1828 449 1909; x_wconf 87' lang='grc' dir='ltr'><strong><em>παραπλησίη</em></strong></span> <span class='ocrx_word' id='word_1_119' title='bbox 463 1817 501 1888; x_wconf 85' lang='grc' dir='ltr'><strong><em>τό</em></strong></span> <span class='ocrx_word' id='word_1_120' title='bbox 518 1827 622 1908; x_wconf 81' lang='grc' dir='ltr'><strong><em>μῆκος</em></strong></span> <span class='ocrx_word' id='word_1_121' title='bbox 636 1827 676 1911; x_wconf 77' lang='grc' dir='ltr'><strong><em>τῇ</em></strong></span> <span class='ocrx_word' id='word_1_122' title='bbox 692 1824 724 1902; x_wconf 83' lang='grc' dir='ltr'><strong><em>έξ</em></strong></span> <span class='ocrx_word' id='word_1_123' title='bbox 745 1819 916 1910; x_wconf 80' lang='grc' dir='ltr'><strong><em>Ἀθηνέων</em></strong></span> <span class='ocrx_word' id='word_1_124' title='bbox 933 1819 1000 1913; x_wconf 79' lang='grc' dir='ltr'><strong><em>ὁδῷ</em></strong></span> <span class='ocrx_word' id='word_1_125' title='bbox 1014 1828 1054 1909; x_wconf 79' lang='grc' dir='ltr'><strong><em>τῇ</em></strong></span> <span class='ocrx_word' id='word_1_126' title='bbox 1071 1817 1137 1888; x_wconf 83' lang='grc' dir='ltr'><strong><em>άπὸ</em></strong></span> 
     </span>
     <span class='ocr_line' id='line_1_17' title="bbox 135 1922 1140 2013; baseline -0.002 -20"><span class='ocrx_word' id='word_1_127' title='bbox 135 1931 204 1993; x_wconf 80' lang='grc' dir='ltr'><strong><em>τῶν</em></strong></span> <span class='ocrx_word' id='word_1_128' title='bbox 219 1923 371 1995; x_wconf 84' lang='grc' dir='ltr'><strong><em>δυόδεκα</em></strong></span> <span class='ocrx_word' id='word_1_129' title='bbox 384 1930 478 1993; x_wconf 79' lang='grc' dir='ltr'><strong><em>θεῶν</em></strong></span> <span class='ocrx_word' id='word_1_130' title='bbox 491 1929 552 1993; x_wconf 84' lang='grc' dir='ltr'><strong><em>τοῦ</em></strong></span> <span class='ocrx_word' id='word_1_131' title='bbox 566 1929 684 2012; x_wconf 82' lang='grc' dir='ltr'><strong><em>βωμοῦ</em></strong></span> <span class='ocrx_word' id='word_1_132' title='bbox 700 1922 850 2013; x_wconf 85' lang='grc' dir='ltr'><strong><em>φεροάση</em></strong></span> <span class='ocrx_word' id='word_1_133' title='bbox 865 1928 898 2003; x_wconf 79' lang='grc' dir='ltr'><strong><em>ἔς</em></strong></span> <span class='ocrx_word' id='word_1_134' title='bbox 911 1949 946 1992; x_wconf 88' lang='grc' dir='ltr'><strong><em>τε</em></strong></span> <span class='ocrx_word' id='word_1_135' title='bbox 957 1931 1068 1993; x_wconf 88' lang='grc' dir='ltr'><strong><em>Πῖσαν</em></strong></span> <span class='ocrx_word' id='word_1_136' title='bbox 1083 1926 1140 1991; x_wconf 83' lang='grc' dir='ltr'><strong><em>καὶ</em></strong></span> 
     </span>
     <span class='ocr_line' id='line_1_18' title="bbox 136 2020 1139 2113; baseline -0.004 -19"><span class='ocrx_word' id='word_1_137' title='bbox 136 2029 189 2094; x_wconf 80' lang='grc' dir='ltr'><strong><em>έπλ</em></strong></span> <span class='ocrx_word' id='word_1_138' title='bbox 205 2024 266 2093; x_wconf 83' lang='grc' dir='ltr'><strong><em>τόν</em></strong></span> <span class='ocrx_word' id='word_1_139' title='bbox 285 2023 371 2113; x_wconf 87' lang='grc' dir='ltr'><strong><em>νηόν</em></strong></span> <span class='ocrx_word' id='word_1_140' title='bbox 384 2031 446 2092; x_wconf 85' lang='grc' dir='ltr'><strong><em>τοῦ</em></strong></span> <span class='ocrx_word' id='word_1_141' title='bbox 462 2022 547 2103; x_wconf 82' lang='grc' dir='ltr'><strong><em>Διὸς</em></strong></span> <span class='ocrx_word' id='word_1_142' title='bbox 565 2031 627 2092; x_wconf 80' lang='grc' dir='ltr'><strong><em>τοῦ</em></strong></span> <span class='ocrx_word' id='word_1_143' title='bbox 650 2020 859 2111; x_wconf 85' lang='grc' dir='ltr'><strong><em>Οὐλυμπίον.</em></strong></span> <span class='ocrx_word' id='word_1_144' title='bbox 897 2023 1039 2112; x_wconf 89' lang='grc' dir='ltr'><strong><em>σμικρόν</em></strong></span> <span class='ocrx_word' id='word_1_145' title='bbox 1053 2051 1085 2093; x_wconf 89' lang='grc' dir='ltr'><strong><em>τι</em></strong></span> <span class='ocrx_word' id='word_1_146' title='bbox 1100 2022 1139 2091; x_wconf 85' lang='grc' dir='ltr'><strong><em>τό</em></strong></span> 
     </span>
     <span class='ocr_line' id='line_1_19' title="bbox 136 2120 1139 2212; baseline -0.002 -20"><span class='ocrx_word' id='word_1_147' title='bbox 136 2124 303 2212; x_wconf 90' lang='grc' dir='ltr'><strong><em>διάφορον</em></strong></span> <span class='ocrx_word' id='word_1_148' title='bbox 325 2123 418 2212; x_wconf 80' lang='grc' dir='ltr'><strong><em>εὕροι</em></strong></span> <span class='ocrx_word' id='word_1_149' title='bbox 438 2152 487 2203; x_wconf 88' lang='grc' dir='ltr'><strong><em>τις</em></strong></span> <span class='ocrx_word' id='word_1_150' title='bbox 508 2120 553 2191; x_wconf 81' lang='grc' dir='ltr'><strong><em>άν</em></strong></span> <span class='ocrx_word' id='word_1_151' title='bbox 573 2124 786 2211; x_wconf 75' lang='grc' dir='ltr'><strong><em>λογιζόμενος</em></strong></span> <span class='ocrx_word' id='word_1_152' title='bbox 805 2131 874 2192; x_wconf 77' lang='grc' dir='ltr'><strong><em>τῶν</em></strong></span> <span class='ocrx_word' id='word_1_153' title='bbox 889 2122 980 2193; x_wconf 79' lang='grc' dir='ltr'><strong><em>ὁδῶν</em></strong></span> <span class='ocrx_word' id='word_1_154' title='bbox 994 2123 1139 2210; x_wconf 77' lang='grc' dir='ltr'><strong><em>τούτων,</em></strong></span> 
     </span>
     <span class='ocr_line' id='line_1_20' title="bbox 135 2220 1140 2313; baseline 0 -22"><span class='ocrx_word' id='word_1_155' title='bbox 135 2221 171 2291; x_wconf 84' lang='grc' dir='ltr'><strong><em>τό</em></strong></span> <span class='ocrx_word' id='word_1_156' title='bbox 194 2221 238 2310; x_wconf 81' lang='grc' dir='ltr'><strong><em>μὴ</em></strong></span> <span class='ocrx_word' id='word_1_157' title='bbox 261 2232 334 2301; x_wconf 85' lang='grc' dir='ltr'><strong><em>ῖσας</em></strong></span> <span class='ocrx_word' id='word_1_158' title='bbox 352 2230 456 2310; x_wconf 83' lang='grc' dir='ltr'><strong><em>μῆκος</em></strong></span> <span class='ocrx_word' id='word_1_159' title='bbox 477 2222 589 2310; x_wconf 80' lang='grc' dir='ltr'><strong><em>εἶναι,</em></strong></span> <span class='ocrx_word' id='word_1_160' title='bbox 611 2220 653 2290; x_wconf 81' lang='grc' dir='ltr'><strong><em>οὐ</em></strong></span> <span class='ocrx_word' id='word_1_161' title='bbox 674 2226 777 2292; x_wconf 80' lang='grc' dir='ltr'><strong><em>πλέον</em></strong></span> <span class='ocrx_word' id='word_1_162' title='bbox 799 2228 1036 2313; x_wconf 89' lang='grc' dir='ltr'><strong><em>πεντεκαίδεκα</em></strong></span> <span class='ocrx_word' id='word_1_163' title='bbox 1057 2244 1140 2292; x_wconf 89' lang='grc' dir='ltr'><strong><em>στα-</em></strong></span> 
     </span>
     <span class='ocr_line' id='line_1_21' title="bbox 135 2317 1135 2410; baseline 0.001 -22"><span class='ocrx_word' id='word_1_164' title='bbox 135 2325 232 2389; x_wconf 87' lang='grc' dir='ltr'><strong><em>δίων·</em></strong></span> <span class='ocrx_word' id='word_1_165' title='bbox 256 2317 278 2410; x_wconf 80' lang='grc' dir='ltr'><em>ἡ</em></span> <span class='ocrx_word' id='word_1_166' title='bbox 296 2321 358 2408; x_wconf 69' lang='grc' dir='ltr'><strong><em>μέν</em></strong></span> <span class='ocrx_word' id='word_1_167' title='bbox 372 2319 437 2408; x_wconf 78' lang='grc' dir='ltr'><strong><em>γὰρ</em></strong></span> <span class='ocrx_word' id='word_1_168' title='bbox 452 2325 485 2401; x_wconf 88' lang='grc' dir='ltr'><strong><em>ές</em></strong></span> <span class='ocrx_word' id='word_1_169' title='bbox 497 2329 609 2390; x_wconf 86' lang='grc' dir='ltr'><strong><em>Πῖσαν</em></strong></span> <span class='ocrx_word' id='word_1_170' title='bbox 623 2325 656 2402; x_wconf 85' lang='grc' dir='ltr'><strong><em>έξ</em></strong></span> <span class='ocrx_word' id='word_1_171' title='bbox 674 2320 845 2409; x_wconf 83' lang='grc' dir='ltr'><strong><em>Ἀθηνέων</em></strong></span> <span class='ocrx_word' id='word_1_172' title='bbox 866 2326 1003 2392; x_wconf 75' lang='grc' dir='ltr'><strong><em>καταδεῖ</em></strong></span> <span class='ocrx_word' id='word_1_173' title='bbox 1018 2347 1135 2390; x_wconf 88' lang='grc' dir='ltr'><strong><em>πεντε-</em></strong></span> 
     </span>
     <span class='ocr_line' id='line_1_22' title="bbox 134 2418 1140 2516; baseline -0.002 -27"><span class='ocrx_word' id='word_1_174' title='bbox 134 2425 271 2491; x_wconf 86' lang='grc' dir='ltr'><strong><em>καίδεκα</em></strong></span> <span class='ocrx_word' id='word_1_175' title='bbox 291 2425 434 2516; x_wconf 85' lang='grc' dir='ltr'><strong><em>σταδίων</em></strong></span> <span class='ocrx_word' id='word_1_176' title='bbox 456 2418 500 2500; x_wconf 80' lang='grc' dir='ltr'><strong><em>ὥς</em></strong></span> <span class='ocrx_word' id='word_1_177' title='bbox 522 2418 566 2508; x_wconf 77' lang='grc' dir='ltr'><strong><em>μὴ</em></strong></span> <span class='ocrx_word' id='word_1_178' title='bbox 590 2420 675 2490; x_wconf 78' lang='grc' dir='ltr'><strong><em>εἶναι</em></strong></span> <span class='ocrx_word' id='word_1_179' title='bbox 690 2429 918 2491; x_wconf 87' lang='grc' dir='ltr'><strong><em>πεντακοσίων</em></strong></span> <span class='ocrx_word' id='word_1_180' title='bbox 939 2424 995 2490; x_wconf 81' lang='grc' dir='ltr'><strong><em>καῖ</em></strong></span> <span class='ocrx_word' id='word_1_181' title='bbox 1010 2427 1140 2508; x_wconf 88' lang='grc' dir='ltr'><strong><em>χιλίων,</em></strong></span> 
     </span>
     <span class='ocr_line' id='line_1_23' title="bbox 132 2516 1142 2611; baseline -0.004 -22"><span class='ocrx_word' id='word_1_182' title='bbox 132 2517 204 2611; x_wconf 74' lang='grc' dir='ltr'><strong><em>ἡδὲ</em></strong></span> <span class='ocrx_word' id='word_1_183' title='bbox 219 2524 252 2600; x_wconf 87' lang='grc' dir='ltr'><strong><em>ές</em></strong></span> <span class='ocrx_word' id='word_1_184' title='bbox 268 2520 384 2590; x_wconf 90' lang='grc' dir='ltr'><strong><em>Ἡλίου</em></strong></span> <span class='ocrx_word' id='word_1_185' title='bbox 399 2520 499 2589; x_wconf 91' lang='grc' dir='ltr'><strong><em>πόλιν</em></strong></span> <span class='ocrx_word' id='word_1_186' title='bbox 513 2517 579 2588; x_wconf 88' lang='grc' dir='ltr'><strong><em>άπό</em></strong></span> <span class='ocrx_word' id='word_1_187' title='bbox 596 2520 770 2608; x_wconf 81' lang='grc' dir='ltr'><strong><em>θαλάσσης</em></strong></span> <span class='ocrx_word' id='word_1_188' title='bbox 787 2529 912 2609; x_wconf 92' lang='grc' dir='ltr'><strong><em>πληροῖ</em></strong></span> <span class='ocrx_word' id='word_1_189' title='bbox 929 2524 962 2599; x_wconf 89' lang='grc' dir='ltr'><strong><em>ές</em></strong></span> <span class='ocrx_word' id='word_1_190' title='bbox 985 2516 1046 2587; x_wconf 84' lang='grc' dir='ltr'><strong><em>τόν</em></strong></span> <span class='ocrx_word' id='word_1_191' title='bbox 1063 2516 1142 2607; x_wconf 82' lang='grc' dir='ltr'><strong><em>άρι·</em></strong></span> 
     </span>
     <span class='ocr_line' id='line_1_24' title="bbox 102 2615 1143 2706; baseline 0.004 -24"><span class='ocrx_word' id='word_1_192' title='bbox 102 2616 225 2706; x_wconf 72' lang='grc' dir='ltr'><strong><em>θθμόν</em></strong></span> <span class='ocrx_word' id='word_1_193' title='bbox 246 2627 374 2688; x_wconf 81' lang='grc' dir='ltr'><strong><em>τοῦτον.</em></strong></span> <span class='ocrx_word' id='word_1_194' title='bbox 410 2615 488 2687; x_wconf 83' lang='grc' dir='ltr'><strong><em>Ἀπδ</em></strong></span> <span class='ocrx_word' id='word_1_195' title='bbox 507 2620 543 2688; x_wconf 73' lang='grc' dir='ltr'><strong><em>δὲ</em></strong></span> <span class='ocrx_word' id='word_1_196' title='bbox 565 2617 681 2689; x_wconf 86' lang='grc' dir='ltr'><strong><em>Ἡλίου</em></strong></span> <span class='ocrx_word' id='word_1_197' title='bbox 702 2621 817 2698; x_wconf 88' lang='grc' dir='ltr'><strong><em>πόλιος</em></strong></span> <span class='ocrx_word' id='word_1_198' title='bbox 835 2618 907 2688; x_wconf 86' lang='grc' dir='ltr'><strong><em>άνω</em></strong></span> <span class='ocrx_word' id='word_1_199' title='bbox 921 2619 1007 2690; x_wconf 87' lang='grc' dir='ltr'><strong><em>ῖόντι</em></strong></span> <span class='ocrx_word' id='word_1_200' title='bbox 1022 2619 1143 2705; x_wconf 78' lang='grc' dir='ltr'><strong><em>στεινή</em></strong></span> 
     </span>
     <span class='ocr_line' id='line_1_25' title="bbox 133 2710 1142 2807; baseline -0.005 -20"><span class='ocrx_word' id='word_1_201' title='bbox 133 2722 201 2787; x_wconf 85' lang='grc' dir='ltr'><strong><em>έστι</em></strong></span> <span class='ocrx_word' id='word_1_202' title='bbox 215 2726 394 2804; x_wconf 77' lang='grc' dir='ltr'><strong><em>Αἴγυπτος.</em></strong></span> <span class='ocrx_word' id='word_1_203' title='bbox 429 2726 469 2807; x_wconf 73' lang='grc' dir='ltr'><strong><em>τῇ</em></strong></span> <span class='ocrx_word' id='word_1_204' title='bbox 492 2718 554 2805; x_wconf 67' lang='grc' dir='ltr'><strong><em>μὲν</em></strong></span> <span class='ocrx_word' id='word_1_205' title='bbox 573 2716 638 2804; x_wconf 82' lang='grc' dir='ltr'><strong><em>γάρ</em></strong></span> <span class='ocrx_word' id='word_1_206' title='bbox 656 2726 714 2806; x_wconf 79' lang='grc' dir='ltr'><strong><em>τῆς</em></strong></span> <span class='ocrx_word' id='word_1_207' title='bbox 732 2716 884 2807; x_wconf 77' lang='grc' dir='ltr'><strong><em>Ἀραβίης</em></strong></span> <span class='ocrx_word' id='word_1_208' title='bbox 906 2710 1007 2803; x_wconf 82' lang='grc' dir='ltr'><strong><em>οὖρος</em></strong></span> <span class='ocrx_word' id='word_1_209' title='bbox 1027 2741 1142 2803; x_wconf 55' lang='grc' dir='ltr'><strong><em>παραυ</em></strong></span> 
     </span>
     <span class='ocr_line' id='line_1_26' title="bbox 133 2813 1143 2908; baseline 0 -25"><span class='ocrx_word' id='word_1_210' title='bbox 133 2819 273 2899; x_wconf 84' lang='grc' dir='ltr'><strong><em>τέταται,</em></strong></span> <span class='ocrx_word' id='word_1_211' title='bbox 297 2818 403 2904; x_wconf 85' lang='grc' dir='ltr'><strong><em>φέρον</em></strong></span> <span class='ocrx_word' id='word_1_212' title='bbox 418 2813 477 2908; x_wconf 80' lang='grc' dir='ltr'><strong><em>ἀπ’</em></strong></span> <span class='ocrx_word' id='word_1_213' title='bbox 493 2815 619 2903; x_wconf 87' lang='grc' dir='ltr'><strong><em>άρκτον</em></strong></span> <span class='ocrx_word' id='word_1_214' title='bbox 637 2814 721 2902; x_wconf 86' lang='grc' dir='ltr'><strong><em>πρός</em></strong></span> <span class='ocrx_word' id='word_1_215' title='bbox 736 2823 941 2905; x_wconf 77' lang='grc' dir='ltr'><strong><em>μεσαμβρίης</em></strong></span> <span class='ocrx_word' id='word_1_216' title='bbox 955 2842 991 2885; x_wconf 89' lang='grc' dir='ltr'><strong><em>τε</em></strong></span> <span class='ocrx_word' id='word_1_217' title='bbox 1007 2819 1063 2885; x_wconf 84' lang='grc' dir='ltr'><strong><em>καὶ</em></strong></span> <span class='ocrx_word' id='word_1_218' title='bbox 1078 2816 1143 2883; x_wconf 91' lang='grc' dir='ltr'><strong><em>νό-</em></strong></span> 
     </span>
     <span class='ocr_line' id='line_1_27' title="bbox 132 2911 1249 3003; baseline 0 -20"><span class='ocrx_word' id='word_1_219' title='bbox 132 2941 209 3001; x_wconf 92' lang='grc' dir='ltr'><strong><em>του,</em></strong></span> <span class='ocrx_word' id='word_1_220' title='bbox 238 2916 302 2982; x_wconf 82' lang='grc' dir='ltr'><strong><em>αίεὶ</em></strong></span> <span class='ocrx_word' id='word_1_221' title='bbox 317 2912 388 2981; x_wconf 87' lang='grc' dir='ltr'><strong><em>άνω</em></strong></span> <span class='ocrx_word' id='word_1_222' title='bbox 403 2928 514 2982; x_wconf 87' lang='grc' dir='ltr'><strong><em>τεῖνον</em></strong></span> <span class='ocrx_word' id='word_1_223' title='bbox 535 2916 568 2991; x_wconf 87' lang='grc' dir='ltr'><strong><em>ές</em></strong></span> <span class='ocrx_word' id='word_1_224' title='bbox 583 2911 646 3001; x_wconf 74' lang='grc' dir='ltr'><strong><em>τὴν</em></strong></span> <span class='ocrx_word' id='word_1_225' title='bbox 663 2912 832 3003; x_wconf 77' lang='grc' dir='ltr'><strong><em>Ἐρυθρὴν</em></strong></span> <span class='ocrx_word' id='word_1_226' title='bbox 848 2919 1055 3003; x_wconf 84' lang='grc' dir='ltr'><strong><em>καλεομένην</em></strong></span> <span class='ocrx_word' id='word_1_227' title='bbox 1070 2914 1143 2983; x_wconf 90' lang='grc' dir='ltr'><strong><em>θά-</em></strong></span> <span class='ocrx_word' id='word_1_228' title='bbox 1246 2944 1249 2953; x_wconf 82' lang='grc'><strong><em>·</em></strong></span> 
     </span>
     <span class='ocr_line' id='line_1_28' title="bbox 132 3014 1144 3104; baseline -0.001 -20"><span class='ocrx_word' id='word_1_229' title='bbox 132 3023 271 3099; x_wconf 88' lang='grc' dir='ltr'><strong><em>λασσαν,</em></strong></span> <span class='ocrx_word' id='word_1_230' title='bbox 294 3016 331 3082; x_wconf 79' lang='grc' dir='ltr'><strong><em>ἐν</em></strong></span> <span class='ocrx_word' id='word_1_231' title='bbox 347 3020 393 3104; x_wconf 77' lang='grc' dir='ltr'><strong><em>τῷ</em></strong></span> <span class='ocrx_word' id='word_1_232' title='bbox 408 3017 445 3081; x_wconf 85' lang='grc' dir='ltr'><strong><em>αί</em></strong></span> <span class='ocrx_word' id='word_1_233' title='bbox 459 3021 649 3101; x_wconf 72' lang='grc' dir='ltr'><strong><em>λιθοτομίαι</em></strong></span> <span class='ocrx_word' id='word_1_234' title='bbox 661 3021 764 3083; x_wconf 79' lang='grc' dir='ltr'><strong><em>ἔνεισι</em></strong></span> <span class='ocrx_word' id='word_1_235' title='bbox 778 3020 814 3084; x_wconf 87' lang='grc' dir='ltr'><strong><em>αί</em></strong></span> <span class='ocrx_word' id='word_1_236' title='bbox 826 3018 859 3095; x_wconf 89' lang='grc' dir='ltr'><strong><em>ές</em></strong></span> <span class='ocrx_word' id='word_1_237' title='bbox 875 3014 934 3095; x_wconf 85' lang='grc' dir='ltr'><strong><em>τάς</em></strong></span> <span class='ocrx_word' id='word_1_238' title='bbox 949 3020 1144 3103; x_wconf 89' lang='grc' dir='ltr'><strong><em>πυραμίδας</em></strong></span> 
     </span>
     <span class='ocr_line' id='line_1_29' title="bbox 132 3112 1249 3205; baseline 0 -23"><span class='ocrx_word' id='word_1_239' title='bbox 132 3124 393 3201; x_wconf 80' lang='grc' dir='ltr'><strong><em>κατατμηθεῖσαι</em></strong></span> <span class='ocrx_word' id='word_1_240' title='bbox 414 3112 473 3193; x_wconf 81' lang='grc' dir='ltr'><strong><em>τὰς</em></strong></span> <span class='ocrx_word' id='word_1_241' title='bbox 494 3117 531 3183; x_wconf 85' lang='grc' dir='ltr'><strong><em>έν</em></strong></span> <span class='ocrx_word' id='word_1_242' title='bbox 548 3117 678 3202; x_wconf 81' lang='grc' dir='ltr'><strong><em>Μέμφι.</em></strong></span> <span class='ocrx_word' id='word_1_243' title='bbox 719 3116 823 3205; x_wconf 86' lang='grc' dir='ltr'><strong><em>ταύτη</em></strong></span> <span class='ocrx_word' id='word_1_244' title='bbox 844 3114 907 3202; x_wconf 76' lang='grc' dir='ltr'><strong><em>μέν</em></strong></span> <span class='ocrx_word' id='word_1_245' title='bbox 926 3123 1032 3203; x_wconf 85' lang='grc' dir='ltr'><strong><em>λῆγον</em></strong></span> <span class='ocrx_word' id='word_1_246' title='bbox 1053 3114 1144 3183; x_wconf 86' lang='grc' dir='ltr'><strong><em>άνα-</em></strong></span> <span class='ocrx_word' id='word_1_247' title='bbox 1248 3172 1249 3175; x_wconf 59' lang='grc'><strong><em>,</em></strong></span> 
     </span>
     <span class='ocr_line' id='line_1_30' title="bbox 133 3206 1249 3304; baseline 0 -24"><span class='ocrx_word' id='word_1_248' title='bbox 133 3212 276 3299; x_wconf 89' lang='grc' dir='ltr'><strong><em>κάμπτει</em></strong></span> <span class='ocrx_word' id='word_1_249' title='bbox 297 3215 329 3291; x_wconf 87' lang='grc' dir='ltr'><strong><em>ές</em></strong></span> <span class='ocrx_word' id='word_1_250' title='bbox 351 3209 391 3279; x_wconf 83' lang='grc' dir='ltr'><strong><em>τά</em></strong></span> <span class='ocrx_word' id='word_1_251' title='bbox 415 3222 541 3300; x_wconf 89' lang='grc' dir='ltr'><strong><em>εῖρηται</em></strong></span> <span class='ocrx_word' id='word_1_252' title='bbox 561 3210 599 3280; x_wconf 87' lang='grc' dir='ltr'><strong><em>τό</em></strong></span> <span class='ocrx_word' id='word_1_253' title='bbox 622 3206 742 3301; x_wconf 76' lang='grc' dir='ltr'><strong><em>οὖρος·</em></strong></span> <span class='ocrx_word' id='word_1_254' title='bbox 778 3221 818 3304; x_wconf 81' lang='grc' dir='ltr'><strong><em>τῇ</em></strong></span> <span class='ocrx_word' id='word_1_255' title='bbox 845 3215 881 3282; x_wconf 81' lang='grc' dir='ltr'><strong><em>δὲ</em></strong></span> <span class='ocrx_word' id='word_1_256' title='bbox 903 3212 984 3282; x_wconf 82' lang='grc' dir='ltr'><strong><em>αὐτὸ</em></strong></span> <span class='ocrx_word' id='word_1_257' title='bbox 1008 3216 1143 3282; x_wconf 82' lang='grc' dir='ltr'><strong><em>ἑωυτοῦ</em></strong></span> <span class='ocrx_word' id='word_1_258' title='bbox 1248 3280 1249 3289; x_wconf 65' lang='grc'><strong><em>,</em></strong></span> 
     </span>
     <span class='ocr_line' id='line_1_31' title="bbox 132 3308 1249 3402; baseline 0.002 -23"><span class='ocrx_word' id='word_1_259' title='bbox 132 3312 200 3379; x_wconf 80' lang='grc' dir='ltr'><strong><em>έστῖ</em></strong></span> <span class='ocrx_word' id='word_1_260' title='bbox 221 3310 445 3398; x_wconf 80' lang='grc' dir='ltr'><strong><em>μακρότατον,</em></strong></span> <span class='ocrx_word' id='word_1_261' title='bbox 481 3310 526 3391; x_wconf 77' lang='grc' dir='ltr'><strong><em>ὡς</em></strong></span> <span class='ocrx_word' id='word_1_262' title='bbox 552 3308 616 3398; x_wconf 79' lang='grc' dir='ltr'><strong><em>έγά</em></strong></span> <span class='ocrx_word' id='word_1_263' title='bbox 641 3314 902 3401; x_wconf 76' lang='grc' dir='ltr'><strong><em>ἐπυνθανόμην,</em></strong></span> <span class='ocrx_word' id='word_1_264' title='bbox 931 3313 993 3381; x_wconf 81' lang='grc' dir='ltr'><strong><em>δύο</em></strong></span> <span class='ocrx_word' id='word_1_265' title='bbox 1019 3321 1147 3402; x_wconf 76' lang='grc' dir='ltr'><strong><em>μηνῶν</em></strong></span> <span class='ocrx_word' id='word_1_266' title='bbox 1248 3320 1249 3392; x_wconf 55' lang='grc' dir='ltr'><strong><em>η</em></strong></span> 
     </span>
     <span class='ocr_line' id='line_1_32' title="bbox 133 3404 1145 3498; baseline 0.007 -25"><span class='ocrx_word' id='word_1_267' title='bbox 133 3404 214 3474; x_wconf 85' lang='grc' dir='ltr'><strong><em>αὐτό</em></strong></span> <span class='ocrx_word' id='word_1_268' title='bbox 239 3406 324 3475; x_wconf 78' lang='grc' dir='ltr'><strong><em>εἶναι</em></strong></span> <span class='ocrx_word' id='word_1_269' title='bbox 348 3415 406 3494; x_wconf 82' lang='grc' dir='ltr'><strong><em>τῆς</em></strong></span> <span class='ocrx_word' id='word_1_270' title='bbox 432 3407 515 3478; x_wconf 84' lang='grc' dir='ltr'><strong><em>όδοῦ</em></strong></span> <span class='ocrx_word' id='word_1_271' title='bbox 540 3407 605 3478; x_wconf 84' lang='grc' dir='ltr'><strong><em>άπὸ</em></strong></span> <span class='ocrx_word' id='word_1_272' title='bbox 632 3408 716 3497; x_wconf 76' lang='grc' dir='ltr'><strong><em>ἠοῦς</em></strong></span> <span class='ocrx_word' id='word_1_273' title='bbox 740 3408 824 3496; x_wconf 85' lang='grc' dir='ltr'><strong><em>πρός</em></strong></span> <span class='ocrx_word' id='word_1_274' title='bbox 849 3414 1009 3498; x_wconf 80' lang='grc' dir='ltr'><strong><em>ἑσπέρην,</em></strong></span> <span class='ocrx_word' id='word_1_275' title='bbox 1037 3409 1079 3479; x_wconf 82' lang='grc' dir='ltr'><strong><em>τοὶ</em></strong></span> <span class='ocrx_word' id='word_1_276' title='bbox 1105 3414 1145 3480; x_wconf 67' lang='grc' dir='ltr'><strong><em>δὲ</em></strong></span> 
     </span>
     <span class='ocr_line' id='line_1_33' title="bbox 132 3503 1132 3623; baseline 0.007 -51"><span class='ocrx_word' id='word_1_277' title='bbox 132 3504 215 3593; x_wconf 80' lang='grc' dir='ltr'><strong><em>πρὸς</em></strong></span> <span class='ocrx_word' id='word_1_278' title='bbox 235 3503 298 3592; x_wconf 74' lang='grc' dir='ltr'><strong><em>τὴν</em></strong></span> <span class='ocrx_word' id='word_1_279' title='bbox 322 3503 372 3592; x_wconf 79' lang='grc' dir='ltr'><strong><em>ἠῶ</em></strong></span> <span class='ocrx_word' id='word_1_280' title='bbox 395 3508 653 3595; x_wconf 86' lang='grc' dir='ltr'><strong><em>λιβανωτοφόρα</em></strong></span> <span class='ocrx_word' id='word_1_281' title='bbox 679 3507 787 3623; x_wconf 51' lang='grc' dir='ltr'><strong><em>αὐτοῦι</em></strong></span> <span class='ocrx_word' id='word_1_282' title='bbox 809 3507 848 3578; x_wconf 86' lang='grc' dir='ltr'><strong><em>τά</em></strong></span> <span class='ocrx_word' id='word_1_283' title='bbox 874 3512 1018 3597; x_wconf 88' lang='grc' dir='ltr'><strong><em>τέρματα</em></strong></span> <span class='ocrx_word' id='word_1_284' title='bbox 1039 3508 1132 3579; x_wconf 75' lang='grc' dir='ltr'><strong><em>εἶναι</em></strong></span> 
     </span>
    </p>
   </div>
   <div class='ocr_carea' id='block_1_3' title="bbox 0 0 1255 3925">
    <p class='ocr_par' dir='ltr' id='par_1_3' title="bbox 0 0 1255 3925">
     <span class='ocr_line' id='line_1_34' title="bbox 0 0 1255 3925; baseline 0 0"><span class='ocrx_word' id='word_1_285' title='bbox 0 0 1255 3925; x_wconf 95' lang='lat' dir='ltr'><strong><em> </em></strong></span> 
     </span>
    </p>
   </div>
  </div>
 </body>
</html>
