<?xml version="1.0" encoding="UTF-8"?>
<!DOCTYPE html PUBLIC "-//W3C//DTD XHTML 1.0 Transitional//EN"
    "http://www.w3.org/TR/xhtml1/DTD/xhtml1-transitional.dtd">
<html xmlns="http://www.w3.org/1999/xhtml" xml:lang="en" lang="en">
 <head>
  <title>
</title>
<meta http-equiv="Content-Type" content="text/html;charset=utf-8" />
  <meta name='ocr-system' content='tesseract 3.04.00' />
  <meta name='ocr-capabilities' content='ocr_page ocr_carea ocr_par ocr_line ocrx_word'/>
</head>
<body>
  <div class='ocr_page' id='page_1' title='image "./herodotihistori00dietgoog_0743.png"; bbox 0 0 2500 3925; ppageno 0'>
   <div class='ocr_carea' id='block_1_1' title="bbox 313 205 1058 273">
    <p class='ocr_par' dir='ltr' id='par_1_1' title="bbox 313 205 1058 273">
     <span class='ocr_line' id='line_1_1' title="bbox 313 205 1058 273; baseline 0.011 -8"><span class='ocrx_word' id='word_1_1' title='bbox 313 209 401 266; x_wconf 78' lang='grc' dir='ltr'><strong><em>ιιε.</em></strong></span> <span class='ocrx_word' id='word_1_2' title='bbox 432 206 480 265; x_wconf 77' lang='lat' dir='ltr'><strong><em>lx.</em></strong></span> <span class='ocrx_word' id='word_1_3' title='bbox 514 208 612 267; x_wconf 72' lang='grc' dir='ltr'><strong><em>σεε.</em></strong></span> <span class='ocrx_word' id='word_1_4' title='bbox 643 213 786 270; x_wconf 79' lang='grc' dir='ltr'><strong><em>εε-εε</em></strong></span> <span class='ocrx_word' id='word_1_5' title='bbox 993 205 1058 273; x_wconf 71' lang='lat'><strong><em>320</em></strong></span> 
     </span>
    </p>
   </div>
   <div class='ocr_carea' id='block_1_2' title="bbox 28 362 1188 3525">
    <p class='ocr_par' dir='ltr' id='par_1_2' title="bbox 28 362 1188 3525">
     <span class='ocr_line' id='line_1_2' title="bbox 29 362 1056 457; baseline 0.001 -20"><span class='ocrx_word' id='word_1_6' title='bbox 29 370 255 457; x_wconf 71' lang='grc' dir='ltr'><strong><em>Αἰγινητέων</em></strong></span> <span class='ocrx_word' id='word_1_7' title='bbox 282 367 350 435; x_wconf 83' lang='grc' dir='ltr'><strong><em>έστλ</em></strong></span> <span class='ocrx_word' id='word_1_8' title='bbox 377 362 501 435; x_wconf 85' lang='grc' dir='ltr'><strong><em>αότόθι</em></strong></span> <span class='ocrx_word' id='word_1_9' title='bbox 526 365 728 453; x_wconf 73' lang='grc' dir='ltr'><strong><em>καλεόμενος</em></strong></span> <span class='ocrx_word' id='word_1_10' title='bbox 752 367 877 455; x_wconf 89' lang='grc' dir='ltr'><strong><em>τάφος,</em></strong></span> <span class='ocrx_word' id='word_1_11' title='bbox 906 365 969 436; x_wconf 89' lang='grc' dir='ltr'><strong><em>τδν</em></strong></span> <span class='ocrx_word' id='word_1_12' title='bbox 989 367 1056 455; x_wconf 69' lang='lat' dir='ltr'><strong><em>eya)</em></strong></span> 
     </span>
     <span class='ocr_line' id='line_1_3' title="bbox 29 461 1056 555; baseline 0.001 -21"><span class='ocrx_word' id='word_1_13' title='bbox 29 463 161 534; x_wconf 83' lang='grc' dir='ltr'><strong><em>ἀκούω</em></strong></span> <span class='ocrx_word' id='word_1_14' title='bbox 172 467 228 534; x_wconf 83' lang='grc' dir='ltr'><strong><em>καῖ</em></strong></span> <span class='ocrx_word' id='word_1_15' title='bbox 239 466 318 534; x_wconf 91' lang='grc' dir='ltr'><strong><em>δέκα</em></strong></span> <span class='ocrx_word' id='word_1_16' title='bbox 329 469 415 533; x_wconf 85' lang='grc' dir='ltr'><strong><em>ἐτεσι</em></strong></span> <span class='ocrx_word' id='word_1_17' title='bbox 425 461 568 551; x_wconf 81' lang='grc' dir='ltr'><strong><em>ὕστερον</em></strong></span> <span class='ocrx_word' id='word_1_18' title='bbox 577 462 660 551; x_wconf 82' lang='grc' dir='ltr'><strong><em>μετὰ</em></strong></span> <span class='ocrx_word' id='word_1_19' title='bbox 670 471 775 534; x_wconf 80' lang='grc' dir='ltr'><strong><em>ταῦτα</em></strong></span> <span class='ocrx_word' id='word_1_20' title='bbox 783 469 978 555; x_wconf 84' lang='grc' dir='ltr'><strong><em>δεηθέντων</em></strong></span> <span class='ocrx_word' id='word_1_21' title='bbox 987 474 1056 536; x_wconf 79' lang='grc' dir='ltr'><strong><em>τόν</em></strong></span> 
     </span>
     <span class='ocr_line' id='line_1_4' title="bbox 29 560 1056 654; baseline 0.002 -20"><span class='ocrx_word' id='word_1_22' title='bbox 29 568 254 652; x_wconf 75' lang='grc' dir='ltr'><strong><em>Αἰγινητέων</em></strong></span> <span class='ocrx_word' id='word_1_23' title='bbox 268 571 373 652; x_wconf 78' lang='grc' dir='ltr'><strong><em>χῶσαι</em></strong></span> <span class='ocrx_word' id='word_1_24' title='bbox 383 564 542 651; x_wconf 79' lang='grc' dir='ltr'><strong><em>Κλεάδην</em></strong></span> <span class='ocrx_word' id='word_1_25' title='bbox 556 560 617 638; x_wconf 85' lang='grc' dir='ltr'><strong><em>τόν</em></strong></span> <span class='ocrx_word' id='word_1_26' title='bbox 632 561 825 635; x_wconf 80' lang='grc' dir='ltr'><strong><em>Αὐτοδίκου</em></strong></span> <span class='ocrx_word' id='word_1_27' title='bbox 840 565 950 654; x_wconf 79' lang='grc' dir='ltr'><strong><em>ἄνδρα</em></strong></span> <span class='ocrx_word' id='word_1_28' title='bbox 960 575 1056 636; x_wconf 87' lang='grc' dir='ltr'><strong><em>Πλα-</em></strong></span> 
     </span>
     <span class='ocr_line' id='line_1_5' title="bbox 28 662 1188 753; baseline -0.007 -17"><span class='ocrx_word' id='word_1_29' title='bbox 28 671 154 753; x_wconf 85' lang='grc' dir='ltr'><strong><em>ταιέα,</em></strong></span> <span class='ocrx_word' id='word_1_30' title='bbox 172 665 351 752; x_wconf 79' lang='grc' dir='ltr'><strong><em>πρόξεινον</em></strong></span> <span class='ocrx_word' id='word_1_31' title='bbox 366 665 464 734; x_wconf 91' lang='grc' dir='ltr'><strong><em>έόντα</em></strong></span> <span class='ocrx_word' id='word_1_32' title='bbox 478 662 602 733; x_wconf 79' lang='grc' dir='ltr'><strong><em>αὐτόν.</em></strong></span> <span class='ocrx_word' id='word_1_33' title='bbox 1185 740 1188 745; x_wconf 25' lang='grc'>1</span> 
     </span>
     <span class='ocr_line' id='line_1_6' title="bbox 120 759 1102 854; baseline 0.001 -21"><span class='ocrx_word' id='word_1_34' title='bbox 120 762 184 844; x_wconf 80' lang='grc' dir='ltr'><strong><em>Ὡς</em></strong></span> <span class='ocrx_word' id='word_1_35' title='bbox 204 761 236 832; x_wconf 88' lang='grc' dir='ltr'><strong><em>δ’</em></strong></span> <span class='ocrx_word' id='word_1_36' title='bbox 256 762 322 851; x_wconf 85' lang='grc' dir='ltr'><strong><em>ἀρα</em></strong></span> <span class='ocrx_word' id='word_1_37' title='bbox 342 769 476 845; x_wconf 78' lang='grc' dir='ltr'><strong><em>ἐθαψαν</em></strong></span> <span class='ocrx_word' id='word_1_38' title='bbox 495 759 576 841; x_wconf 81' lang='grc' dir='ltr'><strong><em>τούς</em></strong></span> <span class='ocrx_word' id='word_1_39' title='bbox 594 760 737 849; x_wconf 83' lang='grc' dir='ltr'><strong><em>νεκροός</em></strong></span> <span class='ocrx_word' id='word_1_40' title='bbox 758 765 796 831; x_wconf 86' lang='grc' dir='ltr'><strong><em>ἐν</em></strong></span> <span class='ocrx_word' id='word_1_41' title='bbox 815 771 1000 854; x_wconf 79' lang='grc' dir='ltr'><strong><em>Πλαταιῇσι</em></strong></span> <span class='ocrx_word' id='word_1_42' title='bbox 1019 770 1054 834; x_wconf 89' lang='grc' dir='ltr'><strong><em>οί</em></strong></span> <span class='ocrx_word' id='word_1_43' title='bbox 1067 783 1102 840; x_wconf 78' lang='grc'><strong><em>86</em></strong></span> 
     </span>
     <span class='ocr_line' id='line_1_7' title="bbox 31 858 1055 951; baseline -0.001 -19"><span class='ocrx_word' id='word_1_44' title='bbox 31 861 223 950; x_wconf 83' lang='grc' dir='ltr'><strong><em>Ἕλληνες,</em></strong></span> <span class='ocrx_word' id='word_1_45' title='bbox 243 858 362 930; x_wconf 81' lang='grc' dir='ltr'><strong><em>αὐτίκα</em></strong></span> <span class='ocrx_word' id='word_1_46' title='bbox 378 863 658 950; x_wconf 87' lang='grc' dir='ltr'><strong><em>βουλευομένοισί</em></strong></span> <span class='ocrx_word' id='word_1_47' title='bbox 669 878 730 947; x_wconf 85' lang='grc' dir='ltr'><strong><em>σφι</em></strong></span> <span class='ocrx_word' id='word_1_48' title='bbox 747 860 861 930; x_wconf 83' lang='grc' dir='ltr'><strong><em>ἐδόκεε</em></strong></span> <span class='ocrx_word' id='word_1_49' title='bbox 875 863 1055 951; x_wconf 82' lang='grc' dir='ltr'><strong><em>στρατεύε-</em></strong></span> 
     </span>
     <span class='ocr_line' id='line_1_8' title="bbox 30 955 1054 1049; baseline 0.003 -22"><span class='ocrx_word' id='word_1_50' title='bbox 30 968 127 1028; x_wconf 80' lang='grc' dir='ltr'><strong><em>σθαι</em></strong></span> <span class='ocrx_word' id='word_1_51' title='bbox 144 959 199 1027; x_wconf 84' lang='grc' dir='ltr'><strong><em>έπδ</em></strong></span> <span class='ocrx_word' id='word_1_52' title='bbox 213 955 272 1038; x_wconf 86' lang='grc' dir='ltr'><strong><em>τάς</em></strong></span> <span class='ocrx_word' id='word_1_53' title='bbox 286 958 402 1048; x_wconf 76' lang='grc' dir='ltr'><strong><em>Θήβας</em></strong></span> <span class='ocrx_word' id='word_1_54' title='bbox 415 963 471 1029; x_wconf 78' lang='grc' dir='ltr'><strong><em>καί</em></strong></span> <span class='ocrx_word' id='word_1_55' title='bbox 492 961 650 1042; x_wconf 80' lang='grc' dir='ltr'><strong><em>ἐξαιτέειν</em></strong></span> <span class='ocrx_word' id='word_1_56' title='bbox 664 955 778 1027; x_wconf 73' lang='grc' dir='ltr'><strong><em>αὐτόν</em></strong></span> <span class='ocrx_word' id='word_1_57' title='bbox 797 957 877 1040; x_wconf 82' lang='grc' dir='ltr'><strong><em>νοός</em></strong></span> <span class='ocrx_word' id='word_1_58' title='bbox 889 965 1054 1049; x_wconf 87' lang='grc' dir='ltr'><strong><em>μηδίσαν-</em></strong></span> 
     </span>
     <span class='ocr_line' id='line_1_9' title="bbox 31 1054 1053 1147; baseline 0.001 -21"><span class='ocrx_word' id='word_1_59' title='bbox 31 1082 117 1142; x_wconf 87' lang='grc' dir='ltr'><strong><em>τας,</em></strong></span> <span class='ocrx_word' id='word_1_60' title='bbox 135 1060 175 1126; x_wconf 87' lang='grc' dir='ltr'><strong><em>ἐν</em></strong></span> <span class='ocrx_word' id='word_1_61' title='bbox 189 1056 349 1146; x_wconf 83' lang='grc' dir='ltr'><strong><em>πρότοισι</em></strong></span> <span class='ocrx_word' id='word_1_62' title='bbox 363 1060 401 1128; x_wconf 76' lang='grc' dir='ltr'><strong><em>δέ</em></strong></span> <span class='ocrx_word' id='word_1_63' title='bbox 414 1054 529 1128; x_wconf 79' lang='grc' dir='ltr'><strong><em>αὐτόν</em></strong></span> <span class='ocrx_word' id='word_1_64' title='bbox 545 1060 770 1145; x_wconf 81' lang='grc' dir='ltr'><strong><em>Τιμηγενίδην</em></strong></span> <span class='ocrx_word' id='word_1_65' title='bbox 785 1061 840 1128; x_wconf 77' lang='grc' dir='ltr'><strong><em>καί</em></strong></span> <span class='ocrx_word' id='word_1_66' title='bbox 849 1055 1053 1147; x_wconf 75' lang='grc' dir='ltr'><strong><em>Ἀτταγῖνον,</em></strong></span> 
     </span>
     <span class='ocr_line' id='line_1_10' title="bbox 32 1149 1051 1246; baseline 0.002 -22"><span class='ocrx_word' id='word_1_67' title='bbox 32 1163 76 1224; x_wconf 79' lang='grc' dir='ltr'><strong><em>οδ</em></strong></span> <span class='ocrx_word' id='word_1_68' title='bbox 87 1152 268 1244; x_wconf 82' lang='grc' dir='ltr'><strong><em>ἀρχηγέται</em></strong></span> <span class='ocrx_word' id='word_1_69' title='bbox 282 1153 349 1225; x_wconf 89' lang='grc' dir='ltr'><strong><em>ἀνά</em></strong></span> <span class='ocrx_word' id='word_1_70' title='bbox 363 1157 519 1246; x_wconf 75' lang='grc' dir='ltr'><strong><em>πρώτους</em></strong></span> <span class='ocrx_word' id='word_1_71' title='bbox 531 1149 638 1245; x_wconf 87' lang='grc' dir='ltr'><strong><em>ἡσαν,</em></strong></span> <span class='ocrx_word' id='word_1_72' title='bbox 652 1152 697 1244; x_wconf 87' lang='grc' dir='ltr'><strong><em>ἡν</em></strong></span> <span class='ocrx_word' id='word_1_73' title='bbox 712 1157 749 1225; x_wconf 77' lang='grc' dir='ltr'><strong><em>δέ</em></strong></span> <span class='ocrx_word' id='word_1_74' title='bbox 764 1154 809 1244; x_wconf 85' lang='grc' dir='ltr'><strong><em>μὴ</em></strong></span> <span class='ocrx_word' id='word_1_75' title='bbox 824 1159 990 1244; x_wconf 75' lang='grc' dir='ltr'><strong><em>ἐκδιδῶσι,</em></strong></span> <span class='ocrx_word' id='word_1_76' title='bbox 1006 1156 1051 1244; x_wconf 84' lang='grc' dir='ltr'><strong><em>μὴ</em></strong></span> 
     </span>
     <span class='ocr_line' id='line_1_11' title="bbox 33 1251 1057 1342; baseline 0.003 -22"><span class='ocrx_word' id='word_1_77' title='bbox 33 1251 294 1324; x_wconf 76' lang='grc' dir='ltr'><strong><em>ἀπανίστασθαι</em></strong></span> <span class='ocrx_word' id='word_1_78' title='bbox 305 1253 370 1325; x_wconf 84' lang='grc' dir='ltr'><strong><em>ἀπὸ</em></strong></span> <span class='ocrx_word' id='word_1_79' title='bbox 381 1263 439 1342; x_wconf 82' lang='grc' dir='ltr'><strong><em>τῆς</em></strong></span> <span class='ocrx_word' id='word_1_80' title='bbox 449 1255 567 1334; x_wconf 86' lang='grc' dir='ltr'><strong><em>πόλιος</em></strong></span> <span class='ocrx_word' id='word_1_81' title='bbox 577 1253 745 1341; x_wconf 86' lang='grc' dir='ltr'><strong><em>πρότερον</em></strong></span> <span class='ocrx_word' id='word_1_82' title='bbox 757 1251 779 1341; x_wconf 81' lang='grc' dir='ltr'><strong><em>ἡ</em></strong></span> <span class='ocrx_word' id='word_1_83' title='bbox 793 1257 937 1336; x_wconf 83' lang='grc' dir='ltr'><strong><em>ἐξέλωσι.</em></strong></span> <span class='ocrx_word' id='word_1_84' title='bbox 960 1253 1005 1335; x_wconf 82' lang='grc' dir='ltr'><strong><em>ὡς</em></strong></span> <span class='ocrx_word' id='word_1_85' title='bbox 1016 1260 1057 1324; x_wconf 88' lang='grc' dir='ltr'><strong><em>δέ</em></strong></span> 
     </span>
     <span class='ocr_line' id='line_1_12' title="bbox 35 1348 1053 1446; baseline 0.003 -23"><span class='ocrx_word' id='word_1_86' title='bbox 35 1374 104 1441; x_wconf 89' lang='grc' dir='ltr'><strong><em>σφι</em></strong></span> <span class='ocrx_word' id='word_1_87' title='bbox 119 1360 227 1435; x_wconf 85' lang='grc' dir='ltr'><strong><em>ταῦτα</em></strong></span> <span class='ocrx_word' id='word_1_88' title='bbox 242 1357 349 1444; x_wconf 80' lang='grc' dir='ltr'><strong><em>έδοξε,</em></strong></span> <span class='ocrx_word' id='word_1_89' title='bbox 366 1355 454 1425; x_wconf 79' lang='grc' dir='ltr'><strong><em>οὕτω</em></strong></span> <span class='ocrx_word' id='word_1_90' title='bbox 468 1348 509 1443; x_wconf 86' lang='grc' dir='ltr'><strong><em>δὴ</em></strong></span> <span class='ocrx_word' id='word_1_91' title='bbox 525 1355 685 1445; x_wconf 74' lang='grc' dir='ltr'><strong><em>ἑνδεκάτη</em></strong></span> <span class='ocrx_word' id='word_1_92' title='bbox 696 1354 803 1446; x_wconf 87' lang='grc' dir='ltr'><strong><em>ἡμέρη</em></strong></span> <span class='ocrx_word' id='word_1_93' title='bbox 817 1354 883 1426; x_wconf 84' lang='grc' dir='ltr'><strong><em>ἀπὸ</em></strong></span> <span class='ocrx_word' id='word_1_94' title='bbox 896 1364 954 1445; x_wconf 80' lang='grc' dir='ltr'><strong><em>τῆς</em></strong></span> <span class='ocrx_word' id='word_1_95' title='bbox 965 1376 1053 1445; x_wconf 76' lang='grc' dir='ltr'><strong><em>συμ-</em></strong></span> 
     </span>
     <span class='ocr_line' id='line_1_13' title="bbox 36 1450 1053 1544; baseline 0.003 -23"><span class='ocrx_word' id='word_1_96' title='bbox 36 1459 147 1542; x_wconf 80' lang='grc' dir='ltr'><strong><em>βολῆς</em></strong></span> <span class='ocrx_word' id='word_1_97' title='bbox 161 1450 359 1542; x_wconf 85' lang='grc' dir='ltr'><strong><em>ἀπικόμενοι</em></strong></span> <span class='ocrx_word' id='word_1_98' title='bbox 370 1456 587 1539; x_wconf 81' lang='grc' dir='ltr'><strong><em>ἐπολιόρκεον</em></strong></span> <span class='ocrx_word' id='word_1_99' title='bbox 596 1461 776 1544; x_wconf 77' lang='grc' dir='ltr'><strong><em>Θηβαίους,</em></strong></span> <span class='ocrx_word' id='word_1_100' title='bbox 791 1455 986 1534; x_wconf 80' lang='grc' dir='ltr'><strong><em>κελεύοντες</em></strong></span> <span class='ocrx_word' id='word_1_101' title='bbox 996 1457 1053 1524; x_wconf 87' lang='grc' dir='ltr'><strong><em>έκ-</em></strong></span> 
     </span>
     <span class='ocr_line' id='line_1_14' title="bbox 38 1551 1053 1643; baseline 0.003 -23"><span class='ocrx_word' id='word_1_102' title='bbox 38 1553 178 1622; x_wconf 85' lang='grc' dir='ltr'><strong><em>διδόναι</em></strong></span> <span class='ocrx_word' id='word_1_103' title='bbox 197 1551 277 1634; x_wconf 82' lang='grc' dir='ltr'><strong><em>τοδς</em></strong></span> <span class='ocrx_word' id='word_1_104' title='bbox 296 1553 437 1643; x_wconf 84' lang='grc' dir='ltr'><strong><em>ἀνδρας·</em></strong></span> <span class='ocrx_word' id='word_1_105' title='bbox 468 1551 509 1622; x_wconf 85' lang='grc' dir='ltr'><strong><em>οό</em></strong></span> <span class='ocrx_word' id='word_1_106' title='bbox 524 1555 745 1642; x_wconf 91' lang='grc' dir='ltr'><strong><em>βουλομένων</em></strong></span> <span class='ocrx_word' id='word_1_107' title='bbox 759 1555 796 1623; x_wconf 72' lang='grc' dir='ltr'><strong><em>δέ</em></strong></span> <span class='ocrx_word' id='word_1_108' title='bbox 812 1561 881 1622; x_wconf 79' lang='grc' dir='ltr'><strong><em>τόν</em></strong></span> <span class='ocrx_word' id='word_1_109' title='bbox 894 1560 1053 1642; x_wconf 83' lang='grc' dir='ltr'><strong><em>Θηβαίων</em></strong></span> 
     </span>
     <span class='ocr_line' id='line_1_15' title="bbox 40 1649 1053 1743; baseline 0.002 -25"><span class='ocrx_word' id='word_1_110' title='bbox 40 1649 216 1720; x_wconf 85' lang='grc' dir='ltr'><strong><em>ἐκδιδόναι</em></strong></span> <span class='ocrx_word' id='word_1_111' title='bbox 236 1651 298 1739; x_wconf 81' lang='grc' dir='ltr'><strong><em>τήν</em></strong></span> <span class='ocrx_word' id='word_1_112' title='bbox 314 1679 349 1721; x_wconf 88' lang='grc' dir='ltr'><strong><em>τε</em></strong></span> <span class='ocrx_word' id='word_1_113' title='bbox 369 1660 433 1741; x_wconf 78' lang='grc' dir='ltr'><strong><em>γῆν</em></strong></span> <span class='ocrx_word' id='word_1_114' title='bbox 453 1649 566 1722; x_wconf 78' lang='grc' dir='ltr'><strong><em>αὐτόν</em></strong></span> <span class='ocrx_word' id='word_1_115' title='bbox 581 1659 728 1740; x_wconf 81' lang='grc' dir='ltr'><strong><em>ἔταμνον</em></strong></span> <span class='ocrx_word' id='word_1_116' title='bbox 746 1656 802 1722; x_wconf 80' lang='grc' dir='ltr'><strong><em>καὶ</em></strong></span> <span class='ocrx_word' id='word_1_117' title='bbox 822 1656 1053 1743; x_wconf 78' lang='grc' dir='ltr'><strong><em>προσέβαλλον</em></strong></span> 
     </span>
     <span class='ocr_line' id='line_1_16' title="bbox 40 1745 1100 1846; baseline 0.006 -30"><span class='ocrx_word' id='word_1_118' title='bbox 40 1746 129 1835; x_wconf 83' lang='grc' dir='ltr'><strong><em>πρὸς</em></strong></span> <span class='ocrx_word' id='word_1_119' title='bbox 144 1745 181 1816; x_wconf 86' lang='grc' dir='ltr'><strong><em>τό</em></strong></span> <span class='ocrx_word' id='word_1_120' title='bbox 196 1764 309 1837; x_wconf 88' lang='grc' dir='ltr'><strong><em>τεῖχος.</em></strong></span> <span class='ocrx_word' id='word_1_121' title='bbox 329 1753 396 1820; x_wconf 78' lang='grc' dir='ltr'><strong><em>Καὶ</em></strong></span> <span class='ocrx_word' id='word_1_122' title='bbox 406 1748 449 1820; x_wconf 85' lang='grc' dir='ltr'><strong><em>οό</em></strong></span> <span class='ocrx_word' id='word_1_123' title='bbox 460 1749 524 1841; x_wconf 83' lang='grc' dir='ltr'><strong><em>γάρ</em></strong></span> <span class='ocrx_word' id='word_1_124' title='bbox 539 1751 704 1822; x_wconf 87' lang='grc' dir='ltr'><strong><em>έιιαόοντο</em></strong></span> <span class='ocrx_word' id='word_1_125' title='bbox 717 1751 901 1846; x_wconf 81' lang='grc' dir='ltr'><strong><em>σινόμενοι,</em></strong></span> <span class='ocrx_word' id='word_1_126' title='bbox 920 1757 1051 1842; x_wconf 77' lang='grc' dir='ltr'><strong><em>εἰκοστῇ</em></strong></span> <span class='ocrx_word' id='word_1_127' title='bbox 1066 1765 1100 1822; x_wconf 75' lang='grc'><strong><em>87</em></strong></span> 
     </span>
     <span class='ocr_line' id='line_1_17' title="bbox 41 1850 1053 1942; baseline 0.003 -24"><span class='ocrx_word' id='word_1_128' title='bbox 41 1850 151 1939; x_wconf 86' lang='grc' dir='ltr'><strong><em>ἡμέρη</em></strong></span> <span class='ocrx_word' id='word_1_129' title='bbox 167 1855 255 1932; x_wconf 80' lang='grc' dir='ltr'><strong><em>ἔλεξε</em></strong></span> <span class='ocrx_word' id='word_1_130' title='bbox 268 1864 354 1922; x_wconf 88' lang='grc' dir='ltr'><strong><em>τοῖσι</em></strong></span> <span class='ocrx_word' id='word_1_131' title='bbox 370 1858 547 1942; x_wconf 80' lang='grc' dir='ltr'><strong><em>Θηβαίοισι</em></strong></span> <span class='ocrx_word' id='word_1_132' title='bbox 563 1858 784 1942; x_wconf 81' lang='grc' dir='ltr'><strong><em>Τιμηγενίδης</em></strong></span> <span class='ocrx_word' id='word_1_133' title='bbox 797 1851 894 1923; x_wconf 87' lang='grc' dir='ltr'><strong><em>τάδε·</em></strong></span> <span class='ocrx_word' id='word_1_134' title='bbox 912 1850 1053 1941; x_wconf 75' lang='grc' dir='ltr'><strong><em>’Ἄνδρες</em></strong></span> 
     </span>
     <span class='ocr_line' id='line_1_18' title="bbox 44 1948 1053 2041; baseline 0 -21"><span class='ocrx_word' id='word_1_135' title='bbox 44 1956 203 2038; x_wconf 80' lang='grc' dir='ltr'><strong><em>Θηβαῖοι,</em></strong></span> <span class='ocrx_word' id='word_1_136' title='bbox 219 1948 331 2040; x_wconf 86' lang='grc' dir='ltr'><strong><em>ἐπειδὴ</em></strong></span> <span class='ocrx_word' id='word_1_137' title='bbox 344 1949 432 2022; x_wconf 78' lang='grc' dir='ltr'><strong><em>οὕτω</em></strong></span> <span class='ocrx_word' id='word_1_138' title='bbox 447 1955 599 2023; x_wconf 90' lang='grc' dir='ltr'><strong><em>δέδοκται</em></strong></span> <span class='ocrx_word' id='word_1_139' title='bbox 615 1968 702 2023; x_wconf 85' lang='grc' dir='ltr'><strong><em>τοῖσι</em></strong></span> <span class='ocrx_word' id='word_1_140' title='bbox 709 1949 856 2041; x_wconf 82' lang='grc' dir='ltr'><strong><em>Ἕλλησι,</em></strong></span> <span class='ocrx_word' id='word_1_141' title='bbox 870 1951 915 2041; x_wconf 86' lang='grc' dir='ltr'><strong><em>μὴ</em></strong></span> <span class='ocrx_word' id='word_1_142' title='bbox 930 1950 1053 2039; x_wconf 86' lang='grc' dir='ltr'><strong><em>πρότε-</em></strong></span> 
     </span>
     <span class='ocr_line' id='line_1_19' title="bbox 46 2046 1053 2140; baseline 0.004 -25"><span class='ocrx_word' id='word_1_143' title='bbox 46 2074 110 2135; x_wconf 88' lang='grc' dir='ltr'><strong><em>ρον</em></strong></span> <span class='ocrx_word' id='word_1_144' title='bbox 119 2046 348 2137; x_wconf 80' lang='grc' dir='ltr'><strong><em>ἀπαναστῆναι</em></strong></span> <span class='ocrx_word' id='word_1_145' title='bbox 358 2047 912 2139; x_wconf 76' lang='grc' dir='ltr'><strong><em>πολιορκέονταςὴέξέλυσιθὴβας</em></strong></span> <span class='ocrx_word' id='word_1_146' title='bbox 921 2048 1053 2140; x_wconf 85' lang='grc' dir='ltr'><strong><em>ἡὴμέας</em></strong></span> 
     </span>
     <span class='ocr_line' id='line_1_20' title="bbox 47 2144 1053 2239; baseline 0.003 -26"><span class='ocrx_word' id='word_1_147' title='bbox 47 2144 177 2214; x_wconf 82' lang='grc' dir='ltr'><strong><em>αὐτοῖσι</em></strong></span> <span class='ocrx_word' id='word_1_148' title='bbox 191 2153 383 2237; x_wconf 77' lang='grc' dir='ltr'><strong><em>παραδῶτε,</em></strong></span> <span class='ocrx_word' id='word_1_149' title='bbox 398 2157 464 2219; x_wconf 83' lang='grc' dir='ltr'><strong><em>νῦν</em></strong></span> <span class='ocrx_word' id='word_1_150' title='bbox 482 2144 531 2219; x_wconf 80' lang='grc' dir='ltr'><strong><em>ἀν</em></strong></span> <span class='ocrx_word' id='word_1_151' title='bbox 544 2147 658 2239; x_wconf 81' lang='grc' dir='ltr'><strong><em>ἡμέων</em></strong></span> <span class='ocrx_word' id='word_1_152' title='bbox 673 2153 802 2219; x_wconf 77' lang='grc' dir='ltr'><strong><em>εἵνεκεν</em></strong></span> <span class='ocrx_word' id='word_1_153' title='bbox 815 2156 858 2237; x_wconf 82' lang='grc' dir='ltr'><strong><em>γὴ</em></strong></span> <span class='ocrx_word' id='word_1_154' title='bbox 874 2146 895 2236; x_wconf 94' lang='grc' dir='ltr'><strong><em>ἡ</em></strong></span> <span class='ocrx_word' id='word_1_155' title='bbox 910 2154 1053 2235; x_wconf 87' lang='grc' dir='ltr'><strong><em>Βοιωτίη</em></strong></span> 
     </span>
     <span class='ocr_line' id='line_1_21' title="bbox 34 2242 1054 2339; baseline 0.004 -26"><span class='ocrx_word' id='word_1_156' title='bbox 34 2243 137 2314; x_wconf 72' lang='grc' dir='ltr'><strong><em>’πλέω</em></strong></span> <span class='ocrx_word' id='word_1_157' title='bbox 156 2242 200 2332; x_wconf 88' lang='grc' dir='ltr'><strong><em>μὴ</em></strong></span> <span class='ocrx_word' id='word_1_158' title='bbox 222 2244 416 2339; x_wconf 78' lang='grc' dir='ltr'><strong><em>ἀναπλήσῃ,</em></strong></span> <span class='ocrx_word' id='word_1_159' title='bbox 441 2247 516 2320; x_wconf 90' lang='grc' dir='ltr'><strong><em>ἀλλ’</em></strong></span> <span class='ocrx_word' id='word_1_160' title='bbox 539 2255 570 2319; x_wconf 88' lang='grc' dir='ltr'><strong><em>εί</em></strong></span> <span class='ocrx_word' id='word_1_161' title='bbox 589 2248 653 2336; x_wconf 72' lang='grc' dir='ltr'><strong><em>μέν</em></strong></span> <span class='ocrx_word' id='word_1_162' title='bbox 671 2248 851 2338; x_wconf 79' lang='grc' dir='ltr'><strong><em>χρημάτων</em></strong></span> <span class='ocrx_word' id='word_1_163' title='bbox 867 2254 1054 2337; x_wconf 68' lang='grc' dir='ltr'><strong><em>χρηίζοντες</em></strong></span> 
     </span>
     <span class='ocr_line' id='line_1_22' title="bbox 48 2342 1054 2436; baseline 0.004 -27"><span class='ocrx_word' id='word_1_164' title='bbox 48 2342 221 2432; x_wconf 80' lang='grc' dir='ltr'><strong><em>πρόσχημα</em></strong></span> <span class='ocrx_word' id='word_1_165' title='bbox 233 2343 336 2432; x_wconf 82' lang='grc' dir='ltr'><strong><em>ἡμέας</em></strong></span> <span class='ocrx_word' id='word_1_166' title='bbox 351 2351 567 2435; x_wconf 85' lang='grc' dir='ltr'><strong><em>ἐξαιτέονται,</em></strong></span> <span class='ocrx_word' id='word_1_167' title='bbox 582 2347 734 2436; x_wconf 86' lang='grc' dir='ltr'><strong><em>χρὴματό</em></strong></span> <span class='ocrx_word' id='word_1_168' title='bbox 746 2367 808 2434; x_wconf 85' lang='grc' dir='ltr'><strong><em>σφι</em></strong></span> <span class='ocrx_word' id='word_1_169' title='bbox 819 2352 931 2432; x_wconf 77' lang='grc' dir='ltr'><strong><em>δῶμεν</em></strong></span> <span class='ocrx_word' id='word_1_170' title='bbox 944 2348 982 2414; x_wconf 91' lang='grc' dir='ltr'><strong><em>ἐκ</em></strong></span> <span class='ocrx_word' id='word_1_171' title='bbox 991 2352 1054 2413; x_wconf 85' lang='grc' dir='ltr'><strong><em>τοῦ</em></strong></span> 
     </span>
     <span class='ocr_line' id='line_1_23' title="bbox 50 2442 1055 2537; baseline 0 -28"><span class='ocrx_word' id='word_1_172' title='bbox 50 2449 166 2509; x_wconf 88' lang='grc' dir='ltr'><strong><em>κοινοῦ</em></strong></span> <span class='ocrx_word' id='word_1_173' title='bbox 185 2442 262 2511; x_wconf 78' lang='grc' dir='ltr'><strong><em>’σὺν</em></strong></span> <span class='ocrx_word' id='word_1_174' title='bbox 273 2444 339 2532; x_wconf 81' lang='grc' dir='ltr'><strong><em>γὰρ</em></strong></span> <span class='ocrx_word' id='word_1_175' title='bbox 354 2454 400 2537; x_wconf 77' lang='grc' dir='ltr'><strong><em>τῷ</em></strong></span> <span class='ocrx_word' id='word_1_176' title='bbox 414 2452 519 2535; x_wconf 76' lang='grc' dir='ltr'><strong><em>κοινῷ</em></strong></span> <span class='ocrx_word' id='word_1_177' title='bbox 534 2450 591 2514; x_wconf 82' lang='grc' dir='ltr'><strong><em>καῖ</em></strong></span> <span class='ocrx_word' id='word_1_178' title='bbox 604 2450 823 2533; x_wconf 87' lang='grc' dir='ltr'><strong><em>ἐμηδίσαμεν,</em></strong></span> <span class='ocrx_word' id='word_1_179' title='bbox 839 2442 918 2514; x_wconf 75' lang='grc' dir='ltr'><strong><em>οὐδὲ</em></strong></span> <span class='ocrx_word' id='word_1_180' title='bbox 931 2449 1055 2531; x_wconf 91' lang='grc' dir='ltr'><strong><em>μοῦνοι</em></strong></span> 
     </span>
     <span class='ocr_line' id='line_1_24' title="bbox 50 2538 1054 2630; baseline 0 -22"><span class='ocrx_word' id='word_1_181' title='bbox 50 2538 171 2627; x_wconf 87' lang='grc' dir='ltr'><strong><em>ἡμεῖς’,</em></strong></span> <span class='ocrx_word' id='word_1_182' title='bbox 204 2546 234 2609; x_wconf 91' lang='grc' dir='ltr'><strong><em>εί</em></strong></span> <span class='ocrx_word' id='word_1_183' title='bbox 252 2543 289 2609; x_wconf 72' lang='grc' dir='ltr'><strong><em>δὲ</em></strong></span> <span class='ocrx_word' id='word_1_184' title='bbox 310 2540 424 2629; x_wconf 83' lang='grc' dir='ltr'><strong><em>ἡμέων</em></strong></span> <span class='ocrx_word' id='word_1_185' title='bbox 451 2540 604 2629; x_wconf 76' lang='grc' dir='ltr'><strong><em>ἀληθέως</em></strong></span> <span class='ocrx_word' id='word_1_186' title='bbox 632 2542 788 2628; x_wconf 86' lang='grc' dir='ltr'><strong><em>δεόμενοι</em></strong></span> <span class='ocrx_word' id='word_1_187' title='bbox 807 2542 1054 2630; x_wconf 84' lang='grc' dir='ltr'><strong><em>πολιορκέουσι,</em></strong></span> 
     </span>
     <span class='ocr_line' id='line_1_25' title="bbox 52 2634 1056 2728; baseline 0 -23"><span class='ocrx_word' id='word_1_188' title='bbox 52 2637 142 2726; x_wconf 88' lang='grc' dir='ltr'><strong><em>ἡμεῖς</em></strong></span> <span class='ocrx_word' id='word_1_189' title='bbox 154 2634 255 2725; x_wconf 90' lang='grc' dir='ltr'><strong><em>ἡμέας</em></strong></span> <span class='ocrx_word' id='word_1_190' title='bbox 269 2638 394 2721; x_wconf 73' lang='grc' dir='ltr'><strong><em>αὐτοὺς</em></strong></span> <span class='ocrx_word' id='word_1_191' title='bbox 407 2643 440 2720; x_wconf 88' lang='grc' dir='ltr'><strong><em>ές</em></strong></span> <span class='ocrx_word' id='word_1_192' title='bbox 457 2638 651 2727; x_wconf 88' lang='grc' dir='ltr'><strong><em>ἀντιλογίην</em></strong></span> <span class='ocrx_word' id='word_1_193' title='bbox 665 2641 860 2728; x_wconf 79' lang='grc' dir='ltr'><strong><em>παρέξομεν.</em></strong></span> <span class='ocrx_word' id='word_1_194' title='bbox 889 2639 1007 2728; x_wconf 86' lang='grc' dir='ltr'><strong><em>Κόρτα</em></strong></span> <span class='ocrx_word' id='word_1_195' title='bbox 1020 2663 1056 2705; x_wconf 88' lang='grc' dir='ltr'><strong><em>τε</em></strong></span> 
     </span>
     <span class='ocr_line' id='line_1_26' title="bbox 55 2731 1055 2828; baseline -0.005 -19"><span class='ocrx_word' id='word_1_196' title='bbox 55 2742 142 2819; x_wconf 78' lang='grc' dir='ltr'><strong><em>ἔδοξε</em></strong></span> <span class='ocrx_word' id='word_1_197' title='bbox 155 2731 194 2807; x_wconf 81' lang='grc' dir='ltr'><strong><em>εὖ</em></strong></span> <span class='ocrx_word' id='word_1_198' title='bbox 205 2740 315 2828; x_wconf 89' lang='grc' dir='ltr'><strong><em>λέγειν</em></strong></span> <span class='ocrx_word' id='word_1_199' title='bbox 325 2742 381 2809; x_wconf 84' lang='grc' dir='ltr'><strong><em>καῖ</em></strong></span> <span class='ocrx_word' id='word_1_200' title='bbox 395 2743 428 2820; x_wconf 90' lang='grc' dir='ltr'><strong><em>ές</em></strong></span> <span class='ocrx_word' id='word_1_201' title='bbox 443 2740 574 2828; x_wconf 88' lang='grc' dir='ltr'><strong><em>καιρόν,</em></strong></span> <span class='ocrx_word' id='word_1_202' title='bbox 591 2736 712 2808; x_wconf 81' lang='grc' dir='ltr'><strong><em>αὐτίκα</em></strong></span> <span class='ocrx_word' id='word_1_203' title='bbox 721 2763 758 2806; x_wconf 88' lang='grc' dir='ltr'><strong><em>τε</em></strong></span> <span class='ocrx_word' id='word_1_204' title='bbox 768 2737 1055 2827; x_wconf 80' lang='grc' dir='ltr'><strong><em>ἐπεκηρυκεύοντο</em></strong></span> 
     </span>
     <span class='ocr_line' id='line_1_27' title="bbox 54 2833 1055 2930; baseline -0.006 -19"><span class='ocrx_word' id='word_1_205' title='bbox 54 2838 135 2930; x_wconf 86' lang='grc' dir='ltr'><strong><em>πρός</em></strong></span> <span class='ocrx_word' id='word_1_206' title='bbox 149 2846 347 2929; x_wconf 82' lang='grc' dir='ltr'><strong><em>Παυσανίην</em></strong></span> <span class='ocrx_word' id='word_1_207' title='bbox 370 2846 404 2911; x_wconf 93' lang='grc' dir='ltr'><strong><em>οί</em></strong></span> <span class='ocrx_word' id='word_1_208' title='bbox 422 2848 564 2929; x_wconf 77' lang='grc' dir='ltr'><strong><em>Θηβαῖοι</em></strong></span> <span class='ocrx_word' id='word_1_209' title='bbox 585 2841 760 2919; x_wconf 86' lang='grc' dir='ltr'><strong><em>ἐθέλοντες</em></strong></span> <span class='ocrx_word' id='word_1_210' title='bbox 782 2838 954 2908; x_wconf 88' lang='grc' dir='ltr'><strong><em>ἐκδιδόναι</em></strong></span> <span class='ocrx_word' id='word_1_211' title='bbox 975 2833 1055 2916; x_wconf 85' lang='grc' dir='ltr'><strong><em>τοδς</em></strong></span> 
     </span>
     <span class='ocr_line' id='line_1_28' title="bbox 55 2936 1104 3028; baseline -0.002 -19"><span class='ocrx_word' id='word_1_212' title='bbox 55 2940 181 3028; x_wconf 86' lang='grc' dir='ltr'><strong><em>ἀνδρας.</em></strong></span> <span class='ocrx_word' id='word_1_213' title='bbox 199 2939 258 3021; x_wconf 81' lang='grc' dir='ltr'><strong><em>Ὡς</em></strong></span> <span class='ocrx_word' id='word_1_214' title='bbox 275 2940 311 3009; x_wconf 78' lang='grc' dir='ltr'><strong><em>δδ</em></strong></span> <span class='ocrx_word' id='word_1_215' title='bbox 324 2937 544 3028; x_wconf 78' lang='grc' dir='ltr'><strong><em>ὡμολόγησαν</em></strong></span> <span class='ocrx_word' id='word_1_216' title='bbox 555 2941 608 3008; x_wconf 78' lang='grc' dir='ltr'><strong><em>ἐπὶ</em></strong></span> <span class='ocrx_word' id='word_1_217' title='bbox 618 2938 778 3026; x_wconf 88' lang='grc' dir='ltr'><strong><em>τοότοισι,</em></strong></span> <span class='ocrx_word' id='word_1_218' title='bbox 792 2936 981 3024; x_wconf 75' lang='grc' dir='ltr'><strong><em>Ἀτταγῖνος</em></strong></span> <span class='ocrx_word' id='word_1_219' title='bbox 991 2938 1054 3023; x_wconf 76' lang='grc' dir='ltr'><strong><em>μὲν</em></strong></span> <span class='ocrx_word' id='word_1_220' title='bbox 1068 2951 1104 3007; x_wconf 86' lang='grc'><strong><em>88</em></strong></span> 
     </span>
     <span class='ocr_line' id='line_1_29' title="bbox 58 3035 1099 3127; baseline -0.004 -19"><span class='ocrx_word' id='word_1_221' title='bbox 58 3038 255 3127; x_wconf 78' lang='grc' dir='ltr'><strong><em>ἐκδιδρήσκει</em></strong></span> <span class='ocrx_word' id='word_1_222' title='bbox 270 3042 306 3109; x_wconf 91' lang='grc' dir='ltr'><strong><em>έκ</em></strong></span> <span class='ocrx_word' id='word_1_223' title='bbox 316 3044 378 3108; x_wconf 82' lang='grc' dir='ltr'><strong><em>τοῦ</em></strong></span> <span class='ocrx_word' id='word_1_224' title='bbox 389 3037 517 3127; x_wconf 84' lang='grc' dir='ltr'><strong><em>ἀστεος,</em></strong></span> <span class='ocrx_word' id='word_1_225' title='bbox 534 3043 655 3119; x_wconf 88' lang='grc' dir='ltr'><strong><em>παῖδας</em></strong></span> <span class='ocrx_word' id='word_1_226' title='bbox 671 3039 707 3108; x_wconf 69' lang='grc' dir='ltr'><strong><em>δέ</em></strong></span> <span class='ocrx_word' id='word_1_227' title='bbox 722 3036 829 3107; x_wconf 79' lang='grc' dir='ltr'><strong><em>αὐτοῦ</em></strong></span> <span class='ocrx_word' id='word_1_228' title='bbox 843 3035 1056 3125; x_wconf 71' lang='grc' dir='ltr'><strong><em>ἀπαχθέντας</em></strong></span> <span class='ocrx_word' id='word_1_229' title='bbox 1096 3111 1099 3116; x_wconf 20' lang='lat'><strong>⁴</strong></span> 
     </span>
     <span class='ocr_line' id='line_1_30' title="bbox 58 3135 1057 3226; baseline -0.002 -20"><span class='ocrx_word' id='word_1_230' title='bbox 58 3144 241 3225; x_wconf 88' lang='grc' dir='ltr'><strong><em>Παυσανίης</em></strong></span> <span class='ocrx_word' id='word_1_231' title='bbox 255 3135 401 3208; x_wconf 86' lang='grc' dir='ltr'><strong><em>ἀπέλυσε</em></strong></span> <span class='ocrx_word' id='word_1_232' title='bbox 414 3144 472 3226; x_wconf 81' lang='grc' dir='ltr'><strong><em>τῆς</em></strong></span> <span class='ocrx_word' id='word_1_233' title='bbox 484 3142 606 3226; x_wconf 90' lang='grc' dir='ltr'><strong><em>αίτίης,</em></strong></span> <span class='ocrx_word' id='word_1_234' title='bbox 631 3136 698 3225; x_wconf 82' lang='grc' dir='ltr'><strong><em>φὰς</em></strong></span> <span class='ocrx_word' id='word_1_235' title='bbox 711 3144 773 3207; x_wconf 83' lang='grc' dir='ltr'><strong><em>τοῦ</em></strong></span> <span class='ocrx_word' id='word_1_236' title='bbox 789 3140 959 3225; x_wconf 81' lang='grc' dir='ltr'><strong><em>μηδισμοῦ</em></strong></span> <span class='ocrx_word' id='word_1_237' title='bbox 977 3149 1057 3204; x_wconf 82' lang='grc' dir='ltr'><strong><em>παῖ-</em></strong></span> 
     </span>
     <span class='ocr_line' id='line_1_31' title="bbox 61 3232 1057 3326; baseline -0.005 -19"><span class='ocrx_word' id='word_1_238' title='bbox 61 3244 115 3317; x_wconf 89' lang='grc' dir='ltr'><strong><em>δας</em></strong></span> <span class='ocrx_word' id='word_1_239' title='bbox 128 3235 223 3306; x_wconf 76' lang='grc' dir='ltr'><strong><em>οὐδέν</em></strong></span> <span class='ocrx_word' id='word_1_240' title='bbox 237 3236 321 3308; x_wconf 80' lang='grc' dir='ltr'><strong><em>εἶναι</em></strong></span> <span class='ocrx_word' id='word_1_241' title='bbox 336 3236 532 3326; x_wconf 80' lang='grc' dir='ltr'><strong><em>μεταιτίους.</em></strong></span> <span class='ocrx_word' id='word_1_242' title='bbox 555 3236 635 3317; x_wconf 80' lang='grc' dir='ltr'><strong><em>τούς</em></strong></span> <span class='ocrx_word' id='word_1_243' title='bbox 650 3237 687 3307; x_wconf 74' lang='grc' dir='ltr'><strong><em>δέ</em></strong></span> <span class='ocrx_word' id='word_1_244' title='bbox 698 3236 822 3317; x_wconf 84' lang='grc' dir='ltr'><strong><em>ἀλλους</em></strong></span> <span class='ocrx_word' id='word_1_245' title='bbox 833 3235 962 3325; x_wconf 81' lang='grc' dir='ltr'><strong><em>ἀνδρας</em></strong></span> <span class='ocrx_word' id='word_1_246' title='bbox 976 3232 1057 3314; x_wconf 82' lang='grc' dir='ltr'><strong><em>τοδς</em></strong></span> 
     </span>
     <span class='ocr_line' id='line_1_32' title="bbox 61 3333 1056 3427; baseline -0.002 -21"><span class='ocrx_word' id='word_1_247' title='bbox 61 3338 204 3419; x_wconf 83' lang='grc' dir='ltr'><strong><em>ἐξέδοσαν</em></strong></span> <span class='ocrx_word' id='word_1_248' title='bbox 215 3340 250 3406; x_wconf 92' lang='grc' dir='ltr'><strong><em>οί</em></strong></span> <span class='ocrx_word' id='word_1_249' title='bbox 257 3346 409 3427; x_wconf 76' lang='grc' dir='ltr'><strong><em>Θηβαῖοι,</em></strong></span> <span class='ocrx_word' id='word_1_250' title='bbox 423 3341 459 3408; x_wconf 88' lang='grc' dir='ltr'><strong><em>οί</em></strong></span> <span class='ocrx_word' id='word_1_251' title='bbox 470 3338 532 3425; x_wconf 76' lang='grc' dir='ltr'><strong><em>μέν</em></strong></span> <span class='ocrx_word' id='word_1_252' title='bbox 546 3335 685 3407; x_wconf 83' lang='grc' dir='ltr'><strong><em>ἐδόκεον</em></strong></span> <span class='ocrx_word' id='word_1_253' title='bbox 698 3334 888 3424; x_wconf 86' lang='grc' dir='ltr'><strong><em>ἀντιλογίης</em></strong></span> <span class='ocrx_word' id='word_1_254' title='bbox 902 3362 938 3403; x_wconf 88' lang='grc' dir='ltr'><strong><em>τε</em></strong></span> <span class='ocrx_word' id='word_1_255' title='bbox 948 3333 1056 3425; x_wconf 83' lang='grc' dir='ltr'><strong><em>κυρὴ·</em></strong></span> 
     </span>
     <span class='ocr_line' id='line_1_33' title="bbox 62 3431 1057 3525; baseline -0.005 -19"><span class='ocrx_word' id='word_1_256' title='bbox 62 3459 127 3506; x_wconf 89' lang='grc' dir='ltr'><strong><em>σειν</em></strong></span> <span class='ocrx_word' id='word_1_257' title='bbox 141 3438 193 3507; x_wconf 84' lang='grc' dir='ltr'><strong><em>καὶ</em></strong></span> <span class='ocrx_word' id='word_1_258' title='bbox 211 3433 254 3525; x_wconf 81' lang='grc' dir='ltr'><strong><em>δὴ</em></strong></span> <span class='ocrx_word' id='word_1_259' title='bbox 271 3436 415 3525; x_wconf 86' lang='grc' dir='ltr'><strong><em>χρήμασι</em></strong></span> <span class='ocrx_word' id='word_1_260' title='bbox 430 3439 657 3506; x_wconf 79' lang='grc' dir='ltr'><strong><em>ἐπεποίθεσαν</em></strong></span> <span class='ocrx_word' id='word_1_261' title='bbox 672 3436 897 3505; x_wconf 87' lang='grc' dir='ltr'><strong><em>διωθέεσθαι·</em></strong></span> <span class='ocrx_word' id='word_1_262' title='bbox 923 3431 941 3504; x_wconf 85' lang='grc' dir='ltr'><strong><em>δ</em></strong></span> <span class='ocrx_word' id='word_1_263' title='bbox 958 3433 995 3503; x_wconf 72' lang='grc' dir='ltr'><strong><em>δὲ</em></strong></span> <span class='ocrx_word' id='word_1_264' title='bbox 1013 3431 1057 3513; x_wconf 79' lang='grc' dir='ltr'><strong><em>ὡς</em></strong></span> 
     </span>
    </p>
   </div>
   <div class='ocr_carea' id='block_1_3' title="bbox 0 0 1283 3925">
    <p class='ocr_par' dir='ltr' id='par_1_3' title="bbox 0 0 1283 3925">
     <span class='ocr_line' id='line_1_34' title="bbox 0 0 1283 3925; baseline 0 0"><span class='ocrx_word' id='word_1_265' title='bbox 0 0 1283 3925; x_wconf 95' lang='lat' dir='ltr'><strong><em> </em></strong></span> 
     </span>
    </p>
   </div>
  </div>
 </body>
</html>
