2500 3925
375 243 833 308 Llss.11.cAP.36-³9.
1049 241 1110 308 1³5

98 403 173 472 οὕτε
193 406 438 491 δαπανέονται,
460 398 545 472 άίίά
560 405 616 472 καί
639 408 727 472 σιτία
745 409 809 490 σφί
827 405 896 471 ἐστι
910 402 967 490 ἱρά
984 404 1109 473 πεσσύα

98 532 196 593 μενα,
219 508 276 575 καί
299 512 410 590 κρεῶν
423 506 533 592 βοέων
548 507 606 572 καὶ
630 508 761 592 χηνέων
781 505 913 592 πλῆθός
933 533 965 574 τι
981 505 1107 596 έκάστφ

95 614 222 695 γίνεται
246 604 375 676 πολλὰν
390 607 530 692 ἑκάστης
544 603 685 693 ἡμέρης,
705 610 833 676 δίδοται
849 609 890 674 δέ
904 626 965 693 σφι
981 609 1038 676 καὶ
1058 605 1110 674 οἶ-

96 733 154 787 νος
165 703 357 793 ἀμπέλινος.
380 704 513 792 ίχθύων
523 706 560 773 δὲ
570 703 614 772 οὔ
624 723 686 791 σφι
698 709 802 786 ἔξεστι
815 706 1000 774 πάσασθαι.
1022 705 1109 773 κυά-

93 831 181 891 μους
195 805 232 874 δὲ
252 805 331 872 οὕτε
351 832 384 873 τι
396 804 488 890 μάλα
501 810 677 887 σπείρουσι
692 804 872 890 Αἰγύπτιοι
894 807 931 873 έν
952 811 992 894 τῇ
1006 802 1108 890 χάρη,

93 904 176 982 τούς
187 929 224 972 τε
238 906 444 990 γευομένους
454 900 533 970 οὔτε
543 902 713 988 τρώγουσι
725 899 802 972 οὔτε
814 903 952 986 ἕψοντες
966 902 1110 970 πατέον-

93 1028 165 1070 ται·
190 1007 226 1071 οί
239 1003 277 1071 δέ
294 1000 335 1089 δή
350 1004 437 1089 ίρέες
450 997 531 1070 ούδέ
548 999 702 1088 ὁρέοντες
719 997 904 1088 ἀνέχονται,
919 1005 1109 1088 νομίζοντες

93 1098 137 1168 ού
151 1101 313 1188 καθαράν
328 1127 389 1187 μιν
405 1098 491 1168 εἶναι
506 1097 658 1187 ὄσπριον.
693 1103 803 1186 ἱρᾶται
828 1101 865 1168 δὲ
890 1096 952 1167 οὐκ
968 1095 1015 1178 είς
1030 1096 1106 1167 ἑκά·

91 1223 178 1271 στου
192 1209 262 1270 τῶν
276 1210 387 1289 θεῶν,
409 1199 494 1272 ἄλλά
508 1206 645 1287 πολλοὶ,
667 1209 735 1270 τάν
767 1194 816 1280 είς
840 1199 909 1268 ἐστὶ
933 1192 1105 1288 άρχιρεάς·

91 1297 200 1368 ἐπεὰν
222 1302 262 1366 δέ
278 1325 328 1379 τις
348 1297 526 1390 άποθάνη,
546 1299 671 1369 τούτου
692 1297 710 1368 ὁ
733 1314 810 1380 παῖς
831 1297 1105 1371 ἀντικατίσταται.

96 1397 188 1478 Τοδς
202 1400 239 1466 δέ
253 1405 336 1485 βοῦς
345 1396 426 1479 τοὺς
437 1405 575 1487 ἔρσενας
589 1406 651 1466 τοῦ
662 1396 813 1486 Ἐπάφου
828 1397 913 1468 εἶναι
924 1404 1106 1486 νομίζουσι,
1122 1421 1157 1476 38

92 1501 147 1567 καὶ
171 1497 298 1567 τούτου
322 1502 451 1568 εἵνεκεν
470 1498 687 1585 δοκιμάζουσι
709 1495 833 1578 αὐτούς
851 1489 933 1567 άδε·
955 1503 1048 1586 τρίχα
1065 1493 1109 1586 ήυ

91 1599 149 1666 καί
166 1603 251 1683 μίαν
267 1601 377 1685 ἴδηται
397 1601 565 1667 ἐπεοῦσαν
581 1597 760 1685 μέλαιναν,
782 1595 824 1665 ού
845 1595 1002 1681 καθαρὸν
1023 1595 1108 1666 εἶναι

93 1702 233 1784 νομίζει,
255 1701 381 1785 δίζηται
395 1697 431 1767 δὲ
445 1705 551 1766 ταῦτα
565 1700 618 1766 ἐπὶ
633 1699 741 1790 τούτῳ
758 1699 957 1786 τεταγμένος
973 1703 1043 1766 τῶν
1059 1724 1109 1778 τις

93 1800 196 1883 ἱρέων
213 1797 271 1864 καὶ
292 1794 404 1881 ὀρθοῦ
418 1801 575 1877 ἑστεῶτος
589 1803 651 1865 τοῦ
666 1798 804 1884 κτήνεος
821 1802 877 1866 καὶ
890 1795 1030 1882 ὑπτίου,
1053 1796 1109 1864 καὶ

92 1896 157 1986 τήν
177 1903 337 1985 γλῶσσαν
360 1897 549 1983 ἐξειρύσας,
582 1903 612 1965 εί
636 1893 769 1983 καθαρὴ
785 1903 854 1964 τάν
878 1896 1109 1982 προκειμένων

94 2004 261 2085 σημηίων,
276 1993 318 2063 τά
329 1992 396 2082 έγοδ,
410 1998 448 2063 ἐν
458 1994 551 2088 άλλφ
565 1998 655 2088 λόγῳ
672 1999 762 2083 ἐρέω.
786 2002 912 2086 κατορᾷ
928 1995 965 2063 δὲ
980 1990 1109 2073 καὶτὰς

96 2104 207 2184 τρίχας
220 2102 280 2181 τής
297 2091 417 2182 ούρής,
441 2100 471 2162 εί
486 2092 570 2163 κατά
587 2096 694 2182 φύσιν
709 2100 775 2182 ἔχει
791 2099 989 2181 πεφυκυίας.
1013 2089 1057 2182 ήν
1072 2094 1108 2161 δὲ

95 2196 227 2264 τούτων
249 2194 387 2262 πάντων
400 2186 424 2280 ή
444 2192 613 2281 καθαρὰς,
633 2201 831 2281 ,σημαίνεται
844 2193 961 2285 βάβλφ
976 2194 1052 2277 περί
1067 2188 1107 2259 τά

93 2296 194 2379 κέρεα
211 2297 385 2379 είλίσσων,
409 2293 465 2360 καί
482 2297 612 2361 ἔπειτεν
625 2300 691 2380 γήν
701 2296 907 2380 σημαντρίδα
925 2290 1108 2369 ἐπιπλάσας

92 2394 274 2482 ἐπιβάλλει.
283 2388 346 2459 τὸν
360 2391 557 2459 δακτύλιον·
581 2395 637 2461 καὶ
652 2391 741 2460 οὕτω
758 2388 936 2477 άπάγονσι.
956 2386 1108 2477 άσήμαν-

92 2517 153 2558 τον
171 2489 209 2559 δέ
225 2489 376 2557 θύσαντι
392 2489 543 2567 θάνατος
556 2484 578 2574 ἡ
592 2491 687 2573 ζημίη
703 2487 874 2555 ἐπικέεται.
899 2489 1108 2573 δοκιμάζεται

94 2593 155 2674 μέν
178 2614 247 2656 νυν
267 2585 306 2655 τὸ
327 2595 448 2675 κτῆνος
469 2588 584 2678 τρέπφ
607 2588 742 2675 τοιῷδε,
776 2591 879 2671 θυσίη
903 2589 945 2667 δέ
963 2606 1024 2674 σφι
1047 2584 1108 2674 ήδε

94 2690 292 2773 κατέστηκε·
310 2684 492 2774 ἀγαγόντες
503 2682 542 2753 τδ
553 2686 807 2771 σεσημασμένον
819 2692 939 2771 κτῆνος
948 2682 1032 2773 πρὸς
1043 2682 1103 2752 τὸν
1120 2697 1155 2754 39

97 2784 223 2874 βωμὸν,
239 2784 325 2853 ὅκου
339 2780 384 2853 άν
397 2787 521 2871 θύωσι,
539 2791 608 2870 πῦρ
624 2780 836 2878 άναηαίουσι,
857 2788 986 2853 ἔπειτεν
1000 2786 1036 2853 δέ
1052 2783 1104 2853 ἐπ’

98 2882 201 2953 αὐτοῦ
218 2881 316 2951 οίνυυ
337 2882 420 2952 κατά
445 2890 506 2950 τοῦ
521 2887 634 2969 ἱρηίου
656 2883 903 2962 ἐπισπείσαντες
918 2886 974 2951 καὶ
990 2885 1107 2951 έπιιια-

101 2986 252 3062 λέσαντες
261 2982 323 3051 τὸν
334 2980 421 3051 θεδν
431 2983 607 3068 σφάζουσι,
623 2982 809 3066 σφάξαντες
824 2980 860 3047 δὲ
875 2978 1107 3069 ἀποτάμνουσι

99 3080 157 3169 τήν
172 3082 335 3169 κεφαλήν.
370 3089 465 3168 σῶμα
479 3073 544 3167 Ιμὲν
561 3078 601 3166 δή
623 3087 684 3147 τοῦ
706 3079 844 3167 κτήνεος
862 3084 1021 3168 δείρουσι,
1050 3106 1107 3149 κε-

98 3190 186 3271 φαλή
199 3186 237 3252 δέ
248 3186 359 3272 ἐκείνη
371 3184 479 3251 πολλὰ
488 3181 756 3269 καταρησάμενοι
773 3182 930 3266 φέρουσι,
945 3193 1030 3249 τοίσι
1044 3182 1107 3267 μὲν

97 3276 143 3347 ἂν
164 3276 186 3369 ᾖ
205 3276 313 3367 άγορή
332 3283 388 3349 καὶ
403 3280 561 3370 Ἕλληνές
581 3300 643 3368 σφι
667 3286 746 3349 ἔωσι
767 3278 935 3367 ἐπιδήμιοι
956 3286 1106 3374 ἔμποροι,

97 3386 137 3451 οἱ
146 3383 205 3468 μὲν
219 3383 380 3469 φέροντες
394 3386 427 3462 ’ές
443 3381 507 3470 τήν
524 3380 655 3471 άγορήν
671 3380 731 3450 ἀπ’
749 3374 798 3450 οἶν
816 3384 950 3467 ἔδοντο,
970 3396 1056 3453 τοῖσι
1070 3385 1106 3454 δὲ

97 3474 147 3547 ἂν
158 3478 199 3567 μή
214 3479 545 3570 παρέωσιἝλίηνες,
564 3486 598 3550 οἷ
613 3479 645 3548 δ’
666 3479 866 3567 ἐκβάλλουσι
882 3479 915 3556 ές
928 3476 989 3547 τὸν
1003 3504 1107 3549 ποτα-
