<?xml version="1.0" encoding="UTF-8"?>
<!DOCTYPE html PUBLIC "-//W3C//DTD XHTML 1.0 Transitional//EN"
    "http://www.w3.org/TR/xhtml1/DTD/xhtml1-transitional.dtd">
<html xmlns="http://www.w3.org/1999/xhtml" xml:lang="en" lang="en">
 <head>
  <title>
</title>
<meta http-equiv="Content-Type" content="text/html;charset=utf-8" />
  <meta name='ocr-system' content='tesseract 3.04.00' />
  <meta name='ocr-capabilities' content='ocr_page ocr_carea ocr_par ocr_line ocrx_word'/>
</head>
<body>
  <div class='ocr_page' id='page_1' title='image "./herodotihistori00dietgoog_0125.png"; bbox 0 0 2500 3925; ppageno 0'>
   <div class='ocr_carea' id='block_1_1' title="bbox 383 246 1115 312">
    <p class='ocr_par' dir='ltr' id='par_1_1' title="bbox 383 246 1115 312">
     <span class='ocr_line' id='line_1_1' title="bbox 383 246 1115 312; baseline 0.012 -11"><span class='ocrx_word' id='word_1_1' title='bbox 383 246 468 302; x_wconf 85' lang='lat' dir='ltr'>LIB.</span> <span class='ocrx_word' id='word_1_2' title='bbox 496 247 529 303; x_wconf 85' lang='lat'><strong><em>11.</em></strong></span> <span class='ocrx_word' id='word_1_3' title='bbox 563 247 663 306; x_wconf 65' lang='lat' dir='ltr'><strong><em>cn.</em></strong></span> <span class='ocrx_word' id='word_1_4' title='bbox 696 253 818 310; x_wconf 78' lang='lat'><strong>6-10.</strong></span> <span class='ocrx_word' id='word_1_5' title='bbox 1055 247 1115 312; x_wconf 72' lang='lat'><strong><em>119</em></strong></span> 
     </span>
    </p>
   </div>
   <div class='ocr_carea' id='block_1_2' title="bbox 7 398 1229 3582">
    <p class='ocr_par' dir='ltr' id='par_1_2' title="bbox 101 398 1134 1586">
     <span class='ocr_line' id='line_1_2' title="bbox 114 398 1116 496; baseline 0.005 -22"><span class='ocrx_word' id='word_1_6' title='bbox 114 414 205 475; x_wconf 83' lang='grc' dir='ltr'><strong><em>τοῦτο</em></strong></span> <span class='ocrx_word' id='word_1_7' title='bbox 227 407 291 494; x_wconf 85' lang='grc' dir='ltr'><strong><em>μέν</em></strong></span> <span class='ocrx_word' id='word_1_8' title='bbox 313 432 381 474; x_wconf 90' lang='grc' dir='ltr'><strong><em>νυν</em></strong></span> <span class='ocrx_word' id='word_1_9' title='bbox 400 403 438 474; x_wconf 83' lang='grc' dir='ltr'><strong><em>τὸ</em></strong></span> <span class='ocrx_word' id='word_1_10' title='bbox 460 398 564 492; x_wconf 88' lang='grc' dir='ltr'><strong><em>ούρος</em></strong></span> <span class='ocrx_word' id='word_1_11' title='bbox 579 413 712 476; x_wconf 87' lang='grc' dir='ltr'><strong><em>τοιοῦτο</em></strong></span> <span class='ocrx_word' id='word_1_12' title='bbox 730 408 818 494; x_wconf 86' lang='grc' dir='ltr'><strong><em>Ιέστί,</em></strong></span> <span class='ocrx_word' id='word_1_13' title='bbox 846 405 882 477; x_wconf 88' lang='grc' dir='ltr'><strong><em>τδ</em></strong></span> <span class='ocrx_word' id='word_1_14' title='bbox 902 412 938 478; x_wconf 74' lang='grc' dir='ltr'><strong><em>δὲ</em></strong></span> <span class='ocrx_word' id='word_1_15' title='bbox 952 405 1037 496; x_wconf 84' lang='grc' dir='ltr'><strong><em>πρὸς</em></strong></span> <span class='ocrx_word' id='word_1_16' title='bbox 1052 421 1116 485; x_wconf 83' lang='grc' dir='ltr'><strong><em>Λι-</em></strong></span> 
     </span>
     <span class='ocr_line' id='line_1_3' title="bbox 111 499 1113 602; baseline 0.002 -26"><span class='ocrx_word' id='word_1_17' title='bbox 111 506 191 594; x_wconf 83' lang='grc' dir='ltr'><strong><em>βύης</em></strong></span> <span class='ocrx_word' id='word_1_18' title='bbox 204 513 263 594; x_wconf 80' lang='grc' dir='ltr'><strong><em>τῆς</em></strong></span> <span class='ocrx_word' id='word_1_19' title='bbox 278 506 456 594; x_wconf 88' lang='grc' dir='ltr'><strong><em>Αἰγύπτου</em></strong></span> <span class='ocrx_word' id='word_1_20' title='bbox 472 499 575 589; x_wconf 85' lang='grc' dir='ltr'><strong><em>ούρος</em></strong></span> <span class='ocrx_word' id='word_1_21' title='bbox 598 504 679 577; x_wconf 80' lang='grc' dir='ltr'><strong><em>ἄλλο</em></strong></span> <span class='ocrx_word' id='word_1_22' title='bbox 695 510 854 593; x_wconf 80' lang='grc' dir='ltr'><strong><em>πέτρινον</em></strong></span> <span class='ocrx_word' id='word_1_23' title='bbox 870 515 986 598; x_wconf 82' lang='grc' dir='ltr'><strong><em>τείνει,</em></strong></span> <span class='ocrx_word' id='word_1_24' title='bbox 1015 512 1054 578; x_wconf 86' lang='grc' dir='ltr'><strong><em>έν</em></strong></span> <span class='ocrx_word' id='word_1_25' title='bbox 1066 517 1113 602; x_wconf 75' lang='grc' dir='ltr'><strong><em>τῷ</em></strong></span> 
     </span>
     <span class='ocr_line' id='line_1_4' title="bbox 109 605 1134 696; baseline 0.005 -25"><span class='ocrx_word' id='word_1_26' title='bbox 109 607 145 671; x_wconf 76' lang='grc' dir='ltr'><strong><em>αι’</em></strong></span> <span class='ocrx_word' id='word_1_27' title='bbox 157 607 343 691; x_wconf 79' lang='grc' dir='ltr'><strong><em>πυραμίδες</em></strong></span> <span class='ocrx_word' id='word_1_28' title='bbox 358 610 477 692; x_wconf 87' lang='grc' dir='ltr'><strong><em>ένεισι,</em></strong></span> <span class='ocrx_word' id='word_1_29' title='bbox 505 605 631 696; x_wconf 73' lang='grc' dir='ltr'><strong><em>ψάμμῳ</em></strong></span> <span class='ocrx_word' id='word_1_30' title='bbox 651 609 909 694; x_wconf 72' lang='grc' dir='ltr'><strong><em>κατειλυμένον,</em></strong></span> <span class='ocrx_word' id='word_1_31' title='bbox 931 605 1134 696; x_wconf 76' lang='grc' dir='ltr'><strong><em>τεταμένον</em></strong></span> 
     </span>
     <span class='ocr_line' id='line_1_5' title="bbox 108 698 1112 795; baseline 0.008 -26"><span class='ocrx_word' id='word_1_32' title='bbox 108 698 166 769; x_wconf 82' lang='grc' dir='ltr'><strong><em>τόν</em></strong></span> <span class='ocrx_word' id='word_1_33' title='bbox 189 699 297 771; x_wconf 76' lang='grc' dir='ltr'><strong><em>αὐτόν</em></strong></span> <span class='ocrx_word' id='word_1_34' title='bbox 312 702 457 790; x_wconf 88' lang='grc' dir='ltr'><strong><em>τρόπον,</em></strong></span> <span class='ocrx_word' id='word_1_35' title='bbox 481 700 542 771; x_wconf 82' lang='grc' dir='ltr'><strong><em>τόν</em></strong></span> <span class='ocrx_word' id='word_1_36' title='bbox 561 707 618 772; x_wconf 88' lang='grc' dir='ltr'><strong><em>καί</em></strong></span> <span class='ocrx_word' id='word_1_37' title='bbox 637 710 697 771; x_wconf 85' lang='grc' dir='ltr'><strong><em>τοῦ</em></strong></span> <span class='ocrx_word' id='word_1_38' title='bbox 715 702 873 793; x_wconf 76' lang='grc' dir='ltr'><strong><em>Ἀραβίου</em></strong></span> <span class='ocrx_word' id='word_1_39' title='bbox 887 703 927 774; x_wconf 83' lang='grc' dir='ltr'><strong><em>τὰ</em></strong></span> <span class='ocrx_word' id='word_1_40' title='bbox 947 704 1031 792; x_wconf 79' lang='grc' dir='ltr'><strong><em>πρὸς</em></strong></span> <span class='ocrx_word' id='word_1_41' title='bbox 1052 734 1112 795; x_wconf 81' lang='grc' dir='ltr'><strong><em>με·</em></strong></span> 
     </span>
     <span class='ocr_line' id='line_1_6' title="bbox 108 796 1111 890; baseline 0.009 -23"><span class='ocrx_word' id='word_1_42' title='bbox 108 807 276 888; x_wconf 87' lang='grc' dir='ltr'><strong><em>σαμβρίην</em></strong></span> <span class='ocrx_word' id='word_1_43' title='bbox 292 805 447 889; x_wconf 87' lang='grc' dir='ltr'><strong><em>φέροντα.</em></strong></span> <span class='ocrx_word' id='word_1_44' title='bbox 475 799 512 870; x_wconf 83' lang='grc' dir='ltr'><strong><em>τὸ</em></strong></span> <span class='ocrx_word' id='word_1_45' title='bbox 531 796 581 871; x_wconf 77' lang='grc' dir='ltr'><strong><em>όν</em></strong></span> <span class='ocrx_word' id='word_1_46' title='bbox 597 799 637 890; x_wconf 80' lang='grc' dir='ltr'><strong><em>δὴ</em></strong></span> <span class='ocrx_word' id='word_1_47' title='bbox 654 799 719 871; x_wconf 83' lang='grc' dir='ltr'><strong><em>άπὸ</em></strong></span> <span class='ocrx_word' id='word_1_48' title='bbox 736 802 853 874; x_wconf 81' lang='grc' dir='ltr'><strong><em>Ἡλίου</em></strong></span> <span class='ocrx_word' id='word_1_49' title='bbox 868 806 984 888; x_wconf 84' lang='grc' dir='ltr'><strong><em>πόλιος</em></strong></span> <span class='ocrx_word' id='word_1_50' title='bbox 1000 805 1111 876; x_wconf 88' lang='grc' dir='ltr'><strong><em>ούκέτι</em></strong></span> 
     </span>
     <span class='ocr_line' id='line_1_7' title="bbox 106 896 1112 995; baseline 0.009 -29"><span class='ocrx_word' id='word_1_51' title='bbox 106 896 233 968; x_wconf 83' lang='grc' dir='ltr'><strong><em>πολλόν</em></strong></span> <span class='ocrx_word' id='word_1_52' title='bbox 252 906 377 989; x_wconf 87' lang='grc' dir='ltr'><strong><em>χωρίον</em></strong></span> <span class='ocrx_word' id='word_1_53' title='bbox 398 898 443 981; x_wconf 80' lang='grc' dir='ltr'><strong><em>ὥς</em></strong></span> <span class='ocrx_word' id='word_1_54' title='bbox 458 899 543 970; x_wconf 90' lang='grc' dir='ltr'><strong><em>εἰναι</em></strong></span> <span class='ocrx_word' id='word_1_55' title='bbox 564 901 759 989; x_wconf 90' lang='grc' dir='ltr'><strong><em>Αἰγύπτου,</em></strong></span> <span class='ocrx_word' id='word_1_56' title='bbox 783 899 857 973; x_wconf 78' lang='grc' dir='ltr'><strong><em>ἀλλ’</em></strong></span> <span class='ocrx_word' id='word_1_57' title='bbox 877 902 960 974; x_wconf 85' lang='grc' dir='ltr'><strong><em>ὅσον</em></strong></span> <span class='ocrx_word' id='word_1_58' title='bbox 973 931 1009 975; x_wconf 91' lang='grc' dir='ltr'><strong><em>τε</em></strong></span> <span class='ocrx_word' id='word_1_59' title='bbox 1028 902 1112 995; x_wconf 77' lang='grc' dir='ltr'><strong><em>ἡμε-</em></strong></span> 
     </span>
     <span class='ocr_line' id='line_1_8' title="bbox 106 997 1109 1091; baseline 0.005 -24"><span class='ocrx_word' id='word_1_60' title='bbox 106 1002 192 1086; x_wconf 89' lang='grc' dir='ltr'><strong><em>ρέων</em></strong></span> <span class='ocrx_word' id='word_1_61' title='bbox 211 1001 380 1088; x_wconf 75' lang='grc' dir='ltr'><strong><em>τεσσέρων</em></strong></span> <span class='ocrx_word' id='word_1_62' title='bbox 400 997 576 1070; x_wconf 77' lang='grc' dir='ltr'><strong><em>ἀναπλόου</em></strong></span> <span class='ocrx_word' id='word_1_63' title='bbox 593 1001 708 1090; x_wconf 80' lang='grc' dir='ltr'><strong><em>στεινή</em></strong></span> <span class='ocrx_word' id='word_1_64' title='bbox 728 1004 796 1071; x_wconf 90' lang='grc' dir='ltr'><strong><em>έστι</em></strong></span> <span class='ocrx_word' id='word_1_65' title='bbox 813 1012 984 1091; x_wconf 73' lang='grc' dir='ltr'><strong><em>Αἴγυπτος</em></strong></span> <span class='ocrx_word' id='word_1_66' title='bbox 999 1007 1109 1076; x_wconf 84' lang='grc' dir='ltr'><strong><em>ἰοῦσα.</em></strong></span> 
     </span>
     <span class='ocr_line' id='line_1_9' title="bbox 104 1095 1112 1191; baseline 0.005 -25"><span class='ocrx_word' id='word_1_67' title='bbox 104 1104 171 1166; x_wconf 78' lang='grc' dir='ltr'><strong><em>τῶν</em></strong></span> <span class='ocrx_word' id='word_1_68' title='bbox 192 1097 232 1165; x_wconf 73' lang='grc' dir='ltr'><strong><em>δὲ</em></strong></span> <span class='ocrx_word' id='word_1_69' title='bbox 254 1095 385 1186; x_wconf 89' lang='grc' dir='ltr'><strong><em>ούρέων</em></strong></span> <span class='ocrx_word' id='word_1_70' title='bbox 407 1107 476 1168; x_wconf 78' lang='grc' dir='ltr'><strong><em>τῶν</em></strong></span> <span class='ocrx_word' id='word_1_71' title='bbox 499 1105 685 1189; x_wconf 75' lang='grc' dir='ltr'><strong><em>εἰρημένων</em></strong></span> <span class='ocrx_word' id='word_1_72' title='bbox 706 1098 743 1170; x_wconf 89' lang='grc' dir='ltr'><strong><em>τδ</em></strong></span> <span class='ocrx_word' id='word_1_73' title='bbox 768 1101 891 1189; x_wconf 78' lang='grc' dir='ltr'><strong><em>μεταξύ</em></strong></span> <span class='ocrx_word' id='word_1_74' title='bbox 912 1102 1029 1184; x_wconf 80' lang='grc' dir='ltr'><strong><em>πεδιάς</em></strong></span> <span class='ocrx_word' id='word_1_75' title='bbox 1049 1103 1112 1191; x_wconf 73' lang='grc' dir='ltr'><strong><em>μὲν</em></strong></span> 
     </span>
     <span class='ocr_line' id='line_1_10' title="bbox 102 1196 1111 1293; baseline 0.007 -28"><span class='ocrx_word' id='word_1_76' title='bbox 102 1206 160 1286; x_wconf 85' lang='grc' dir='ltr'><strong><em>γῆ,</em></strong></span> <span class='ocrx_word' id='word_1_77' title='bbox 185 1196 316 1266; x_wconf 76' lang='grc' dir='ltr'><strong><em>στάδιοι</em></strong></span> <span class='ocrx_word' id='word_1_78' title='bbox 337 1204 375 1268; x_wconf 72' lang='grc' dir='ltr'><strong><em>δέ</em></strong></span> <span class='ocrx_word' id='word_1_79' title='bbox 396 1200 541 1288; x_wconf 91' lang='grc' dir='ltr'><strong><em>μάλιστα</em></strong></span> <span class='ocrx_word' id='word_1_80' title='bbox 562 1202 701 1271; x_wconf 88' lang='grc' dir='ltr'><strong><em>έδόκεόν</em></strong></span> <span class='ocrx_word' id='word_1_81' title='bbox 722 1228 779 1288; x_wconf 91' lang='grc' dir='ltr'><strong><em>μοι</em></strong></span> <span class='ocrx_word' id='word_1_82' title='bbox 794 1201 895 1289; x_wconf 84' lang='grc' dir='ltr'><strong><em>εἰναι,</em></strong></span> <span class='ocrx_word' id='word_1_83' title='bbox 923 1211 964 1293; x_wconf 83' lang='grc' dir='ltr'><strong><em>τῇ</em></strong></span> <span class='ocrx_word' id='word_1_84' title='bbox 979 1203 1111 1272; x_wconf 84' lang='grc' dir='ltr'><strong><em>στεινό-</em></strong></span> 
     </span>
     <span class='ocr_line' id='line_1_11' title="bbox 102 1297 1109 1391; baseline 0.006 -27"><span class='ocrx_word' id='word_1_85' title='bbox 102 1297 204 1364; x_wconf 88' lang='grc' dir='ltr'><strong><em>τατόν</em></strong></span> <span class='ocrx_word' id='word_1_86' title='bbox 225 1299 313 1384; x_wconf 91' lang='grc' dir='ltr'><strong><em>έστι,</em></strong></span> <span class='ocrx_word' id='word_1_87' title='bbox 337 1301 519 1384; x_wconf 77' lang='grc' dir='ltr'><strong><em>διηκοσίων</em></strong></span> <span class='ocrx_word' id='word_1_88' title='bbox 533 1297 575 1368; x_wconf 83' lang='grc' dir='ltr'><strong><em>οὐ</em></strong></span> <span class='ocrx_word' id='word_1_89' title='bbox 588 1302 711 1380; x_wconf 89' lang='grc' dir='ltr'><strong><em>πλέους</em></strong></span> <span class='ocrx_word' id='word_1_90' title='bbox 732 1303 768 1370; x_wconf 88' lang='grc' dir='ltr'><strong><em>έκ</em></strong></span> <span class='ocrx_word' id='word_1_91' title='bbox 788 1309 850 1369; x_wconf 89' lang='grc' dir='ltr'><strong><em>τοῦ</em></strong></span> <span class='ocrx_word' id='word_1_92' title='bbox 871 1300 1028 1391; x_wconf 77' lang='grc' dir='ltr'><strong><em>Ἀραβίου</em></strong></span> <span class='ocrx_word' id='word_1_93' title='bbox 1049 1299 1109 1370; x_wconf 85' lang='grc' dir='ltr'><strong><em>ού-</em></strong></span> 
     </span>
     <span class='ocr_line' id='line_1_12' title="bbox 102 1393 1109 1487; baseline 0.002 -23"><span class='ocrx_word' id='word_1_94' title='bbox 102 1423 176 1486; x_wconf 88' lang='grc' dir='ltr'><strong><em>ρεος</em></strong></span> <span class='ocrx_word' id='word_1_95' title='bbox 191 1399 226 1477; x_wconf 90' lang='grc' dir='ltr'><strong><em>ές</em></strong></span> <span class='ocrx_word' id='word_1_96' title='bbox 243 1396 281 1466; x_wconf 82' lang='grc' dir='ltr'><strong><em>τὸ</em></strong></span> <span class='ocrx_word' id='word_1_97' title='bbox 299 1397 451 1487; x_wconf 84' lang='grc' dir='ltr'><strong><em>Λιβυκόν</em></strong></span> <span class='ocrx_word' id='word_1_98' title='bbox 471 1399 689 1486; x_wconf 85' lang='grc' dir='ltr'><strong><em>καλεόμενον.</em></strong></span> <span class='ocrx_word' id='word_1_99' title='bbox 730 1397 767 1470; x_wconf 83' lang='grc' dir='ltr'><strong><em>τὰ</em></strong></span> <span class='ocrx_word' id='word_1_100' title='bbox 784 1398 815 1468; x_wconf 86' lang='grc' dir='ltr'><strong><em>δ’</em></strong></span> <span class='ocrx_word' id='word_1_101' title='bbox 833 1403 994 1470; x_wconf 74' lang='grc' dir='ltr'><strong><em>ἐνθεῦτεν</em></strong></span> <span class='ocrx_word' id='word_1_102' title='bbox 1015 1393 1109 1480; x_wconf 82' lang='grc' dir='ltr'><strong><em>αὖτις</em></strong></span> 
     </span>
     <span class='ocr_line' id='line_1_13' title="bbox 101 1496 818 1586; baseline 0.001 -20"><span class='ocrx_word' id='word_1_103' title='bbox 101 1496 200 1586; x_wconf 88' lang='grc' dir='ltr'><strong><em>εύρέα</em></strong></span> <span class='ocrx_word' id='word_1_104' title='bbox 218 1498 392 1584; x_wconf 73' lang='grc' dir='ltr'><strong><em>Αἴγυπτός</em></strong></span> <span class='ocrx_word' id='word_1_105' title='bbox 406 1501 483 1568; x_wconf 87' lang='grc' dir='ltr'><strong><em>έστι.</em></strong></span> <span class='ocrx_word' id='word_1_106' title='bbox 815 1509 818 1514; x_wconf 85' lang='grc'><strong>“</strong></span> 
     </span>
    </p>

    <p class='ocr_par' dir='ltr' id='par_1_3' title="bbox 7 1595 1140 2668">
     <span class='ocr_line' id='line_1_14' title="bbox 181 1595 1140 1686; baseline 0.002 -22"><span class='ocrx_word' id='word_1_107' title='bbox 181 1598 324 1683; x_wconf 82' lang='grc' dir='ltr'><strong><em>Πέφυκε</em></strong></span> <span class='ocrx_word' id='word_1_108' title='bbox 341 1601 403 1684; x_wconf 89' lang='grc' dir='ltr'><strong><em>μέν</em></strong></span> <span class='ocrx_word' id='word_1_109' title='bbox 417 1624 483 1665; x_wconf 91' lang='grc' dir='ltr'><strong><em>νυν</em></strong></span> <span class='ocrx_word' id='word_1_110' title='bbox 497 1596 517 1685; x_wconf 80' lang='grc' dir='ltr'><em>ἡ</em></span> <span class='ocrx_word' id='word_1_111' title='bbox 533 1601 625 1686; x_wconf 83' lang='grc' dir='ltr'><strong><em>χάρη</em></strong></span> <span class='ocrx_word' id='word_1_112' title='bbox 641 1597 725 1685; x_wconf 77' lang='grc' dir='ltr'><strong><em>αὕτη</em></strong></span> <span class='ocrx_word' id='word_1_113' title='bbox 742 1595 840 1684; x_wconf 77' lang='grc' dir='ltr'><strong><em>οὕτω,</em></strong></span> <span class='ocrx_word' id='word_1_114' title='bbox 864 1595 928 1666; x_wconf 80' lang='grc' dir='ltr'><strong><em>άπίι</em></strong></span> <span class='ocrx_word' id='word_1_115' title='bbox 945 1599 982 1668; x_wconf 76' lang='grc' dir='ltr'><strong><em>δὲ</em></strong></span> <span class='ocrx_word' id='word_1_116' title='bbox 992 1597 1140 1667; x_wconf 59' lang='lat' dir='ltr'><strong><em>‘Halous</em></strong></span> 
     </span>
     <span class='ocr_line' id='line_1_15' title="bbox 7 1696 1106 1787; baseline 0.002 -23"><span class='ocrx_word' id='word_1_117' title='bbox 7 1722 8 1725; x_wconf 45' lang='lat'>¹</span> <span class='ocrx_word' id='word_1_118' title='bbox 99 1698 217 1778; x_wconf 85' lang='grc' dir='ltr'><strong><em>πόλιος</em></strong></span> <span class='ocrx_word' id='word_1_119' title='bbox 233 1700 267 1777; x_wconf 87' lang='grc' dir='ltr'><strong><em>ές</em></strong></span> <span class='ocrx_word' id='word_1_120' title='bbox 281 1697 395 1786; x_wconf 79' lang='grc' dir='ltr'><strong><em>Θήβας</em></strong></span> <span class='ocrx_word' id='word_1_121' title='bbox 411 1701 478 1767; x_wconf 88' lang='grc' dir='ltr'><strong><em>έστί</em></strong></span> <span class='ocrx_word' id='word_1_122' title='bbox 494 1696 664 1780; x_wconf 78' lang='grc' dir='ltr'><strong><em>ἀνάπλοος</em></strong></span> <span class='ocrx_word' id='word_1_123' title='bbox 679 1702 776 1768; x_wconf 89' lang='grc' dir='ltr'><strong><em>έννέα</em></strong></span> <span class='ocrx_word' id='word_1_124' title='bbox 792 1696 954 1787; x_wconf 81' lang='grc' dir='ltr'><strong><em>ἡμερέων,</em></strong></span> <span class='ocrx_word' id='word_1_125' title='bbox 978 1699 1106 1766; x_wconf 78' lang='grc' dir='ltr'><strong><em>στάδιοι</em></strong></span> 
     </span>
     <span class='ocr_line' id='line_1_16' title="bbox 99 1795 1105 1887; baseline 0 -21"><span class='ocrx_word' id='word_1_126' title='bbox 99 1800 135 1866; x_wconf 73' lang='grc' dir='ltr'><strong><em>δὲ</em></strong></span> <span class='ocrx_word' id='word_1_127' title='bbox 152 1805 211 1886; x_wconf 81' lang='grc' dir='ltr'><strong><em>τῆς</em></strong></span> <span class='ocrx_word' id='word_1_128' title='bbox 226 1795 311 1868; x_wconf 84' lang='grc' dir='ltr'><strong><em>ὁδοῦ</em></strong></span> <span class='ocrx_word' id='word_1_129' title='bbox 329 1798 488 1887; x_wconf 76' lang='grc' dir='ltr'><strong><em>ἑξήκοντα</em></strong></span> <span class='ocrx_word' id='word_1_130' title='bbox 502 1801 557 1867; x_wconf 84' lang='grc' dir='ltr'><strong><em>καί</em></strong></span> <span class='ocrx_word' id='word_1_131' title='bbox 571 1795 762 1868; x_wconf 81' lang='grc' dir='ltr'><strong><em>ὀκτακόσιοι</em></strong></span> <span class='ocrx_word' id='word_1_132' title='bbox 774 1799 829 1868; x_wconf 85' lang='grc' dir='ltr'><strong><em>καί</em></strong></span> <span class='ocrx_word' id='word_1_133' title='bbox 842 1805 1105 1885; x_wconf 87' lang='grc' dir='ltr'><strong><em>τετρακισχίλιοι,</em></strong></span> 
     </span>
     <span class='ocr_line' id='line_1_17' title="bbox 102 1891 1107 1987; baseline 0.001 -20"><span class='ocrx_word' id='word_1_134' title='bbox 102 1905 248 1987; x_wconf 87' lang='grc' dir='ltr'><strong><em>σχοίνων</em></strong></span> <span class='ocrx_word' id='word_1_135' title='bbox 268 1897 344 1980; x_wconf 81' lang='grc' dir='ltr'><strong><em>ἑνός</em></strong></span> <span class='ocrx_word' id='word_1_136' title='bbox 365 1903 420 1969; x_wconf 87' lang='grc' dir='ltr'><strong><em>καί</em></strong></span> <span class='ocrx_word' id='word_1_137' title='bbox 440 1897 633 1986; x_wconf 73' lang='grc' dir='ltr'><strong><em>ὀγδώκοντα</em></strong></span> <span class='ocrx_word' id='word_1_138' title='bbox 655 1898 789 1969; x_wconf 88' lang='grc' dir='ltr'><strong><em>έόντων.</em></strong></span> <span class='ocrx_word' id='word_1_139' title='bbox 837 1891 931 1971; x_wconf 82' lang='grc' dir='ltr'><strong><em>οὗτοι</em></strong></span> <span class='ocrx_word' id='word_1_140' title='bbox 949 1901 1107 1968; x_wconf 83' lang='grc' dir='ltr'><strong><em>συντιθέ-</em></strong></span> 
     </span>
     <span class='ocr_line' id='line_1_18' title="bbox 98 1994 1106 2087; baseline -0.001 -22"><span class='ocrx_word' id='word_1_141' title='bbox 98 2023 196 2087; x_wconf 88' lang='grc' dir='ltr'><strong><em>μενοι</em></strong></span> <span class='ocrx_word' id='word_1_142' title='bbox 219 1997 352 2066; x_wconf 90' lang='grc' dir='ltr'><strong><em>στάδιοι</em></strong></span> <span class='ocrx_word' id='word_1_143' title='bbox 371 2000 564 2085; x_wconf 89' lang='grc' dir='ltr'><strong><em>Αἰγύπτου,</em></strong></span> <span class='ocrx_word' id='word_1_144' title='bbox 592 1997 630 2067; x_wconf 85' lang='grc' dir='ltr'><strong><em>τὸ</em></strong></span> <span class='ocrx_word' id='word_1_145' title='bbox 655 2000 717 2086; x_wconf 77' lang='grc' dir='ltr'><strong><em>μὲν</em></strong></span> <span class='ocrx_word' id='word_1_146' title='bbox 740 1995 830 2086; x_wconf 84' lang='grc' dir='ltr'><strong><em>παρά</em></strong></span> <span class='ocrx_word' id='word_1_147' title='bbox 850 1998 1029 2067; x_wconf 83' lang='grc' dir='ltr'><strong><em>θάλασσαν</em></strong></span> <span class='ocrx_word' id='word_1_148' title='bbox 1042 1994 1106 2086; x_wconf 78' lang='grc' dir='ltr'><strong><em>ἤδη</em></strong></span> 
     </span>
     <span class='ocr_line' id='line_1_19' title="bbox 98 2097 1107 2188; baseline -0.001 -21"><span class='ocrx_word' id='word_1_149' title='bbox 98 2126 156 2186; x_wconf 87' lang='grc' dir='ltr'><strong><em>μοι</em></strong></span> <span class='ocrx_word' id='word_1_150' title='bbox 172 2097 412 2186; x_wconf 77' lang='grc' dir='ltr'><strong><em>καὶπρότερον</em></strong></span> <span class='ocrx_word' id='word_1_151' title='bbox 429 2100 610 2188; x_wconf 83' lang='grc' dir='ltr'><strong><em>δεδήλωται</em></strong></span> <span class='ocrx_word' id='word_1_152' title='bbox 625 2098 677 2167; x_wconf 88' lang='grc' dir='ltr'><strong><em>ότι</em></strong></span> <span class='ocrx_word' id='word_1_153' title='bbox 693 2104 872 2180; x_wconf 82' lang='grc' dir='ltr'><strong><em>ἑξακοσίων</em></strong></span> <span class='ocrx_word' id='word_1_154' title='bbox 891 2102 931 2168; x_wconf 89' lang='grc' dir='ltr'><strong><em>τέ</em></strong></span> <span class='ocrx_word' id='word_1_155' title='bbox 945 2102 1012 2169; x_wconf 88' lang='grc' dir='ltr'><strong><em>έστι</em></strong></span> <span class='ocrx_word' id='word_1_156' title='bbox 1027 2117 1107 2167; x_wconf 89' lang='grc' dir='ltr'><strong><em>στα-</em></strong></span> 
     </span>
     <span class='ocr_line' id='line_1_20' title="bbox 99 2196 1107 2287; baseline -0.002 -20"><span class='ocrx_word' id='word_1_157' title='bbox 99 2202 185 2268; x_wconf 87' lang='grc' dir='ltr'><strong><em>δίων</em></strong></span> <span class='ocrx_word' id='word_1_158' title='bbox 199 2202 256 2268; x_wconf 90' lang='grc' dir='ltr'><strong><em>καί</em></strong></span> <span class='ocrx_word' id='word_1_159' title='bbox 270 2204 476 2287; x_wconf 82' lang='grc' dir='ltr'><strong><em>τρισχιλίων,</em></strong></span> <span class='ocrx_word' id='word_1_160' title='bbox 499 2197 581 2267; x_wconf 83' lang='grc' dir='ltr'><strong><em>όσον</em></strong></span> <span class='ocrx_word' id='word_1_161' title='bbox 597 2202 637 2267; x_wconf 89' lang='grc' dir='ltr'><strong><em>δέ</em></strong></span> <span class='ocrx_word' id='word_1_162' title='bbox 648 2225 679 2267; x_wconf 88' lang='grc' dir='ltr'><strong><em>τι</em></strong></span> <span class='ocrx_word' id='word_1_163' title='bbox 694 2196 760 2267; x_wconf 80' lang='grc' dir='ltr'><strong><em>άπὸ</em></strong></span> <span class='ocrx_word' id='word_1_164' title='bbox 775 2198 948 2285; x_wconf 78' lang='grc' dir='ltr'><strong><em>θαλάσσης</em></strong></span> <span class='ocrx_word' id='word_1_165' title='bbox 958 2200 991 2278; x_wconf 90' lang='grc' dir='ltr'><strong><em>ές</em></strong></span> <span class='ocrx_word' id='word_1_166' title='bbox 1005 2198 1107 2285; x_wconf 89' lang='grc' dir='ltr'><strong><em>μεσό-</em></strong></span> 
     </span>
     <span class='ocr_line' id='line_1_21' title="bbox 97 2297 1106 2386; baseline -0.001 -20"><span class='ocrx_word' id='word_1_167' title='bbox 97 2325 201 2384; x_wconf 90' lang='grc' dir='ltr'><strong><em>γαιαν</em></strong></span> <span class='ocrx_word' id='word_1_168' title='bbox 215 2302 311 2386; x_wconf 91' lang='grc' dir='ltr'><strong><em>μέχρι</em></strong></span> <span class='ocrx_word' id='word_1_169' title='bbox 326 2301 466 2386; x_wconf 78' lang='grc' dir='ltr'><strong><em>Θηβέων</em></strong></span> <span class='ocrx_word' id='word_1_170' title='bbox 487 2300 571 2386; x_wconf 88' lang='grc' dir='ltr'><strong><em>έστί,</em></strong></span> <span class='ocrx_word' id='word_1_171' title='bbox 601 2303 771 2386; x_wconf 85' lang='grc' dir='ltr'><strong><em>σημανέω·</em></strong></span> <span class='ocrx_word' id='word_1_172' title='bbox 804 2298 933 2368; x_wconf 83' lang='grc' dir='ltr'><strong><em>στάδιοι</em></strong></span> <span class='ocrx_word' id='word_1_173' title='bbox 954 2297 1020 2386; x_wconf 90' lang='grc' dir='ltr'><strong><em>γάρ</em></strong></span> <span class='ocrx_word' id='word_1_174' title='bbox 1043 2303 1106 2367; x_wconf 89' lang='grc' dir='ltr'><strong><em>εἰσι</em></strong></span> 
     </span>
     <span class='ocr_line' id='line_1_22' title="bbox 96 2394 1105 2485; baseline -0.005 -17"><span class='ocrx_word' id='word_1_175' title='bbox 96 2411 206 2468; x_wconf 84' lang='grc' dir='ltr'><strong><em>εἰκοσι</em></strong></span> <span class='ocrx_word' id='word_1_176' title='bbox 221 2402 278 2467; x_wconf 88' lang='grc' dir='ltr'><strong><em>καί</em></strong></span> <span class='ocrx_word' id='word_1_177' title='bbox 295 2396 415 2467; x_wconf 81' lang='grc' dir='ltr'><strong><em>ἑκατόν</em></strong></span> <span class='ocrx_word' id='word_1_178' title='bbox 434 2400 489 2466; x_wconf 88' lang='grc' dir='ltr'><strong><em>καί</em></strong></span> <span class='ocrx_word' id='word_1_179' title='bbox 512 2401 731 2485; x_wconf 77' lang='grc' dir='ltr'><strong><em>ἑξακισχίλιοι.</em></strong></span> <span class='ocrx_word' id='word_1_180' title='bbox 778 2394 815 2465; x_wconf 87' lang='grc' dir='ltr'><strong><em>τδ</em></strong></span> <span class='ocrx_word' id='word_1_181' title='bbox 832 2397 868 2466; x_wconf 73' lang='grc' dir='ltr'><strong><em>δὲ</em></strong></span> <span class='ocrx_word' id='word_1_182' title='bbox 884 2394 950 2466; x_wconf 88' lang='grc' dir='ltr'><strong><em>άπδ</em></strong></span> <span class='ocrx_word' id='word_1_183' title='bbox 966 2399 1105 2484; x_wconf 82' lang='grc' dir='ltr'><strong><em>Θηβέων</em></strong></span> 
     </span>
     <span class='ocr_line' id='line_1_23' title="bbox 93 2499 1106 2587; baseline -0.004 -17"><span class='ocrx_word' id='word_1_184' title='bbox 93 2503 129 2580; x_wconf 86' lang='grc' dir='ltr'><strong><em>ές</em></strong></span> <span class='ocrx_word' id='word_1_185' title='bbox 150 2499 393 2587; x_wconf 81' lang='grc' dir='ltr'><strong><em>Ἐλεφαντίνην</em></strong></span> <span class='ocrx_word' id='word_1_186' title='bbox 416 2504 624 2587; x_wconf 86' lang='grc' dir='ltr'><strong><em>καλεομένην</em></strong></span> <span class='ocrx_word' id='word_1_187' title='bbox 649 2500 749 2568; x_wconf 90' lang='grc' dir='ltr'><strong><em>πόλιν</em></strong></span> <span class='ocrx_word' id='word_1_188' title='bbox 774 2499 902 2568; x_wconf 86' lang='grc' dir='ltr'><strong><em>στάδιοι</em></strong></span> <span class='ocrx_word' id='word_1_189' title='bbox 927 2504 1025 2585; x_wconf 81' lang='grc' dir='ltr'><strong><em>χίλιοι</em></strong></span> <span class='ocrx_word' id='word_1_190' title='bbox 1051 2499 1106 2567; x_wconf 90' lang='grc' dir='ltr'><strong><em>καί</em></strong></span> 
     </span>
     <span class='ocr_line' id='line_1_24' title="bbox 94 2597 381 2668; baseline -0.003 0"><span class='ocrx_word' id='word_1_191' title='bbox 94 2597 297 2668; x_wconf 83' lang='grc' dir='ltr'><strong><em>δκταιιόσιοί</em></strong></span> <span class='ocrx_word' id='word_1_192' title='bbox 309 2603 381 2667; x_wconf 92' lang='grc' dir='ltr'><strong><em>εἰσι.</em></strong></span> 
     </span>
    </p>

    <p class='ocr_par' dir='ltr' id='par_1_4' title="bbox 31 2691 1229 3582">
     <span class='ocr_line' id='line_1_25' title="bbox 182 2691 1155 2785; baseline 0.001 -21"><span class='ocrx_word' id='word_1_193' title='bbox 182 2698 314 2784; x_wconf 87' lang='grc' dir='ltr'><strong><em>Ταύτης</em></strong></span> <span class='ocrx_word' id='word_1_194' title='bbox 331 2691 380 2765; x_wconf 82' lang='grc' dir='ltr'><strong><em>άν</em></strong></span> <span class='ocrx_word' id='word_1_195' title='bbox 394 2704 452 2784; x_wconf 86' lang='grc' dir='ltr'><strong><em>τῆς</em></strong></span> <span class='ocrx_word' id='word_1_196' title='bbox 465 2700 574 2785; x_wconf 82' lang='grc' dir='ltr'><strong><em>χύρης</em></strong></span> <span class='ocrx_word' id='word_1_197' title='bbox 587 2705 645 2785; x_wconf 78' lang='grc' dir='ltr'><strong><em>τῆς</em></strong></span> <span class='ocrx_word' id='word_1_198' title='bbox 663 2702 836 2785; x_wconf 83' lang='grc' dir='ltr'><strong><em>εἰρημένης</em></strong></span> <span class='ocrx_word' id='word_1_199' title='bbox 847 2693 993 2785; x_wconf 80' lang='grc' dir='ltr'><strong><em>ἡπολλη,</em></strong></span> <span class='ocrx_word' id='word_1_200' title='bbox 1004 2697 1104 2766; x_wconf 87' lang='grc' dir='ltr'><strong><em>κατά·</em></strong></span> <span class='ocrx_word' id='word_1_201' title='bbox 1121 2713 1155 2765; x_wconf 83' lang='lat'><strong><em>10</em></strong></span> 
     </span>
     <span class='ocr_line' id='line_1_26' title="bbox 93 2797 1105 2891; baseline 0 -24"><span class='ocrx_word' id='word_1_202' title='bbox 93 2823 159 2885; x_wconf 83' lang='grc' dir='ltr'><strong><em>περ</em></strong></span> <span class='ocrx_word' id='word_1_203' title='bbox 176 2802 210 2866; x_wconf 93' lang='grc' dir='ltr'><strong><em>οί</em></strong></span> <span class='ocrx_word' id='word_1_204' title='bbox 224 2800 310 2886; x_wconf 85' lang='grc' dir='ltr'><strong><em>ἰρέες</em></strong></span> <span class='ocrx_word' id='word_1_205' title='bbox 325 2803 458 2887; x_wconf 73' lang='grc' dir='ltr'><strong><em>ἔλεγον,</em></strong></span> <span class='ocrx_word' id='word_1_206' title='bbox 486 2801 599 2869; x_wconf 87' lang='grc' dir='ltr'><strong><em>έδόκεε</em></strong></span> <span class='ocrx_word' id='word_1_207' title='bbox 615 2802 671 2868; x_wconf 86' lang='grc' dir='ltr'><strong><em>καί</em></strong></span> <span class='ocrx_word' id='word_1_208' title='bbox 686 2797 775 2891; x_wconf 78' lang='grc' dir='ltr'><strong><em>αύτῷ</em></strong></span> <span class='ocrx_word' id='word_1_209' title='bbox 796 2825 853 2887; x_wconf 90' lang='grc' dir='ltr'><strong><em>μοι</em></strong></span> <span class='ocrx_word' id='word_1_210' title='bbox 871 2797 955 2869; x_wconf 87' lang='grc' dir='ltr'><strong><em>εἰναι</em></strong></span> <span class='ocrx_word' id='word_1_211' title='bbox 970 2802 1105 2886; x_wconf 88' lang='grc' dir='ltr'><strong><em>έπίκτη-</em></strong></span> 
     </span>
     <span class='ocr_line' id='line_1_27' title="bbox 93 2895 1104 2985; baseline 0 -22"><span class='ocrx_word' id='word_1_212' title='bbox 93 2921 152 2976; x_wconf 83' lang='grc' dir='ltr'><strong><em>τος</em></strong></span> <span class='ocrx_word' id='word_1_213' title='bbox 169 2902 393 2983; x_wconf 84' lang='grc' dir='ltr'><strong><em>Αἰγυπτίοισι.</em></strong></span> <span class='ocrx_word' id='word_1_214' title='bbox 434 2895 583 2985; x_wconf 79' lang='grc' dir='ltr'><strong><em>τῶνγὰρ</em></strong></span> <span class='ocrx_word' id='word_1_215' title='bbox 600 2897 731 2981; x_wconf 83' lang='grc' dir='ltr'><strong><em>οὐρέων</em></strong></span> <span class='ocrx_word' id='word_1_216' title='bbox 745 2904 813 2965; x_wconf 80' lang='grc' dir='ltr'><strong><em>τῶν</em></strong></span> <span class='ocrx_word' id='word_1_217' title='bbox 836 2901 1020 2984; x_wconf 88' lang='grc' dir='ltr'><strong><em>εἰρημένων</em></strong></span> <span class='ocrx_word' id='word_1_218' title='bbox 1035 2903 1104 2965; x_wconf 79' lang='grc' dir='ltr'><strong><em>τῶν</em></strong></span> 
     </span>
     <span class='ocr_line' id='line_1_28' title="bbox 91 2994 1229 3084; baseline -0.002 -18"><span class='ocrx_word' id='word_1_219' title='bbox 91 2996 183 3084; x_wconf 70' lang='grc' dir='ltr'><strong><em>ὑπὲρ</em></strong></span> <span class='ocrx_word' id='word_1_220' title='bbox 207 3000 352 3082; x_wconf 83' lang='grc' dir='ltr'><strong><em>Μέμφιν</em></strong></span> <span class='ocrx_word' id='word_1_221' title='bbox 373 2996 474 3066; x_wconf 90' lang='grc' dir='ltr'><strong><em>πόλιν</em></strong></span> <span class='ocrx_word' id='word_1_222' title='bbox 494 3003 658 3084; x_wconf 86' lang='grc' dir='ltr'><strong><em>κειμένων</em></strong></span> <span class='ocrx_word' id='word_1_223' title='bbox 678 2995 716 3066; x_wconf 83' lang='grc' dir='ltr'><strong><em>τὸ</em></strong></span> <span class='ocrx_word' id='word_1_224' title='bbox 738 2995 861 3084; x_wconf 82' lang='grc' dir='ltr'><strong><em>μεταξύ</em></strong></span> <span class='ocrx_word' id='word_1_225' title='bbox 878 2997 1033 3084; x_wconf 75' lang='grc' dir='ltr'><strong><em>ἐφαίνετό</em></strong></span> <span class='ocrx_word' id='word_1_226' title='bbox 1047 3023 1104 3084; x_wconf 85' lang='grc' dir='ltr'><strong><em>μοι</em></strong></span> <span class='ocrx_word' id='word_1_227' title='bbox 1226 2994 1229 2999; x_wconf 68' lang='grc'><strong>’</strong></span> 
     </span>
     <span class='ocr_line' id='line_1_29' title="bbox 31 3090 1104 3185; baseline -0.003 -19"><span class='ocrx_word' id='word_1_228' title='bbox 31 3090 37 3101; x_wconf 70' lang='grc'>’</span> <span class='ocrx_word' id='word_1_229' title='bbox 92 3096 186 3166; x_wconf 82' lang='grc' dir='ltr'><strong><em>εἶναί</em></strong></span> <span class='ocrx_word' id='word_1_230' title='bbox 197 3122 276 3165; x_wconf 87' lang='grc' dir='ltr'><strong><em>κοτε</em></strong></span> <span class='ocrx_word' id='word_1_231' title='bbox 296 3096 420 3177; x_wconf 83' lang='grc' dir='ltr'><strong><em>κόλπος</em></strong></span> <span class='ocrx_word' id='word_1_232' title='bbox 439 3099 631 3185; x_wconf 75' lang='grc' dir='ltr'><strong><em>θαλάσσης,</em></strong></span> <span class='ocrx_word' id='word_1_233' title='bbox 655 3095 766 3181; x_wconf 82' lang='grc' dir='ltr'><strong><em>όέσπερ</em></strong></span> <span class='ocrx_word' id='word_1_234' title='bbox 790 3120 829 3182; x_wconf 87' lang='grc' dir='ltr'><strong><em>γι</em></strong></span> <span class='ocrx_word' id='word_1_235' title='bbox 849 3094 889 3163; x_wconf 83' lang='grc' dir='ltr'><strong><em>τὰ</em></strong></span> <span class='ocrx_word' id='word_1_236' title='bbox 910 3098 985 3182; x_wconf 77' lang='grc' dir='ltr'><strong><em>περὶ</em></strong></span> <span class='ocrx_word' id='word_1_237' title='bbox 1000 3092 1104 3164; x_wconf 81' lang='grc' dir='ltr'><strong><em>Ἴλιον</em></strong></span> 
     </span>
     <span class='ocr_line' id='line_1_30' title="bbox 90 3194 1102 3283; baseline -0.004 -18"><span class='ocrx_word' id='word_1_238' title='bbox 90 3200 148 3265; x_wconf 84' lang='grc' dir='ltr'><strong><em>καί</em></strong></span> <span class='ocrx_word' id='word_1_239' title='bbox 171 3202 390 3283; x_wconf 78' lang='grc' dir='ltr'><strong><em>Τευθρανίην</em></strong></span> <span class='ocrx_word' id='word_1_240' title='bbox 404 3201 459 3265; x_wconf 87' lang='grc' dir='ltr'><strong><em>καί</em></strong></span> <span class='ocrx_word' id='word_1_241' title='bbox 470 3196 619 3283; x_wconf 80' lang='grc' dir='ltr'><strong><em>Ἔφεσόν</em></strong></span> <span class='ocrx_word' id='word_1_242' title='bbox 634 3221 670 3263; x_wconf 90' lang='grc' dir='ltr'><strong><em>τε</em></strong></span> <span class='ocrx_word' id='word_1_243' title='bbox 684 3198 739 3263; x_wconf 89' lang='grc' dir='ltr'><strong><em>καί</em></strong></span> <span class='ocrx_word' id='word_1_244' title='bbox 755 3194 958 3277; x_wconf 89' lang='grc' dir='ltr'><strong><em>Μαιάνδρου</em></strong></span> <span class='ocrx_word' id='word_1_245' title='bbox 975 3197 1102 3281; x_wconf 87' lang='grc' dir='ltr'><strong><em>πεδίον,</em></strong></span> 
     </span>
     <span class='ocr_line' id='line_1_31' title="bbox 91 3290 1103 3384; baseline -0.003 -22"><span class='ocrx_word' id='word_1_246' title='bbox 91 3294 138 3374; x_wconf 76' lang='grc' dir='ltr'><strong><em>ὥς</em></strong></span> <span class='ocrx_word' id='word_1_247' title='bbox 155 3323 196 3382; x_wconf 90' lang='grc' dir='ltr'><strong><em>γε</em></strong></span> <span class='ocrx_word' id='word_1_248' title='bbox 210 3292 297 3364; x_wconf 86' lang='grc' dir='ltr'><strong><em>εἰναι</em></strong></span> <span class='ocrx_word' id='word_1_249' title='bbox 310 3293 434 3384; x_wconf 81' lang='grc' dir='ltr'><strong><em>σμικρά</em></strong></span> <span class='ocrx_word' id='word_1_250' title='bbox 457 3302 561 3365; x_wconf 82' lang='grc' dir='ltr'><strong><em>ταῦτα</em></strong></span> <span class='ocrx_word' id='word_1_251' title='bbox 582 3290 756 3383; x_wconf 82' lang='grc' dir='ltr'><strong><em>μεγάλοισι</em></strong></span> <span class='ocrx_word' id='word_1_252' title='bbox 778 3299 972 3379; x_wconf 75' lang='grc' dir='ltr'><strong><em>συμβαλεῖν.</em></strong></span> <span class='ocrx_word' id='word_1_253' title='bbox 1036 3300 1103 3361; x_wconf 79' lang='grc' dir='ltr'><strong><em>τῶν</em></strong></span> 
     </span>
     <span class='ocr_line' id='line_1_32' title="bbox 89 3392 1104 3483; baseline -0.007 -19"><span class='ocrx_word' id='word_1_254' title='bbox 89 3395 286 3483; x_wconf 80' lang='grc' dir='ltr'><strong><em>γᾶρταύτα</em></strong></span> <span class='ocrx_word' id='word_1_255' title='bbox 306 3392 347 3463; x_wconf 79' lang='grc' dir='ltr'><strong><em>τά</em></strong></span> <span class='ocrx_word' id='word_1_256' title='bbox 368 3403 473 3481; x_wconf 89' lang='grc' dir='ltr'><strong><em>χωρία</em></strong></span> <span class='ocrx_word' id='word_1_257' title='bbox 494 3394 766 3481; x_wconf 88' lang='grc' dir='ltr'><strong><em>προσχωσάντων</em></strong></span> <span class='ocrx_word' id='word_1_258' title='bbox 787 3397 945 3477; x_wconf 80' lang='grc' dir='ltr'><strong><em>ποταμῶν</em></strong></span> <span class='ocrx_word' id='word_1_259' title='bbox 967 3393 1017 3459; x_wconf 84' lang='grc' dir='ltr'><strong><em>ένί</em></strong></span> <span class='ocrx_word' id='word_1_260' title='bbox 1036 3400 1104 3457; x_wconf 78' lang='grc' dir='ltr'><strong><em>τῶν</em></strong></span> 
     </span>
     <span class='ocr_line' id='line_1_33' title="bbox 90 3485 1106 3582; baseline -0.012 -20"><span class='ocrx_word' id='word_1_261' title='bbox 90 3495 271 3582; x_wconf 85' lang='grc' dir='ltr'><strong><em>στομάτων</em></strong></span> <span class='ocrx_word' id='word_1_262' title='bbox 285 3500 346 3563; x_wconf 83' lang='grc' dir='ltr'><strong><em>τού</em></strong></span> <span class='ocrx_word' id='word_1_263' title='bbox 360 3502 498 3581; x_wconf 86' lang='grc' dir='ltr'><strong><em>Νείλου,</em></strong></span> <span class='ocrx_word' id='word_1_264' title='bbox 520 3495 635 3572; x_wconf 87' lang='grc' dir='ltr'><strong><em>έόντος</em></strong></span> <span class='ocrx_word' id='word_1_265' title='bbox 649 3490 890 3574; x_wconf 85' lang='grc' dir='ltr'><strong><em>πενταστόμου,</em></strong></span> <span class='ocrx_word' id='word_1_266' title='bbox 918 3485 1026 3563; x_wconf 75' lang='grc' dir='ltr'><strong><em>οὐδεὶς</em></strong></span> <span class='ocrx_word' id='word_1_267' title='bbox 1041 3485 1106 3551; x_wconf 91' lang='grc' dir='ltr'><strong><em>αύ-</em></strong></span> 
     </span>
    </p>
   </div>
   <div class='ocr_carea' id='block_1_3' title="bbox 0 0 1254 3925">
    <p class='ocr_par' dir='ltr' id='par_1_5' title="bbox 0 0 1254 3925">
     <span class='ocr_line' id='line_1_34' title="bbox 0 0 1254 3925; baseline 0 7"><span class='ocrx_word' id='word_1_268' title='bbox 0 0 1254 3925; x_wconf 95' lang='lat' dir='ltr'><strong><em> </em></strong></span> 
     </span>
    </p>
   </div>
  </div>
 </body>
</html>
