2500 3925
174 201 236 304 τε
572 235 824 296 νεεοοοτι

194 408 262 471 τῶν
276 407 456 489 κειμηλίων
471 405 539 466 τῶν
549 391 774 483 Ἀρίστωνοςὸ
781 391 938 480 Ἄγητος,
956 395 1017 462 καὶ
1032 391 1132 473 αάτος
1145 391 1190 480 τὴι

112 521 116 530 ’
194 496 315 588 ὁμοίην
332 499 454 619 ζητέων
471 498 637 584 φέρεσθαι
656 518 724 579 παρ
727 491 901 580 ’έκείνου,
919 494 1079 561 ἐνθαῦτα
1094 489 1133 580 δὴ
1146 498 1192 560 τοῦ

193 594 373 685 ἑταίρου
337 623 399 684 την
409 608 553 683 γυναῖκα
562 595 715 679 ἐπειρᾶτο
727 585 929 676 ἀπάγεσθαι.
947 616 967 657 ο
953 588 1020 658 δὲ
1031 586 1122 678 πλὴν
1130 587 1193 658 τοδ-

192 723 254 765 του
265 694 398 782 μούνου
409 719 449 761 τα
437 690 543 761 ἀλλα
555 689 619 777 ἔφη
631 689 830 756 καταινέσαι.
843 685 1121 776 ἀναγκαζόμενος
1131 691 1193 811 μέν·

193 820 245 862 τοι
258 800 304 885 τῷ
319 819 355 860 τε
371 791 460 883 ὅρκῳ
475 793 530 860 καί
545 795 602 875 τῆς
617 784 745 873 ἀπάτης
757 792 797 876 τῇ
808 794 995 876 παραγωγῇ
1011 784 1142 856 ἀπίει’
1124 786 1194 854 αιιά-

145 907 181 964 δδ
194 903 326 979 γεσθαι.
366 889 465 959 Οὕτω
479 887 541 976 μεν
562 884 602 972 δὴ
617 911 680 1006 την
694 891 808 971 τρίτην
830 884 1013 972 ἐσηγάγετο
1031 880 1193 1006 γυναίκμὸ

189 986 367 1075 ’,Αρίστων
382 1012 445 1074 την
460 987 621 1069 δευτέρην
632 981 932 1102 ἀποπεμψάμενος,
951 984 990 1050 έν
1005 987 1051 1051 δέ
1058 987 1095 1051 οί
1102 983 1194 1070 χρόνῳ

195 1085 351 1153 ἐλάσσονι
362 1086 467 1153 καὶον
456 1080 682 1168 ’πληρώσασα
692 1077 772 1160 τοάς
781 1081 917 1148 δέκα
871 1107 1013 1171 μηναςη
1026 1080 1118 1169 γυνὴ
1128 1079 1195 1166 αὕτη
1212 1126 1213 1195 ρ

193 1187 296 1248 τίκτει
307 1188 428 1249 τοῦτον
438 1178 478 1267 δὴ
493 1177 554 1248 τόν
564 1177 779 1266 Δημάρητον.
790 1184 916 1258 Ικαίτίς
927 1184 1045 1250 σίτων
1057 1182 1191 1251 οίκετέωι
1213 1228 1214 1277 ,

194 1285 233 1351 έν
246 1281 351 1371 θάκηι
364 1283 538 1371 κατημένῳ
553 1277 636 1367 μετὰ
649 1285 717 1346 τῶν
734 1278 869 1368 ἐφόρων
885 1281 1098 1370 ἐξαγγέλλει,
1122 1281 1161 1360 ὥς
1173 1287 1196 1349 οί
1214 1330 1215 1373 ,

194 1395 272 1461 παίς
285 1385 412 1470 γέγονε.
435 1378 453 1449 ὁ
466 1381 501 1450 δὲ
514 1378 730 1466 ἐπιστάμενός
740 1405 777 1446 τε
787 1377 847 1448 τόν
856 1380 994 1469 χρόνον,
1007 1389 1057 1474 τῷ
1068 1379 1194 1470 η’γάγετο
1215 1432 1216 1469 ,

194 1479 257 1569 τὴν
267 1495 428 1568 γυναῖκα,
446 1483 501 1549 καὶ
513 1481 565 1549 έκὶ
575 1479 751 1549 δακτύλων
764 1479 1045 1569 συμβαλλόμενος
1056 1478 1136 1560 τούς
1146 1487 1195 1567 μῆ·
1216 1534 1217 1557 ,

194 1605 256 1658 νας
267 1576 336 1647 εἶτε
347 1575 534 1666 ἀπομόσας·
555 1574 628 1645 Οὐκ
643 1573 687 1644 ἀν
698 1575 774 1664 έμός
784 1587 852 1664 είη·
866 1585 967 1647 τοῦτο
979 1578 1138 1668 ἥκουσαν
1147 1580 1195 1665 μὲν

195 1683 229 1747 οί
244 1684 378 1764 ἔφοροι,
402 1684 538 1765 πρῆγμα
558 1677 670 1764 μέντοι
685 1674 786 1745 οὐδὲν
801 1678 1003 1766 ἐποιήσαντο
1020 1677 1062 1750 τό
1078 1704 1195 1764 παραυ

194 1782 282 1845 τίκα·
304 1771 374 1845 ὁδε
393 1789 470 1854 παις
485 1774 620 1862 αὔξετο,
645 1776 700 1843 καί
716 1781 763 1866 τῷ
778 1772 952 1860 Ἀρίστωυι
969 1774 1008 1846 τό
1027 1780 1193 1866 εἰρημένον

194 1873 365 1962 μετέμελε·
393 1877 496 1942 παῖδα
514 1871 581 1961 γάρ
601 1871 663 1941 τόν
676 1873 883 1961 Δημάρητον
903 1876 938 1954 ές
957 1874 1000 1945 τά
1015 1877 1160 1965 μάλιστά
1173 1876 1195 1943 οἱ

195 1971 329 2059 ένόμισε
347 1972 441 2041 εἶναι.
490 1972 698 2096 Δημάρητον
712 1970 749 2040 δὲ
769 1969 860 2063 αὐτῷ
881 1972 1013 2062 οὕνομα
1033 1984 1134 2048 έθετο
1151 1972 1194 2045 διδ

194 2070 288 2139 τόδε·
304 2072 470 2158 πρότερον
480 2072 611 2140 τούτων
624 2073 788 2157 πανδημεὶ
800 2073 1030 2161 Σπαρτιηται’
1026 2084 1194 2163 Δρίστωνι,

195 2166 240 2247 ὡς
256 2166 355 2255 ἀνδρὶ
368 2168 597 2256 εὐδοκιμέοντι
609 2166 663 2237 διά
674 2170 814 2237 πάντων
824 2168 864 2258 δη
876 2177 945 2238 τῶν
958 2174 1060 2261 βασιλ
1064 2180 1179 2244 έων
1139 2200 1195 2242 των

195 2270 232 2335 έν
265 2265 402 2355 Σπάρτη
425 2259 678 2353 γενομένων,’
657 2292 759 2391 αρην
776 2269 974 2357 ἐποιήσαντο
991 2276 1193 2363 παῖδαγενε

194 2376 291 2437 σθαι
319 2363 375 2435 διά
402 2374 501 2437 τοῦτο
522 2370 585 2455 μέν
607 2364 696 2436 οί
660 2394 698 2435 το
716 2366 847 2455 οὔνομα
866 2371 1088 2460 Δημάρητος
1096 2379 1194 2460 ἐτέθη.

143 2485 178 2541 64
193 2467 332 2552 Χρόνου
343 2468 379 2536 δὲ
393 2469 570 2557 προιόντος
580 2466 740 2555 Ἀρίστων
753 2469 815 2555 μέν
826 2466 989 2560 ἀπέθανε,
1001 2474 1196 2562 Δημάρητος

73 2564 75 2569 ’
195 2570 231 2636 δὲ
247 2574 320 2656 ἔσχε
332 2565 395 2657 τὴν
404 2575 591 2659 βασιληίην.
613 2572 685 2638 ἔδεε
695 2567 742 2656 δέ,
759 2564 804 2648 ὡς
817 2566 897 2657 οἶκε,
913 2566 1094 2643 ἀνάπυστα
1106 2574 1196 2663 γενό-

193 2694 279 2756 μενα
289 2674 392 2739 ταῦτα
403 2677 614 2740 καταπαῦσαι
625 2668 832 2757 Δημάρητον
844 2675 901 2755 τῆς
913 2677 1107 2761 βασιληίης,
1124 2666 1194 2742 δι’δι

192 2770 377 2855 Κλεομένει
390 2769 552 2858 διεβλήθη
569 2768 721 2857 μεγάλως
735 2767 902 2856 πρότερόν
916 2766 984 2837 τεὸ
1000 2772 1195 2859 Δημάρητος

192 2862 377 2952 ἀπαγαγάν
386 2866 449 2955 την
462 2866 619 2957 στρατιὴν
631 2872 664 2951 ἐξ
675 2866 861 2946 Ἐλευσῖνος
875 2870 931 2936 καὶ
942 2865 983 2956 δὴ
998 2872 1054 2939 καί
1064 2870 1138 2940 τότε
1149 2872 1185 2938 έιι

143 2978 176 3033 6⁵
192 2969 400 3053 Αἰγινητέων
410 2964 489 3048 τούς
500 2973 703 3057 μηδίσαντας
713 2965 1115 3056 διαβάντοςΚλεομένεος.
1125 2967 1194 3049 ‘0st

192 3069 312 3154 μηθείς
326 3059 375 3133 ἀν
389 3063 614 3141 ἀποτίνυσθαι
629 3068 647 3139 ὁ
661 3068 853 3154 Κλεομένης
865 3071 1060 3136 συντίθεται
1071 3076 1194 3136 Λευτυ-

191 3171 312 3257 χίδη
279 3192 326 3233 τω
312 3168 515 3253 Μενάρεος
528 3200 589 3242 του
574 3172 718 3262 Ἄγιος,
731 3168 866 3239 ἐόντι
831 3194 849 3236 ο
851 3174 987 3255 ίκίης”
946 3195 1005 3256 της
1016 3166 1119 3258 αὐτῆς
1129 3179 1195 3254 Δη-

191 3294 338 3386 μαρητω,
355 3262 449 3336 ἐπ’
421 3296 447 3361 ηε
458 3299 503 3362 τε,
517 3303 563 3363 ην
573 3273 680 3345 αὐτόν
694 3270 883 3360 καταστήσῃ
893 3272 1032 3359 βασιλέα
1044 3266 1118 3339 ἀντὶ
1127 3278 1196 3338 Δ·

192 3362 361 3451 μαρητον,
384 3366 501 3446 ἕψεταί
512 3376 545 3440 oc
531 3368 676 3440 δ’ίέιτ
630 3376 676 3440 Δί
675 3368 820 3456 γινήτας.
852 3391 870 3433 ο
858 3362 926 3432 ’δὲ
941 3368 1145 3453 Λευτυχίδης
1157 3387 1196 3451 ην

191 3464 209 3519 έ
429 3469 573 3564 ιμαρητω
588 3471 731 3560 μάλιστα
743 3462 892 3554 γεγονός
908 3460 963 3532 διά
979 3470 1115 3552 πρῆγμα
1129 3488 1194 3531 τοι
