2500 3925
270 220 281 245 Χ
350 213 427 270 LlB
456 214 501 271 111.
535 213 634 275 CAP,
659 216 823 277 lta-131.
1026 211 1088 279 259

104 370 185 456 ρείφ·
206 365 223 434 ὑ
244 368 281 436 δδ
303 368 399 457 ἀγειν
419 370 561 460 μικτήν
582 378 738 460 ταχίστην
766 372 841 464 παρ’
865 374 993 445 έωυτδν
1013 376 1087 445 έπέ-

105 474 196 535 λεοσε.
226 468 285 537 τδν
301 470 340 538 δὲ
363 468 408 553 ῦς
426 475 563 562 ἐξεῦρον
580 476 618 541 έν
640 488 724 543 τοῖσι
738 471 890 562 Ὀροίτεω
915 472 1087 564 ἀνδραπό-

106 568 176 633 δοισι
195 563 322 655 ὑκονδὴ
347 567 616 661 ἀπημελημένον,
645 580 799 663 παρῆγον
816 575 850 653 ές
866 576 969 661 μέσον
986 574 1087 655 πέδας

104 687 133 729 τε
144 664 275 733 ἕλκοντα
291 671 348 736 παλ
365 670 481 754 ὑάκεσι
498 672 697 757 ἐσθημένον.
740 670 918 741 Σταδέυτα
935 670 972 739 δδ
983 671 1016 751 ές
1027 672 1088 758 μέ·
1107 686 1155 743 Ιδο

103 774 154 820 σου
176 758 293 844 είράτα
316 756 335 827 ὑ
355 770 501 845 Δαρεῖος
521 757 582 848 τήν
602 764 722 848 τέχνην
746 766 776 829 εί
796 762 981 829 έπίσταιτο·
1010 757 1028 829 ὁ
1051 758 1083 827 δ’

102 850 153 921 οὑκ
166 853 361 945 ὑπεδέκετο,
378 856 560 948 ἀρρωδέων
592 857 637 949 μή
656 858 784 929 έωντὸν
799 860 947 949 έκφήνας
961 856 999 928 τὺ
1019 884 1089 927 πα-

99 950 198 1035 ράπαν
211 961 268 1040 τῆς
282 952 441 1037 Ἑλλάδος
456 950 476 1047 ᾖ
489 955 763 1046 ἀπεστερημένος.
801 956 973 1045 κατεφάνη
987 982 1022 1027 τε
1039 964 1084 1048 τῷ

99 1057 216 1140 Δαρείφ
240 1052 411 1139 τεχνάζειν
442 1054 678 1141 ἐπιστάμενος,
712 1057 767 1123 καὶ
795 1051 873 1134 τοὺς
897 1050 1083 1141 ἀγαγόντας

97 1141 187 1213 αὑτδν
197 1150 353 1219 ἐκέλευσε
365 1150 528 1239 μάστιγάς
539 1178 575 1221 τε
586 1154 642 1221 καὶ
652 1152 773 1239 κέντρα
783 1156 991 1242 παραφέρειν
1001 1155 1034 1233 ές
1045 1148 1082 1220 τὺ

95 1246 192 1328 μέσον.
214 1243 233 1314 ὑ
251 1247 288 1315 δὲ
302 1250 452 1319 έυδαὺτα
467 1246 508 1337 δή
524 1243 573 1318 οὑν
584 1252 745 1337 έαφαίνει,
761 1247 828 1337 φάς
842 1248 1004 1339 ἀτρεκέως
1020 1249 1083 1337 μδυ

94 1338 146 1410 οὑκ
158 1344 374 1432 ἐπίστασθαι,
389 1344 549 1437 ὁμιλήσας
563 1350 600 1418 δὲ
620 1354 722 1439 ἰητρῷ
746 1348 905 1437 φλαύρως
919 1354 1007 1437 ἔχειν
1021 1343 1083 1434 τήν

94 1444 207 1529 τέχνην.
237 1443 321 1531 μετά
344 1447 381 1516 δδ
405 1446 449 1527 ῦς
467 1451 504 1516 οδ
522 1448 697 1534 ἐπέτρεψε,
721 1444 941 1533 Ἑλληνικοῖσι
967 1445 1083 1534 λήμασι

91 1542 262 1629 χρεόμενος
281 1548 336 1613 καλ
357 1544 439 1633 ήπια
459 1544 542 1633 μετὰ
563 1542 601 1614 τά
629 1541 747 1633 ἰσχυρά
770 1546 951 1634 προσάγων
971 1542 1083 1613 ὑπνου

91 1640 123 1705 τέ
133 1666 189 1725 μιν
202 1642 387 1729 λαγχάνειν
403 1646 511 1712 ἐποίεε
531 1645 587 1713 καί
608 1645 646 1713 έν
660 1644 771 1736 χράνφ
785 1640 886 1734 ὑλίγφ
908 1642 1002 1729 ὑγιέα
1022 1666 1081 1727 μιν

90 1738 177 1808 έδντα
193 1739 351 1829 ἀπέδεξε,
367 1742 497 1831 οῦδαμά
513 1751 561 1814 ἔτι
578 1747 747 1827 ἐλπίζοντα
761 1742 925 1833 ἀρτίπουν
934 1749 1080 1812 ἔσεσθαι.

90 1842 237 1921 δωρέεται
256 1842 299 1929 δή
314 1870 374 1929 μιν
388 1839 469 1931 μετά
483 1850 586 1912 ταῦτα
600 1842 619 1913 ὑ
631 1855 776 1926 Δαρεῖος
788 1845 917 1911 πεδέων
928 1840 1080 1930 χρυσέων

91 1939 143 2007 δὺο
154 1940 334 2029 ζεῦγεσιὺ
350 1946 388 2014 δέ
397 1971 456 2030 μιν
469 1945 630 2031 έπείρετο,
642 1952 676 2012 εί
685 1946 720 2012 οδ
732 1940 909 2030 διπλήσιον
923 1935 960 2007 τδ
976 1937 1081 2008 κακὺν

88 2039 227 2127 ἐπίτηδες
248 2045 358 2129 νέμει,
385 2042 436 2111 ὅτι
456 2069 517 2130 μιν
537 2039 632 2129 ὑγιέα
653 2043 795 2127 έποίησε.
840 2034 956 2128 ἡσθείς
979 2037 1015 2108 δὲ
1037 2043 1081 2128 τῷ

86 2141 152 2207 ἔπει
160 2137 179 2209 ὑ
195 2149 342 2228 Δαρείος
355 2136 543 2227 ἀποπέμπει
563 2168 624 2229 μιν
638 2137 728 2229 παρά
743 2137 802 2219 τάς
818 2140 946 2207 ἑωυτοῦ
961 2153 1082 2224 γυναί-

87 2261 147 2315 κας.
167 2236 379 2325 παράγοντες
393 2238 430 2307 δδ
444 2243 479 2307 οί
494 2237 650 2326 εὑνοῦχοι
666 2244 781 2325 ἔλεγον
792 2235 876 2326 πρὸς
890 2234 948 2316 τὰς
961 2251 1081 2324 γυναῖ-

86 2364 152 2423 κας,
169 2335 215 2416 ὡς
231 2342 363 2426 βασιλέι·
372 2332 471 2418 οὑτος
485 2349 536 2427 είη
552 2339 589 2418 ὃς
604 2338 667 2426 τήν
682 2335 792 2426 ψυχήν
807 2333 966 2406 ἀπέδωκε.
994 2333 1080 2404 ὑπο-

85 2435 250 2504 τύπτουσα
270 2437 308 2504 δδ
329 2434 460 2505 αὐτέων
481 2438 601 2524 ἑκάστη
618 2437 724 2524 φιάλη
738 2437 771 2513 ές
791 2441 851 2502 τοῦ
869 2439 997 2520 χρυσοῦ
1018 2430 1080 2518 τήν

86 2531 190 2619 θήκην
203 2536 371 2620 έδωρέετο
395 2533 455 2603 τδν
470 2535 691 2621 Δημοκήδεα,
717 2531 807 2600 οὑτω
833 2528 876 2618 δή
897 2556 928 2598 τι
949 2531 1082 2610 δαψιλέι

85 2637 202 2722 δωρεῇ,
218 2629 264 2712 ὦς
276 2630 356 2712 τοῦς
370 2630 617 2712 ἀποπίπτοντας
631 2629 697 2700 ἀπὸ
715 2636 783 2698 τῶν
796 2629 946 2715 φιαλέων
960 2634 1079 2713 στατή·

84 2753 138 2810 ρας
151 2729 315 2816 ἑπόμενος
331 2728 350 2800 ὑ
366 2734 509 2818 οίκέτης,
528 2737 573 2820 τῷ
587 2728 717 2816 οὔνομα
733 2721 777 2816 ἦν
791 2734 940 2813 Σκίτων,
962 2723 1080 2794 ἀνελέ-

84 2853 169 2914 γετο,
184 2834 245 2896 καί
252 2832 288 2897 οδ
295 2835 406 2916 χρῆμα
421 2828 548 2898 πολλόν
569 2855 601 2895 τι
616 2834 744 2916 χρυσοῦ
759 2829 954 2912 συνελέχθη.

135 2922 171 2994 '0
189 2926 229 2993 δδ
239 2927 443 3015 Δημοκήδης
461 2919 559 3005 οῦτος
573 2918 638 2993 οἶδε
654 2927 690 2994 ἐκ
705 2923 882 3013 Κρότωνος
897 2922 1079 3010 ἀπιγμένος
1097 2947 1143 3002 ςςι

83 3023 291 3110 Πολυκράτεϊ
305 3022 464 3110 ὡμίλησε·
488 3027 587 3111 πατρὶ
603 3029 773 3110 συνείχετο
794 3025 831 3091 έν
844 3023 999 3111 Κρότωνι
1019 3018 1079 3107 ὀρ-

83 3117 141 3205 γήν
157 3128 305 3212 χαλεπῷ·
322 3127 444 3189 τοῦτον
463 3123 571 3190 έπείττ
588 3118 652 3190 οῦκ
665 3121 806 3189 έδῦνατο
815 3123 942 3206 φέρειν,
958 3116 1078 3186 ἀπολι-

82 3215 151 3284 τδν
164 3227 270 3304 οίχετο
282 3220 316 3296 ές
322 3226 477 3305 Αίγιναν.
493 3216 657 3297 καταστάς
671 3217 707 3288 δὲ
718 3221 751 3296 ἐς
762 3217 887 3300 ταύτην
901 3219 945 3305 τῷ
957 3212 1077 3306 προέτφ

82 3318 144 3382 ἔτει
165 3311 389 3403 ὑπερεβάλετο
412 3313 491 3396 τοὺς
517 3315 641 3395 ἀλλους
666 3310 818 3402 ίητροὺς,
847 3309 990 3400 ἀσκευής
1014 3339 1077 3402 περ
1204 3365 1205 3368 ,

83 3407 143 3477 έδν
157 3416 212 3481 καὶ
228 3418 314 3499 ἔχων
326 3410 428 3481 οὐδὲν
438 3421 506 3482 τῶν
517 3412 580 3482 ὅσα
595 3416 672 3497 περὶ
683 3410 745 3498 τήν
762 3412 879 3497 τέχνην
896 3413 963 3481 έστδ
977 3414 1077 3500 έργα-
