2500 3925
165 220 227 286 176
542 223 797 282 HERODOTI

162 387 317 472 τημορλς,
337 385 395 452 λ’να
411 383 516 473 τοιότη
532 387 637 471 διεξίῃ
653 381 766 452 ἅπασα
785 380 806 470 ἡ
822 383 957 472 στρατιὴ
979 387 1013 465 ές
1025 391 1174 471 Περραι-

163 482 273 570 βούς,
287 487 323 552 οί
331 483 368 553 δέ
379 481 420 571 δή
431 481 576 573 κήρυκες
587 485 621 550 οί
631 479 907 570 ἀποπεμφθέντες
919 485 952 562 ές
962 480 1024 571 τήν
1032 480 1175 551 Ἑλλάδα

163 584 218 651 έπλ
235 589 296 670 γῆς
314 591 446 672 αίτησιν
463 579 621 669 ἀπίκατο,
646 587 681 652 οί
692 584 755 669 μὲν
770 585 894 671 κεινοί,
915 587 949 652 οί
962 581 999 652 δέ
1014 582 1175 670 φέροντες

96 701 147 756 132
161 690 227 772 γήν
239 710 276 752 τε
290 688 346 753 καλ
359 683 463 772 ὕδωρ.
506 688 584 752 Τόν
599 683 636 750 δέ
656 681 788 752 δόντων
802 690 905 752 ταῦτα
920 684 1075 770 έγένοντο
1091 682 1173 765 οἵδε,

164 785 338 869 Θεσσαλοὶ,
354 782 519 868 Δόλοπες,
544 771 701 868 Ἐνιῆνες,
718 784 912 872 Περραιβοὶ,
930 783 1072 868 Λοκροί,
1090 778 1174 846 Μά-

163 907 298 968 γνητες,
314 885 479 968 Μηλιέες,
490 878 613 967 Ἀχαιολ
626 885 661 948 οί
675 887 821 968 Φθιήται
837 883 892 949 καλ
909 887 1050 967 Θηβαῖοι
1067 881 1123 946 καὶ
1141 877 1175 944 οί

163 979 406 1048 άλλοιΒοιωτολ
416 977 506 1066 πλήν
513 981 686 1047 Θεσπιέων
696 1005 732 1048 τε
743 983 798 1048 καὶ
804 979 1008 1048 Πλαταιέων.
1026 978 1080 1046 έπί
1090 974 1173 1044 τοά-

162 1096 249 1146 τοιοι
264 1073 459 1164 οίἝλληνες
474 1083 597 1165 έταμον
611 1075 730 1164 ὅρκιον
744 1082 778 1147 ολ
792 1084 837 1170 τῷ
848 1077 1009 1168 βαρβάρῳ
1023 1077 1173 1162 πόλεμον

162 1172 364 1262 ἀειράμενοι.
387 1173 424 1244 τὸ
437 1175 474 1244 δέ
487 1174 606 1264 ὅρκιον
620 1169 686 1244 άδε
704 1173 784 1262 εἶχε·
804 1173 898 1244 Ὅσοι
911 1183 957 1267 τῷ
967 1179 1081 1264 Πέρση
1095 1176 1173 1242 έδο-

162 1292 227 1340 σαν
237 1276 341 1359 σφέας
351 1271 639 1362 αότοδςἝλληνες
651 1275 762 1356 έόντες
771 1271 816 1362 μή
827 1271 1098 1363 ἀναγκασθέντες
1108 1297 1172 1340 κα·

161 1371 355 1441 τοιστάντων
369 1393 431 1460 σφι
448 1367 488 1442 εά
501 1381 570 1442 τάν
583 1373 808 1462 πρηγμάτων,
822 1374 964 1452 τούτους
975 1376 1172 1442 δεκατεῦσαι

161 1480 207 1563 τῷ
219 1474 256 1541 έν
266 1481 432 1560 Δελφοῖσι
440 1480 521 1563 θεῷ.
537 1472 574 1542 τό
587 1471 702 1561 μὲνδὴ
714 1471 832 1558 όρκιον
844 1465 909 1540 ὦδε
921 1471 984 1559 εἶχε
998 1486 1084 1540 τοῖσι
1093 1467 1173 1538 Ἕλ-

94 1584 145 1642 133
161 1581 254 1658 λησι,
272 1573 306 1649 ές
320 1572 357 1639 δέ
368 1567 513 1659 Ἀθήνας
527 1575 582 1640 καί
596 1571 760 1657 Σπάρτην
777 1567 840 1638 οὐκ
860 1567 1033 1656 ἀπέπεμψε
1046 1569 1171 1656 Ξέρξης

161 1674 214 1739 ἐπὶ
229 1676 290 1757 γῆς
305 1678 436 1756 αίτησιν
452 1671 600 1758 κήρυκας
615 1674 721 1737 τάνδε
739 1671 884 1737 εἵνεκεν·
912 1667 1077 1756 πρότερον
1094 1676 1171 1735 Δα-

161 1773 256 1858 ρείου
270 1772 462 1855 πέμψαντος
482 1767 535 1836 ἐπ’
552 1764 634 1838 αότό
657 1775 755 1839 τοῦτο
771 1768 879 1855 οἱμὲν
893 1765 1006 1836 αὐτόν
1021 1762 1101 1843 τούς
1116 1769 1171 1830 αί-

160 1872 294 1948 τέοντας
308 1872 342 1950 ἐς
357 1866 395 1936 τό
411 1869 606 1958 βάραθρον,
622 1875 657 1939 οί
670 1868 701 1937 δ’
719 1871 752 1950 ἐς
765 1872 873 1958 φρέαρ
885 1866 1083 1957 ἐσβαλόντες
1097 1864 1172 1932 ε’κέ-

160 1978 263 2037 λευον
275 1974 339 2056 γῆν
356 1994 392 2036 τε
407 1970 463 2037 καὶ
477 1966 570 2056 ὕδωρ
585 1972 622 2039 έκ
636 1970 765 2039 τούτων
780 1976 898 2057 φέρειν
911 1964 1003 2057 παρὰ
1019 1966 1168 2055 βασιλέα.

158 2064 290 2134 τούτων
306 2064 369 2150 μέν
380 2068 509 2134 εἵνεκεν
522 2064 586 2135 οὐκ
600 2072 726 2154 έπεμψε
736 2070 859 2155 Ξέρξης
873 2064 951 2146 τούς
961 2065 1168 2152 αἰτήσοντας.

159 2162 179 2231 ό
194 2189 226 2232 τι
243 2164 279 2232 δλ
292 2176 377 2231 τοῖσι
397 2161 604 2250 Ἀθηναίοισι
625 2173 729 2235 ταῦτα
744 2166 902 2253 ποιήσασι
924 2162 1003 2245 τούς
1020 2164 1171 2253 κήρυκας

159 2264 338 2351 συνήνεικε
348 2260 554 2349 ἀνεθέλητον
563 2268 735 2353 γενέσθαι,
752 2263 814 2334 οὐκ
826 2271 889 2353 ἔχω
901 2264 1001 2353 εἶπαι,
1016 2262 1105 2351 πλήν
1116 2262 1170 2331 ὅτι

159 2365 273 2451 σφέων
287 2358 308 2447 ή
322 2359 413 2449 χάρη
428 2364 483 2429 καὶ
497 2357 518 2448 ή
533 2361 631 2441 πόλις
646 2364 804 2451 έδηιοέθη.
834 2360 918 2433 ἀλλά
939 2369 1037 2432 τοῦτο
1052 2359 1094 2431 οά
1112 2360 1169 2430 διά

93 2484 145 2541 134
158 2464 284 2549 ταύτην
292 2457 356 2547 τήν
366 2466 475 2547 αίτίην
486 2463 591 2531 δοκέω
600 2465 770 2547 γενέσθαι.
791 2469 884 2531 Τοῖσι
897 2463 933 2532 δὲ
945 2454 1170 2533 άνΑακεδαι-

159 2568 305 2651 μονίοισι
319 2564 418 2645 μῆνις
432 2561 618 2645 κατέσκηψε
637 2566 833 2647 Ταλθυβίου
847 2568 907 2630 τοῦ
921 2559 1168 2649 Ἀγαμέμνονος

158 2658 314 2747 κήρυκος.
344 2661 382 2726 έν
397 2655 461 2745 γάρ
476 2660 619 2746 Σπάρτη
640 2659 709 2726 έστί
725 2665 922 2747 Ταλθυβίου
939 2663 1031 2748 ἱρόν,
1053 2662 1115 2728 είσὶ
1131 2659 1167 2725 δὲ

157 2760 214 2825 καλ
224 2753 389 2843 ἀπόγονοι
402 2761 599 2842 Ταλθυβίου
613 2748 847 2846 Ταλθυβιάδαι
859 2759 1066 2845 καλεόμενοι,
1081 2770 1170 2824 τοῖσι

158 2857 196 2922 αί
207 2860 387 2943 κηρυκηίαι
401 2856 438 2921 αί
451 2854 487 2921 ἐκ
497 2854 657 2942 Σπάρτης
667 2864 770 2925 πᾶσαι
786 2860 886 2942 γέρας
897 2857 1059 2925 δέδονται.
1083 2851 1168 2939 μετά

158 2957 195 3022 δέ
208 2960 314 3023 ταῦτα
326 2968 412 3023 τοῖσι
426 2955 656 3044 Σπαρτιήτῃσι
670 2962 867 3043 καλλιρήσαι
883 2958 1084 3042 θυομένοισι
1104 2951 1168 3023 οὐκ

157 3052 308 3121 έδάνατο.
331 3059 429 3121 τοῦτο
442 3049 473 3119 δ’
487 3054 540 3120 ἐπὶ
549 3052 673 3141 χρόνοι·
684 3052 810 3141 συχνόν
820 3048 864 3141 ἦν
875 3074 944 3141 σφι.
966 3052 1168 3140 ἀχθομένων
1240 3116 1241 3145 ,

157 3153 194 3221 δέ
203 3154 259 3221 καὶ
268 3158 427 3241 συμφορή
435 3155 626 3239 χρεομένων
632 3158 917 3241 Λακεδαιμονίων,
930 3149 1025 3239 ἁλίης
1034 3176 1069 3220 τε
1080 3159 1167 3219 πολ·

156 3253 251 3331 λάκις
262 3256 507 3339 συλλεγομένης
521 3256 576 3319 κοιλ
587 3253 743 3340 κήρυγμα
753 3253 886 3323 τοιόνδε
900 3254 1122 3338 ποιευμένων,
1137 3259 1170 3317 εί
1240 3244 1241 3301 ἓ

155 3378 205 3430 τις
218 3354 374 3439 βοάλοιτο
390 3359 665 3441 Λακεδαιμονίων
679 3353 744 3444 πρό
763 3363 820 3443 τής
835 3354 994 3443 Σπάρτης
1008 3350 1167 3441 άποθνήε
1240 3340 1241 3371 f

156 3470 267 3537 σκειν,
290 3459 462 3539 Σπερθίης
475 3481 511 3522 τε
525 3453 544 3522 ὁ
562 3453 757 3542 Ἀνηρίστου
772 3459 827 3525 καὶ
840 3462 962 3533 Βοῦλις
975 3454 993 3522 ὁ
1008 3455 1167 3523 Νικόλεω
