2500 3925
338 234 424 291 L1B.
457 233 504 292 ἰι
537 233 635 292 σεε.
671 239 845 295 109-115.
1033 231 1096 296 109

85 392 266 483 όλεθρίην,
280 388 434 481 ὁρέοντες
446 387 574 470 ἀύτούς
587 388 741 480 όλίγους,
756 393 811 461 καὶ
824 391 965 472 τούτους
981 390 1095 484 δρόμφ

85 495 322 581 ἐπειγομένους
332 487 411 559 οὔτε
421 493 528 559 ἵππον
542 488 758 580 ὑπαρχούσης
768 515 830 579 σφι
843 491 921 560 ούτε
931 492 1094 580 τοξευμά·

85 622 163 665 των.
186 599 291 661 ταῦτα
307 594 370 679 μέν
384 615 451 659 νυν
465 595 501 660 οί
511 591 680 680 βάρβαροι
694 597 903 679 κατείκαζον,
920 587 1093 676 Ἀθηναῖοι

83 695 123 762 δὲ
133 694 242 761 ἐπείτε
260 689 383 777 άθρόοι
396 693 601 779 προσέμιξαν
609 705 695 762 τοῖσι
707 690 917 780 βαρβάροισι,
933 690 1093 779 ἐμάχοντο

84 788 185 872 ἀξίας
194 788 309 875 λόγου.
322 795 449 875 πρῶτοι
459 787 521 875 μὲν
530 786 594 875 γάρ
600 786 769 877 Ἐλλήνων
776 790 914 858 πάντων
923 796 993 858 τῶν
1000 786 1094 877 ἡμεῖς

85 894 184 976 ίδμεν
203 885 318 978 δρόμφ
335 890 369 966 ἐς
388 895 568 975 πολεμίους
587 887 789 976 ἐχρήσαντο,
811 897 938 977 πρῶτον
956 889 994 960 δὲ
1015 885 1095 958 άυέ-

85 1010 205 1074 σχοντο
214 987 340 1076 ἐσθήτά
349 985 551 1075 τεΜηδικὴν
561 984 714 1073 ὁρέοντες
724 988 864 1068 καὶτοὺς
875 987 1000 1078 ἄνδρας
1011 987 1094 1056 ταύ-

83 1112 147 1173 την
162 1087 385 1172 ἐσθημένους·
407 1087 487 1164 τέως
501 1087 539 1154 δὲ
548 1078 594 1174 ήν
601 1101 689 1155 τοῖσι
696 1084 831 1174 Ἕλλησι
847 1090 902 1155 καί
912 1085 949 1155 τό
963 1084 1093 1172 οὔνομα

85 1181 123 1252 τό
136 1182 269 1270 Μήδαν
285 1182 392 1272 φόβος
405 1181 558 1254 ἀκούσαι.
581 1190 796 1274 Μαχομένων
811 1185 847 1254 δὲ
862 1188 899 1256 ἐν
912 1192 960 1278 τῷ
970 1193 1094 1271 Μαρα-
1110 1206 1160 1262 111

84 1287 175 1349 θάνε
189 1278 310 1368 χρόνος
321 1284 446 1369 ἐγίνετο
463 1283 594 1362 πολλός.
616 1282 720 1352 καίτό
733 1285 795 1372 μέν
805 1287 908 1373 μέσον
919 1291 980 1353 τοῦ
991 1305 1093 1373 στρα·

84 1387 229 1453 τοπέδου
242 1382 372 1450 ε’νίκεον
380 1385 416 1450 οί
420 1381 594 1474 βάρβαροι,
613 1391 654 1475 τῇ
663 1387 790 1473 Πέρσαι
801 1412 837 1454 τε
847 1383 943 1454 αύτοδ
953 1384 1090 1454 καὶΣά·

84 1511 143 1553 και
157 1483 344 1569 ἐτετάχατο·
370 1480 455 1552 κατά
469 1489 569 1551 τοῦτο
589 1483 653 1572 μὲν
671 1480 713 1571 δή
729 1485 904 1552 ἐνίκεονοί
914 1482 1092 1572 βάρβαροι,

85 1582 142 1651 καὶ
155 1581 314 1670 ῥήξαντες
324 1583 465 1650 ἐδίωκον
476 1585 510 1662 ἐς
519 1579 582 1669 τήν
593 1581 788 1669 μεσόγαιαν,
804 1580 841 1650 νδ
854 1583 890 1650 δὲ
903 1585 1002 1666 κέρας
1014 1579 1092 1650 ἑκά·

84 1707 185 1770 τερον
197 1678 508 1770 ἐνίκεονἈθηνατοί
517 1709 553 1750 τε
561 1681 810 1761 καίΠλαταιέες.
830 1682 994 1760 ναίοντες
1007 1681 1043 1748 δὲ
1054 1677 1091 1746 τὸ

83 1784 147 1871 μέν
163 1785 389 1871 τετραμμένον
402 1789 471 1852 τῶν
485 1782 670 1871 βαρβάρων
691 1782 832 1870 φεύγειν
847 1788 929 1868 έιου,
950 1794 1035 1850 τοῖσι
1056 1781 1092 1847 δὲ

83 1878 122 1950 τό
134 1881 238 1970 μέσον
247 1882 366 1970 ῥήξασι
375 1878 489 1949 αύτάν
496 1880 746 1969 συναγαγόντες
756 1878 797 1950 τά
810 1883 908 1970 κέρεα
919 1879 1098 1968 ἀμφότερα.

85 1980 247 2068 ἐμάχοντο
256 1980 314 2047 καὶ
323 1980 453 2047 ἐνίκεον
465 1977 647 2068 Ἀθηναῖοι.
670 1981 836 2068 φεύγουσι
849 1983 886 2048 δὲ
902 1993 988 2049 τοῖσι
1002 1978 1092 2064 Πέρ-

85 2101 163 2171 σησι
177 2083 312 2149 εἵποντο
326 2080 522 2169 κόπτοντες,
544 2086 578 2163 ἐς
594 2081 615 2151 δ
634 2085 687 2153 ε’πλ
701 2080 764 2171 τήν
779 2083 957 2152 θάλασσαν
971 2076 1094 2149 ἐπικό-

85 2207 180 2269 μενοι
194 2188 263 2270 πῦρ
277 2208 313 2251 τε
327 2191 440 2252 αίτεον
453 2186 510 2254 καί
524 2186 794 2273 ἐπελαμβάνοντο
808 2192 877 2254 τάν
892 2190 988 2253 νεῶν.
1027 2180 1093 2249 Καί
1111 2198 1159 2252 111

83 2287 183 2351 τοῦτο
196 2282 259 2369 μέν
272 2282 309 2349 ἐν
321 2282 431 2375 τούτφ
450 2289 497 2375 τῷ
510 2283 606 2375 πόνφ
623 2281 641 2352 ὁ
660 2289 865 2371 πολέμαρχος
883 2287 1092 2368 Καλλίμαχος

84 2385 326 2468 διαφθείρεται,
341 2379 428 2470 άνήρ
439 2383 622 2470 γενόμενος
633 2380 773 2470 άγαθδς,
786 2379 851 2450 άπδ
864 2379 896 2449 δ’
909 2386 1013 2449 ἔθανε
1023 2382 1092 2446 τάν

84 2485 277 2566 στρατηγῶν
286 2488 476 2567 Στησίλεως
487 2479 505 2550 ὁ
519 2482 715 2571 Θρασύλεω,
727 2489 826 2549 τούτο
839 2480 875 2547 δέ
887 2483 1093 2565 Κυνέγειρος

85 2574 348 2666 όΕύφορίωνος
374 2582 524 2650 ἐνθαῦτα
551 2581 792 2667 ἐπιλαβόμενος
818 2587 886 2649 τῶν
909 2576 1091 2665 άφλάσταν

84 2674 170 2763 νεδς,
188 2673 250 2764 τήν
262 2691 356 2767 χεῖρα
366 2673 547 2757 ἀποκοπεὶς
558 2684 691 2747 πελέκεϊ
703 2685 824 2765 πίπτει,
838 2684 936 2745 τοῦτο
948 2676 985 2746 δέ
996 2675 1090 2746 ἄλλοι

81 2775 271 2863 Ἀθηναίων
285 2784 408 2847 πολλοί
419 2803 454 2846 τε
469 2780 525 2846 καί
539 2775 750 2864 ούνομαστοί.
784 2773 886 2845 Ἑπτὰ
897 2790 959 2863 μεν
971 2773 1012 2863 δή
1024 2783 1092 2844 τῶν
1110 2792 1141 2846 11

83 2883 171 2944 νειόν
183 2877 411 2964 ἐπεκράτησαν
420 2878 533 2969 τρόπφ
544 2877 686 2968 τοιούτῳ
694 2874 877 2963 Ἀθηναῖοι,
885 2884 960 2965 τῇσι
972 2877 1008 2943 δὲ
1019 2883 1091 2973 λοι-

83 2983 163 3065 πήσι
175 2980 209 3044 οί
217 2976 382 3065 βάρβαροι
393 2979 736 3065 ἐξανακρουσάμενοι,
751 2980 806 3045 καί
817 2974 1043 3063 ἀναλαβόντες
1054 2979 1090 3042 ἐκ

83 3083 140 3163 τής
150 3076 268 3163 νήσου,
285 3079 321 3144 έν
332 3084 371 3166 τῇ
382 3083 514 3164 ἔλιπον,
530 3074 570 3145 τά
584 3080 617 3157 ἐξ
631 3074 795 3165 Ἐρετρίης
806 3074 1013 3162 ἀνδράποδα,
1030 3100 1090 3143 πε·

83 3177 248 3262 ριέπλωον
262 3175 425 3261 Σούνιον,
443 3175 646 3265 βουλόμενοι
658 3182 790 3263 φθῆναι
801 3172 880 3254 τούς
890 3172 1090 3259 Ἀθηναίους

82 3270 281 3359 ἀπικόμενοι
301 3276 335 3352 ἐς
347 3271 386 3341 τδ
405 3272 498 3343 άστυ.
528 3281 614 3361 αίτίη
631 3277 668 3342 δέ
684 3280 757 3361 ἔσχε
773 3275 809 3342 ἐν
828 3271 1037 3361 Ἀθηναίοισι
1057 3273 1091 3353 ἐξ

79 3376 365 3464 Ἀλκμαιωνιδέαν
388 3386 536 3467 μηχανῆς
564 3376 688 3458 αύτούς
715 3387 819 3447 ταῦτα
850 3382 1090 3467 ἐπινοηθῆναι·

83 3474 222 3558 τούτους
231 3474 296 3565 γάρ
308 3480 540 3566 συνθεμένους
549 3492 635 3548 τοῖσι
642 3480 789 3566 Πέρσησι
803 3474 958 3560 ἀναδέξαι
967 3476 1090 3549 ἀσπίδα
