2500 3925
132 171 151 233 8
513 175 766 234 HERODOTI

131 341 195 404 τίαι
209 335 318 416 λζοντο
338 347 423 404 τοῖσι
436 337 594 424 Πέρσησι.
624 337 775 404 ένθαῦτα
795 341 829 405 οί
841 341 970 424 Πέρσαι
988 340 1135 429 ἰδόμενοι

130 450 292 524 γυναῖκας
307 432 499 524 εὐμόρφους
517 441 634 522 ἔλεγον
653 435 738 525 πρός
754 435 921 526 Ἀμύντην
938 440 1089 530 φάμενοι
1097 442 1134 512 τό

130 536 274 623 ποιηθέν
294 541 393 604 τοῦτο
418 531 519 604 οὐδὲν
540 535 624 604 εἶναι
645 537 772 622 σοφόν·
804 541 948 625 κρέσσον
967 538 1033 626 γάρ
1052 539 1132 610 εἶναι

130 635 286 723 ἀρχῆθενι
299 633 343 724 μὴ
365 639 479 704 έλθείν
500 633 559 714 τάς
582 650 745 721 γυναῖκας
768 632 982 722 ἢέλθούσας
1009 642 1065 707 καλ
1088 639 1133 727 μη

129 728 350 820 παριζομένας
367 731 481 813 ἀντίας
498 737 627 816 ἵζεσθαι
648 732 836 820 ἀλγηδόνας
856 754 917 822 σφι
934 735 1132 826 ὀφθαλμῶν.

130 832 396 920 ἀναγκαζόμενος
412 834 447 901 δὲ
463 830 655 920 δἈμύντης
670 836 801 902 ἐκέλευε
815 841 981 923 παρίζειν·
1013 847 1133 904 πειθο-

129 935 241 1020 μένων
263 935 299 1001 δέ
317 935 385 1003 τῶν
405 937 578 1020 γυναικῶν
599 929 719 1000 αὐτίκα
742 938 777 1001 οί
792 935 921 1021 Πέρσαι
942 942 1078 1020 μαστῶν
1097 961 1133 1002 τε

129 1031 289 1120 ἅπτοντο,
312 1029 366 1102 οἷα
387 1033 536 1112 πλεόνως
556 1035 751 1120 οἰνωμένοι,
772 1039 831 1102 καί
847 1035 912 1102 κού
932 1060 981 1113 τις
1001 1037 1056 1103 καλ
1073 1061 1125 1122 φι-

84 1144 113 1197 19
128 1136 215 1200 λέειν
230 1135 391 1219 ἐπειρᾶτο.
434 1131 594 1220 Ἀμύντης
608 1136 670 1221 μὲν
686 1131 727 1222 δὴ
742 1140 847 1202 ταῦτα
867 1131 975 1221 ὁρέων
989 1131 1131 1221 ἀτρέμας

129 1229 209 1317 εἶχε,
231 1236 349 1316 καίπερ
365 1237 580 1318 δυσφορέων,
603 1226 657 1300 οἷα
671 1230 939 1321 ὑπερδειμαίνων
952 1231 1030 1312 τούς
1041 1235 1128 1318 Πέρ-

127 1349 203 1414 σας,
221 1327 435 1417 Ἀλέξανδρος
455 1331 491 1400 δέ
512 1328 530 1398 ὁ
549 1329 717 1418 Ἀμύντεω
737 1331 873 1419 παρεόν
892 1357 928 1400 τε
949 1335 1004 1400 καλ
1024 1330 1130 1420 ὁρέων

127 1434 246 1514 ταῦτα,
269 1425 326 1495 ἀτε
347 1429 422 1508 νέος
445 1448 481 1497 τε
500 1427 566 1497 έῶν
590 1432 645 1498 καλ
668 1437 781 1498 κακῶν
803 1427 953 1518 ἀπαθής,
976 1429 1130 1518 οὐδαμῶς

126 1531 173 1593 έτι
193 1527 342 1612 κατέχειν
364 1522 433 1607 οἷός
455 1536 489 1596 τ’
513 1520 574 1615 ἦν,
604 1525 688 1596 ῶστε
711 1527 747 1596 δέ
772 1529 900 1616 βαρέως
924 1533 1038 1616 φέρων
1059 1527 1129 1596 εἶπε

126 1623 209 1708 πρός
221 1622 388 1713 Ἀμύντην
402 1626 495 1695 τάδε·
516 1628 571 1696 Σο)
586 1629 664 1714 μὲν,
688 1621 715 1696 ῶ
729 1630 849 1716 πάτερ,
873 1629 939 1698 εἶκε
952 1639 992 1719 τῇ
1004 1629 1128 1718 ἡλικίη,

126 1721 236 1791 ἀπιόν
249 1749 285 1790 τε
295 1720 480 1822 ἀναπαύεο,
494 1725 576 1811 μηδὲ
588 1725 726 1813 λιπάρεε
740 1733 780 1816 τῇ
794 1728 882 1813 πόσι,
899 1724 963 1814 έγῶ
976 1729 1011 1795 δὲ
1022 1747 1129 1816 προσ·

126 1827 237 1910 μένων
252 1821 357 1891 αὐτοῦ
372 1829 449 1914 τῇδε
465 1825 574 1893 πάντα
589 1823 630 1892 τά
645 1827 798 1914 ἐπιτήδεα
815 1831 945 1913 παρέξω
961 1841 1046 1897 τοῖσι
1062 1831 1127 1908 ξεί-

125 1941 222 1992 νοισι.
271 1919 364 2010 Πρός
388 1931 492 1993 ταῦτα
513 1928 624 2004 συνείς
652 1923 671 1993 ὁ
693 1922 870 2014 Ἀμύντης,
904 1925 954 1994 ότι
980 1927 1127 2015 νεῶτεροι

125 2023 300 2110 πρήγματα
317 2024 455 2111 πρήξειν
476 2026 590 2110 μέλλοι
608 2020 837 2112 Ἀλέξανδρος,
859 2030 965 2111 λέγει·
999 2018 1040 2093 Ὦ
1056 2039 1128 2110 παῖ,

125 2121 243 2210 σχεδόν
258 2123 323 2211 γάρ
340 2143 400 2191 σευ
411 2121 663 2211 ,ἀνακαιομένου
677 2131 813 2212 συνίημι
827 2122 906 2205 τούς
920 2124 1057 2213 λόγους,
1075 2124 1127 2193 ὅτι

125 2228 251 2304 ἐθέλεις
266 2225 322 2311 ἐμὲ
337 2227 504 2311 ἐκπέμψας
519 2230 646 2293 ποιέειν
665 2252 697 2293 τι
713 2225 895 2312 νεώτερον·
923 2223 987 2312 έγῶ
1004 2219 1052 2295 ῶν
1066 2247 1127 2293 σευ

123 2330 241 2411 χρηίζω
261 2326 366 2410 μηδὲν
386 2331 573 2411 νεοχμῶσαι
590 2324 666 2416 κατ’
684 2324 809 2411 ἀνδρας
828 2325 985 2412 τούτους,
1007 2328 1063 2392 ἵνα
1081 2328 1125 2412 μὴ

124 2422 283 2509 ἐξεργάσῃ
293 2420 406 2510 ἡμέας,
421 2420 505 2493 ἀλλά
518 2420 637 2509 ἀνέχευ
649 2420 757 2509 ὁρέων
766 2422 808 2492 τά
818 2424 1017 2510 ποιεύμενα·
1040 2420 1126 2510 ἀμφλ

74 2532 107 2585 20
125 2520 160 2587 δὲ
175 2518 289 2610 ἀπόδῳ
306 2528 346 2610 τῇ
361 2523 421 2609 ἐμῇ
436 2527 593 2608 πείσομαί
604 2548 665 2591 τοι,
702 2520 761 2601 Ὡς
775 2524 812 2591 δὲ
826 2520 844 2591 ὁ
856 2520 1018 2610 Ἀμύντης
1031 2528 1126 2609 χρηί-

122 2641 181 2700 σας
195 2621 325 2689 τούτων
337 2621 481 2709 οίχῶκεε,
494 2624 583 2708 λέγει
593 2620 611 2690 ὁ
623 2619 837 2711 Ἀλέξανδρος
848 2621 932 2708 πρὸς
945 2620 1024 2701 τούς
1034 2624 1125 2708 Πέρ-

121 2743 196 2801 σας·
224 2730 414 2795 ΙΠυναικῶν
440 2723 587 2811 τούτων,
617 2718 644 2792 ῶ
669 2730 788 2811 ξεῖνοι,
817 2723 924 2812 πολλή
950 2726 1019 2792 ἐστι
1042 2719 1125 2810 ὑμῖν

120 2820 287 2906 εὐπέτεια,
309 2822 364 2887 καὶ
376 2827 406 2889 εί
418 2821 542 2911 πάσησι
557 2824 726 2909 βούλεσθε
739 2830 918 2911 μίσγεσθαι
931 2827 987 2892 καὶ
1002 2820 1125 2911 ὁκοση-

120 2926 203 2987 σιῶν
217 2916 353 2987 αὐτέων.
377 2920 501 2987 τούτου
512 2922 574 3006 μέν
584 2926 660 3009 πέρι
672 2919 768 2991 αὐτοὶ
778 2920 1041 3010 ἀποσημανέετε·
1057 2930 1125 2990 νῦν

119 3016 171 3101 δέ,
194 3013 312 3101 σχεδόν
333 3013 397 3101 γάρ
421 3014 485 3103 ἤδη
505 3024 563 3101 τῆς
585 3025 696 3105 κοίτης
715 3018 786 3106 ῶρη
808 3022 1024 3106 προσέρχεται
1042 3017 1124 3105 ὑμῖν

118 3115 173 3183 καὶΙ
187 3119 295 3191 καλῶς
311 3118 445 3198 ἔχοντας
459 3111 562 3200 ὑμέας
578 3112 663 3203 ὁρέω
677 3116 798 3204 μέθης,
814 3130 976 3204 γυναῖκας
989 3116 1122 3201 ταύτας,

118 3216 147 3279 εί
167 3209 248 3295 ὑμῖν
267 3214 369 3297 φίλον
389 3213 472 3299 ἐστὶ,
501 3211 600 3282 ἀπετε
622 3216 827 3303 λούσασθαι,
856 3219 1066 3304 λουσαμένας
1086 3218 1123 3283 δέ

116 3305 222 3376 όπίσω
236 3310 474 3391 προσδέκεσθε.
499 3320 592 3391 είπας
607 3320 727 3401 ταῦτα,
744 3316 941 3384 συνέπαινοι
954 3313 1020 3402 γάρ
1034 3308 1123 3403 ἦσαν

117 3409 151 3473 οί
162 3408 304 3493 Πέρσαι,
326 3422 489 3492 γυναῖκας
509 3410 571 3496 μὲν
592 3414 794 3495 ἐξελθούσας
816 3413 987 3503 ἀπέπεμπε
1008 3420 1040 3495 ές
1060 3414 1122 3503 την
