2500 3925
170 251 233 318 154
556 257 804 316 HERODOTI

172 415 348 506 Λίγύττιοι
372 416 452 505 μετὰ
479 423 606 505 Λίβυας
632 413 847 504 ὑγιηρότατοι
870 414 1008 484 πάντων
1032 414 1166 502 ἄνθρύ-

169 539 260 602 πων,
287 522 357 583 τῶν
376 513 492 600 ὡρέων
512 518 585 602 έμολ
606 518 737 584 δοκέειν
758 517 903 602 εἵνεκεν,
929 515 981 584 ὅτι
996 513 1037 584 ού
1051 523 1166 603 μεταλ-

168 613 331 683 λάσσουσι
353 617 391 680 αί
409 606 502 699 ὧραι.
547 614 585 680 έν
607 611 673 697 γὰρ
697 619 771 701 τῃσι
791 619 990 701 μεταβολῇσι
1008 627 1091 682 τοίσι
1107 609 1165 680 ἄν·

166 709 336 798 θρύποισι
356 715 393 778 αί
409 718 528 778 νοῦσοι
548 709 691 796 μάλιστα
711 716 878 796 γίνονται,
906 717 975 778 τῶν
997 737 1032 778 τε
1058 710 1166 780 ἄλλων

167 812 304 880 πάντων
318 812 374 879 καλ
388 806 429 894 δὴ
450 811 586 876 καὶτῶν
602 805 718 893 ὁρέων
731 807 882 893 μάλιστα.
923 804 1166 896 ἀρτοφαγέουσι

167 913 204 978 δὲ
218 913 256 978 έκ
269 915 338 977 τῶν
350 905 501 992 ὀλυρέων
515 913 688 986 ποιεῦντες
703 905 836 991 ἄρτους,
856 903 936 984 τούς
951 907 1072 974 ἐκεῖνοι
1086 913 1164 974 κυλ-

89 1081 93 1084 ,
167 1009 281 1097 λήσεις
295 1006 529 1094 ούνομόζουσι.
571 1015 652 1097 οίνφ
674 1003 706 1073 δ’
730 1007 766 1072 ἐκ
788 1006 936 1086 κριθέων
957 1005 1166 1092 πεποιημένῳ

165 1109 388 1195 διαχρέονται·
408 1102 450 1172 ού
463 1103 529 1191 γάρ
543 1110 607 1189 σφί
618 1109 681 1171 είσι
693 1105 731 1171 έν
745 1109 784 1192 τῃ
797 1100 887 1190 χω’ρῃ
901 1099 1052 1187 ἄμπελοι.
1068 1099 1165 1186 ίχθύ·

167 1233 216 1275 ων
236 1208 272 1275 δέ
291 1204 370 1284 τοὺς
389 1204 451 1290 μὲν
470 1200 555 1288 πρός
577 1200 676 1288 ἥλιον
695 1199 879 1288 αὐήναντες
903 1196 1014 1286 ὠμούς
1038 1200 1167 1267 σιτέον-

165 1331 236 1390 ται,
259 1302 338 1382 τούς
362 1305 398 1370 δὲ
426 1304 459 1381 ἐξ
477 1299 584 1386 ἅλμης
607 1301 909 1385 τεταριχευμένους.
955 1293 1107 1384 ὀρνίθων
1132 1298 1166 1364 δέ

165 1401 245 1480 τούς
258 1427 294 1468 τε
314 1398 458 1484 ἄριυγας
472 1402 527 1466 καί
541 1395 600 1476 τᾶς
614 1398 740 1484 νήσσας
755 1398 810 1465 καλ
823 1394 864 1466 τὰ
885 1394 1007 1485 σμικρᾶ
1024 1402 1092 1464 τόν
1108 1393 1167 1480 ὀρ·
1230 1485 1231 1490 ¹

165 1503 289 1565 νιθίων
315 1493 388 1581 όμά
413 1498 576 1571 σιτέονται
603 1494 939 1582 προταριχεύσαντες·
964 1491 1004 1562 ιᾶ
1026 1496 1063 1564 δὲ
1082 1493 1167 1564 ἄλλα

164 1595 228 1664 ὅσα
247 1591 269 1681 ἦ
291 1591 443 1678 ὀρνίθων
466 1590 488 1680 ἢ
508 1594 640 1681 ίχθύων
667 1597 737 1662 έστί
755 1613 816 1679 σφι
838 1593 994 1680 ἐχόμενα,
1026 1595 1126 1679 χωρὶς
1146 1587 1167 1678 ἢ
1231 1659 1232 1664 ,

163 1692 280 1783 ὁκόσοι
295 1711 356 1777 σφι
372 1693 437 1778 ίροὶ
454 1688 702 1779 ἀποδεδέχαται,
725 1689 804 1770 τούς
818 1687 956 1769 λοιπούς
973 1687 1098 1770 ὀπτούς
1112 1695 1167 1760 καὶ

115 1807 150 1864 w
164 1788 295 1878 ἑφθούς
310 1791 484 1859 σιτέονται.
528 1789 582 1860 Ἐν
596 1793 633 1859 δὲ
646 1797 721 1880 τῇσι
737 1796 935 1877 συνουσίῃσι
949 1804 1034 1858 τοῖσι
1051 1788 1167 1860 εὕδοιτ’·
1231 1765 1233 1924 Ι

162 1908 240 1977 μοσι
254 1885 384 1974 αὐτῶν,
414 1886 516 1958 ἐπεὰν
536 1887 602 1957 ἄπό
623 1893 762 1958 δείπνου
783 1891 962 1977 γένωνται,
991 1892 1166 1979 περιφέρει
1231 1927 1233 1944 ι

162 1988 247 2077 ἄνήρ
269 1987 393 2075 νεκρόν
417 1993 455 2059 έν
475 2000 564 2083 σορῷ
586 1992 726 2073 ξύλινον
747 1996 988 2079 πεποιημένον,
1020 2019 1167 2081 μεμιμη-
1231 1945 1234 2093 ἄ

160 2091 263 2176 μένον
277 2092 310 2167 ἐς
324 2086 363 2156 τᾶ
379 2089 521 2175 μάλιστα
535 2094 589 2159 καλ
600 2097 714 2180 γραφῇ
729 2094 782 2159 καλ
797 2096 894 2180 ἔργω,
916 2095 1064 2177 μέγαθος
1080 2090 1167 2161 ὅσον

159 2213 195 2254 τε
210 2186 319 2274 πάντῃ
335 2184 548 2275 πῃχυιαῖονῆ
563 2194 724 2275 δίπηχυν,
748 2186 882 2267 δεικνύς
903 2189 939 2257 δὲ
953 2188 1079 2282 ἑκάστω
1095 2197 1167 2259 τῶν

160 2289 356 2370 συμποτέων
370 2289 474 2371 λέγει·
493 2285 543 2365 Ἐς
556 2295 678 2355 τοῦτον
692 2284 800 2373 ὁρέων
814 2290 892 2356 πῖνέ
904 2312 939 2355 τε
956 2290 1010 2357 καὶ
1024 2290 1165 2373 τέρπεο·

160 2389 249 2451 ἔσεαι
263 2380 329 2468 γᾶρ
343 2380 529 2453 ἄπυθανόν
543 2394 701 2465 τοιοῦτος.
727 2388 903 2473 ταῦταμὲν
915 2385 1005 2475 παρὰ
1019 2385 1060 2456 τᾶ
1074 2411 1167 2473 συμ-

112 2495 146 2551 79
161 2481 262 2550 πόσια
278 2490 419 2551 ποιεῦσι.
460 2492 636 2568 Πατρίοισι
653 2487 690 2555 δὲ
708 2483 883 2572 χρεόμενοι
902 2485 1035 2571 νόμοισι
1056 2481 1165 2553 ἄλλον

160 2576 284 2647 οὐδένα
304 2583 518 2651 έπικτέονται.
557 2597 642 2652 τοῖσι
664 2582 748 2652 ἄλλα
768 2609 802 2649 τε
819 2582 936 2663 έπᾶξιᾶ
953 2586 1022 2653 έστι
1035 2582 1166 2672 νόμιμα

159 2678 214 2744 καλ
229 2675 269 2764 δὴ
285 2680 340 2746 καλ
355 2678 475 2768 ἄεισμα
489 2678 527 2750 ἓν
540 2682 625 2769 ἔστι,
648 2687 767 2767 Λίνος,
800 2680 902 2765 όςπερ
931 2687 970 2750 ἔν
991 2706 1026 2749 τε
1042 2688 1166 2751 Φοινί-

159 2801 202 2861 κῃ
217 2771 368 2862 ιἰοίδιμός
390 2781 529 2849 ἐστικαὶ
550 2784 587 2849 ἐν
606 2780 731 2871 Κύπρφ
753 2782 807 2849 καί
821 2778 921 2870 ἄλλῃ,
947 2778 1030 2849 κατὰ
1044 2782 1165 2867 μέντοι

159 2880 262 2943 ἔθνεα
278 2874 408 2964 οᾶνομα
422 2885 504 2965 ἔχει·
532 2874 737 2967 συμφέρεται
753 2880 789 2949 δέ
804 2877 910 2959 ἄυτός
924 2878 1024 2967 εἶναι,
1049 2876 1110 2949 τόν
1127 2888 1164 2951 οί

148 2972 306 3061 Ἕλληνες
318 2982 424 3046 Λίνον
441 2976 682 3066 ούνομᾶζυντες
697 2978 857 3065 ἄείδουσι,
877 2976 960 3047 ὥστε
973 2975 1081 3048 πολλὰ
1096 2980 1164 3066 μέν

157 3073 213 3139 καλ
228 3069 312 3142 ἄλλα
326 3071 586 3162 ἄποθωυμᾶζειν
599 3104 642 3164 με
657 3085 726 3145 τῶν
739 3080 815 3165 περὶ
829 3085 1004 3163 Λίγυπτον
1019 3077 1162 3164 ἐόντων,

158 3195 195 3237 εν
216 3171 253 3238 δέ
274 3168 315 3257 δὴ
336 3174 390 3241 καὶ
411 3170 471 3241 τόν
489 3179 596 3242 Λίνον
617 3172 745 3244 ὁκόθεν
766 3180 903 3262 ἔλαβον·
928 3181 1107 3259 φαίνονται
1121 3174 1162 3243 δέ

157 3270 225 3335 αίεί
238 3290 314 3333 κοτε
329 3275 449 3337 τοῦτον
463 3266 648 3349 ἄείδοντες·
671 3276 740 3339 ἔστι
760 3270 796 3338 δὲ
810 3274 1006 3359 Αἰγυπτιστί
1022 3269 1040 3341 ὁ
1054 3280 1161 3353 Λίνος

156 3362 360 3447 καλεόμενος
386 3368 561 3450 Μανέρως.
607 3372 737 3452 ἔφασαν
757 3369 797 3434 δέ
813 3392 871 3453 μιν
891 3368 1072 3454 Αἰγύπτιοι
1095 3378 1159 3439 τοῦ

158 3455 293 3541 κρότου
306 3461 565 3545 βασιλεύσαντος
576 3464 751 3551 Αἰγύπτου
766 3468 866 3531 παῖδα
881 3472 1089 3552 μουνογενέα
1100 3497 1149 3557 γε
