2500 3925
323 213 409 268 LIB.
444 211 491 268 IX.
526 209 626 268 GAP.
661 215 803 270 31—35.
1002 205 1067 270 ³05

29 415 30 450 ι
53 372 203 462 ἡγεμόνα
220 377 288 440 τῶν
305 372 470 457 πολέμων.
503 363 521 437 ὁ
540 369 576 437 δέ
592 366 701 456 ὁρέων
715 371 790 457 περὶ
805 375 933 438 πολλοῦ
947 393 1067 438 ποιευ-

51 469 177 560 μένους
197 470 411 558 Σπαρτιήτας
432 476 534 556 φίλον
559 465 665 536 αάτὸν
685 471 916 556 προσθέσθαι,
941 469 1066 555 μαθάν

29 609 30 632 ι
50 576 153 640 τοῦτο
168 566 317 656 ἀνετίμα,
334 573 508 654 σημαίνων
522 585 594 654 σφι,
613 563 657 645 ὡς
671 563 715 652 ἥν
730 593 789 652 μιν
802 566 966 656 πολιήτην
980 574 1065 655 σφέ-

50 694 153 755 τερον
176 667 381 756 ποιήσωνται
407 672 476 733 τῶν
496 665 636 733 πάντων
657 664 905 752 μεταδιδόντες,
933 665 1065 755 ποιήσει

50 776 168 856 ταῦτα,
187 766 239 837 ἐπ’
257 767 346 860 ἀλλςο
364 774 477 858 μισθῷ
489 763 520 836 δ’
535 765 586 836 οὔ.
609 773 817 853 Σπαρτιῆται
829 771 991 857 δέπροῐτα
1001 773 1065 858 μέν

50 866 261 945 ἀκούσαντες
273 863 367 933 δειυά
383 868 558 934 ἐποιεῦντο
574 868 631 934 καὶ
640 872 796 953 μετίεσαν
805 869 1066 958 τήςγρησμοσά·

51 991 116 1050 νης
128 961 166 1033 τὸ
182 963 359 1051 παράπαν,
381 967 476 1042 τέλος
491 963 528 1031 δὲ
548 966 702 1050 δείματος
721 965 871 1052 μεγάλου
885 971 1067 1055 ἐπικρεμα-
1093 1011 1098 1019 -

50 1066 160 1150 μένου
171 1069 409 1148 τοῦΠερσικοδ
419 1061 795 1149 τούτουστρατεάματος
805 1071 981 1134 καταίνεον
991 1093 1065 1154 μετ·

50 1165 171 1245 εόντες.
201 1161 219 1233 ὁ
243 1169 279 1234 δέ
298 1163 403 1252 γνούς
423 1169 669 1252 τετραμμένους
690 1167 793 1251 σφέας
813 1162 887 1233 οὐδ’
905 1163 995 1234 οὕτω
1016 1169 1082 1233 ἐτι

50 1271 119 1350 ἐφη
134 1260 315 1351 ἀρκέεσθαι
330 1264 479 1331 τούτοισι
493 1263 669 1350 μούνοισι,
685 1260 769 1331 ἀλλά
779 1265 869 1331 δέειν
879 1269 927 1332 ἐτι
939 1266 994 1332 καὶ
1004 1259 1064 1332 τδν

50 1359 223 1448 ἀδελφεὰν
236 1366 364 1430 ἑωυτοῦ
375 1360 495 1449 Ἡγίην
508 1368 666 1448 γίνεσθαι
677 1361 895 1448 Σπαρτιήτην
912 1364 965 1430 ἐπὶ
978 1376 1064 1430 τοῖσι

51 1459 185 1530 αάτοῑσι
195 1459 325 1546 λόγοισι
339 1473 424 1528 τοῖσι
437 1461 492 1528 καὶ
503 1457 604 1539 αὐτὸς
617 1467 752 1546 γίνεται.
780 1468 892 1529 Ταῦτα
905 1461 943 1530 δὲ
952 1462 1062 1547 λέγων
1077 1475 1113 1530 34

51 1552 154 1637 οὗτος
165 1560 316 1646 ἐμιμέετο
326 1559 549 1646 Μελάμποδα,
563 1557 608 1638 ὦς
619 1559 760 1646 είκάσαι,
774 1567 952 1649 βασιληίην
963 1587 998 1628 τε
1009 1562 1064 1629 καὶ

51 1662 232 1744 πολιτηίην
247 1657 452 1744 αἰτεόμενον.
486 1661 541 1726 καὶ
561 1656 625 1747 γάρ
642 1655 683 1746 δή
699 1661 755 1726 καλ
770 1659 981 1746 Μελάμπους
995 1667 1064 1728 τόν

52 1759 94 1824 έν
105 1753 222 1843 ’Ἁργεί
233 1763 406 1842 γυναικῶν
420 1759 623 1844 μανεισέων,
646 1755 692 1836 ὥς
706 1783 767 1844 μιν
787 1761 821 1824 οί
836 1754 977 1845 Ἀργεῖοι
992 1758 1063 1845 ἐμι-

52 1860 204 1922 σθοῦντο
228 1857 264 1921 ἐκ
282 1855 401 1922 Πάλον
421 1861 548 1923 παῦσαι
570 1853 629 1934 τάς
643 1862 805 1943 σφετέρας
824 1869 987 1942 γυναῖκας
1007 1863 1064 1943 τῆς

53 1951 195 2041 νούσου,
211 1951 339 2040 μισθόν
350 1958 560 2040 προετείνετο
571 1959 630 2041 τῆς
639 1962 812 2043 βασιληίης
821 1952 859 2024 τό
869 1953 983 2044 ἥμισυ.
1001 1952 1064 2025 οάιι

53 2050 295 2137 ἀνασχομένων
312 2050 349 2119 δέ
361 2058 429 2119 τῶν
441 2050 610 2139 Ἀργείων,
628 2049 702 2121 ἀλλ’
718 2050 899 2139 ἀπιόντων,
915 2052 960 2134 ὡς
971 2056 1065 2140 ἐμαί-

50 2172 152 2215 νοντο
183 2153 327 2227 πλεῦνες
356 2154 425 2217 τόν
454 2154 628 2235 γυναικῶν
634 2202 645 2237 ,
676 2150 766 2220 οὕτω
793 2151 834 2239 δή
863 2148 1071 2231 ἀποστάντες

49 2245 93 2315 τά
117 2240 134 2313 ὁ
151 2248 359 2336 Μελάμπους
376 2257 584 2338 προετείνετο
601 2250 703 2339 ήῑσαν
721 2250 887 2333 δώσοντές
904 2258 941 2323 oc
954 2256 1069 2321 ταῦτα.

47 2342 67 2416 ὁ
98 2348 135 2415 δὲ
160 2350 310 2417 ἐνθαότα
333 2349 374 2437 δή
402 2351 593 2440 ἐπορέγεται
617 2350 726 2442 ὁρέων
744 2350 869 2434 αάτοός
886 2352 1066 2441 τετραμμέ-

57 2470 159 2532 νους,
181 2444 263 2532 φάς,
285 2444 331 2533 ἢν
350 2446 395 2534 μή
416 2452 471 2517 καὶ
487 2456 533 2540 τῷ
553 2448 707 2539 ἀδελφεῷ
720 2455 838 2518 Βίαντι
851 2455 1017 2536 μεταδῶσι
1029 2450 1066 2520 τὸ

56 2544 275 2634 τριτημόριον
286 2553 344 2633 τῆς
354 2554 543 2635 βασιληίης,
560 2546 602 2615 οὐ
613 2548 767 2636 ποιήσειν
776 2545 817 2615 τά
827 2547 1018 2636 βούλονται.
1036 2553 1070 2618 οέ

59 2644 97 2711 δέ
108 2640 250 2728 Ἀργεῖοι
261 2640 500 2732 ἀπειληθέντες
510 2648 543 2725 ἐς
555 2643 690 2715 στεινόν
700 2650 912 2716 καταινέουσι
922 2650 977 2716 καὶ
987 2654 1068 2717 ταῦ-

56 2767 109 2809 τα.
127 2735 187 2818 ’δὶς
202 2738 238 2807 δέ
252 2742 307 2809 καὶ
320 2749 544 2832 Σπαρτιῆται,
566 2747 699 2813 ἐδέοντο
712 2742 778 2832 γάρ
798 2749 916 2826 δεινῶς
930 2752 991 2814 τοῦ
1008 2754 1067 2815 Τι-
1082 2766 1117 2821 35

56 2844 225 2926 σαμενοῦ,
243 2838 353 2908 πάντα
368 2842 581 2930 συνεχώρεόν
595 2848 636 2911 oc.
659 2845 951 2932 συγχωρησάντων
965 2847 1002 2913 δέ
1013 2848 1068 2913 καὶ

57 2945 164 3008 ταῦτα
181 2945 249 3007 τῶν
262 2948 520 3031 Σπαρτιητέων,
542 2942 632 3013 οὕτω
654 2942 693 3031 δή
710 2945 809 3013 πέντε
825 2964 887 3031 σφι
902 2944 1068 3031 μαντευό-

57 3060 160 3123 μενος
174 3032 307 3121 ἀγυνας
319 3036 399 3117 τούς
410 3045 586 3125 μεγίστους
601 3034 786 3125 Τισαμενός
797 3036 815 3105 ὁ
828 3036 955 3127 Ἠλεῖος
967 3037 1068 3126 γενό·

58 3160 161 3224 μενος
176 3137 388 3225 Σπαρτιήτης
404 3144 646 3227 συγκαταιρέει.
677 3143 805 3226 μοῦνοι
821 3141 857 3207 δέ
872 3136 913 3225 δή
929 3138 1067 3208 πάντων

58 3232 256 3319 ἀνθρώπων
272 3238 425 3322 ἐγένοντο
442 3230 537 3306 οὗτοι
550 3238 781 3325 Σπαρτιήτῃσι
797 3243 960 3324 πολιήται.
984 3241 1020 3306 os
1030 3236 1065 3305 δέ

57 3335 160 3401 πέντε
174 3328 302 3417 ἀγῶνες
317 3338 388 3404 οἵδε
408 3338 581 3423 ἐγένοντο·
610 3332 657 3416 εἷς
671 3336 734 3423 μέν
754 3338 809 3405 καὶ
824 3341 954 3424 πρῶτος
969 3326 1066 3415 οὗτος

57 3430 77 3500 ὁ
94 3432 133 3499 έν
145 3437 347 3521 Πλαταιῇσι,
366 3436 418 3503 ἐπὶ
432 3439 469 3504 δέ
483 3433 501 3505 ὁ
518 3438 555 3503 ἐν
570 3438 674 3523 Τεγέη
688 3432 772 3523 πρὸς
785 3433 948 3521 Τεγεήτας
962 3460 997 3501 τε
1011 3434 1067 3502 καὶ

895 3534 931 3586 20

145 3542 245 3582 ιιειιοο.
266 3528 299 3583 11.
