2500 3925
188 241 251 304 2⁹2
564 239 818 310 nssnon‘ou

141 425 170 478 11
189 403 365 490 Σπάρτης,
385 404 420 468 οί
432 399 469 468 δέ
483 399 637 486 ἄγγελοι,
658 393 704 478 ἀς
715 393 823 486 ἡμέρη
836 398 1017 486 ἐγεγόνεε,
1041 396 1152 468 οὐδὲν
1169 407 1201 468 εἰ·

187 502 282 582 δότες
295 502 371 588 περὶ
381 507 439 588 τῆς
453 499 571 580 ἐξόδου
585 498 738 582 ἐπῆλθον
747 498 801 564 ἐπὶ
814 493 895 575 τούς
907 495 1081 583 ἐφόρους,
1098 500 1141 566 ἐν
1151 499 1201 586 νόη

187 595 228 685 δή
240 603 370 684 ἔχοντες
381 595 657 666 ἀπαλλάσσεσθαι
667 596 723 664 καλ
734 592 830 662 αὐτοὶ
839 595 893 662 ἐπὶ
903 591 968 680 τήν
980 597 1130 662 ἑωυτοῦ
1140 598 1201 663 ἕκα-

187 716 279 775 στος·
302 695 502 774 ἐπελθόντες
519 697 556 762 δὲ
572 699 690 778 ἔλεγον
703 693 799 760 τάδε·
821 689 928 778 Ὑμεῖς
940 695 1030 781 μὲν,
1052 687 1085 762 τό
1104 704 1201 765 Λακε

187 796 372 882 δαιμόνιοι,
395 792 500 864 αότοῦ
513 797 592 882 τῇδε
609 796 767 880 μένοντες
783 789 962 860 Ὑακίνθιά
977 818 1021 861 τε
1040 790 1152 878 ἄγετε
1163 798 1201 862 τό

186 899 330 980 παίζετε,
348 891 615 978 καταπροδόντες
630 887 709 970 τούς
728 889 940 977 συμμάχους·
970 887 1168 979 Ἀθηναῖοι
1178 895 1201 960 δὲ·

186 991 232 1072 ὡς
246 990 458 1079 ἀδικεόμενοι
473 987 540 1058 ὑπό
556 988 680 1076 ὑμέων,
695 989 770 1076 χήτι
784 1014 820 1056 τε
836 988 1042 1078 συμμάχων,
1059 995 1201 1061 καταλύ

186 1110 301 1158 σουται
316 1115 362 1178 τῳ
348 1094 491 1177 Πέρση
507 1087 612 1173 οὕτω,
630 1085 719 1166 ὅκως
733 1082 779 1154 ἀν
794 1085 975 1156 δύνωνται.
1005 1091 1201 1160 καταλυσά-

184 1217 281 1278 μενοι
300 1192 353 1256 δέ·
372 1190 460 1272 δήλα
485 1183 550 1274 γάρ
576 1179 628 1254 ότι
652 1182 818 1270 σύμμαχοι
842 1186 996 1270 βασιλέος
1019 1189 1200 1288 γινόμεθα

184 1287 502 1372 συστρατευσόμεθα
516 1281 620 1354 ἐπὶ
584 1310 647 1370 την
664 1278 709 1350 ἀν
716 1286 845 1351 ἐκεῖνοι
861 1276 1141 1368 ἐξηγέωνται.
1121 1301 1201 1374 υμιῑς

184 1388 221 1456 δέ
235 1413 272 1456 το
261 1385 451 1456 ἐνθεῦτεν
462 1387 678 1475 μαθήσεσθε,
699 1381 815 1452 ὁκοῖον
833 1381 878 1450 όν
891 1409 923 1451 τι
936 1382 1024 1471 ὑμίν
1047 1389 1088 1468 ἐξ
1106 1386 1200 1456 αύτοό·

184 1490 332 1576 ἐκβαίνῃ.
359 1494 471 1556 Ταῦτα
487 1486 658 1574 λεγόντων
671 1491 740 1552 τῶν
751 1480 952 1568 ἀγγέλωνοί
961 1490 1098 1572 ἔφοροι
1116 1487 1200 1556 εἶπεν

184 1583 235 1652 ἐπ’
260 1584 367 1674 ὅρκου
381 1589 437 1655 καί
457 1583 498 1673 δή
514 1586 644 1655 δοκέειν
660 1581 746 1652 εἶναι
756 1583 795 1650 ἐν
811 1578 985 1672 Ὀρεστείῳ
1005 1593 1200 1672 στείχοντας

184 1683 238 1750 ἐπὶ
251 1680 330 1763 τούς
345 1689 490 1764 ξείνους·
513 1687 643 1764 ξείνους
657 1678 724 1768 γὰρ
739 1679 878 1749 ἐκάλεον
891 1676 972 1760 τούς
988 1686 1198 1769 βαρβάρους.

184 1787 219 1850 οί
230 1784 267 1850 δὲ
283 1779 327 1862 ὡς
341 1782 404 1852 ούκ
416 1781 539 1863 εἰδότες
551 1782 751 1869 ἐπειρώτεον
760 1775 799 1847 τό
811 1777 1006 1868 λεγόμενον,
1021 1783 1200 1869 ἐπειρόμε-

183 1906 238 1949 υοι
253 1879 290 1950 δέ
300 1883 465 1970 ἐξέμαθον
477 1888 546 1950 πᾶν
557 1878 594 1950 τό
606 1878 681 1967 ἐὰν,
699 1878 783 1947 ὥστε
809 1877 846 1945 ἐν
870 1873 1002 1962 θύματι
1016 1882 1200 1968 γενόμενοι

184 1980 385 2065 ἐπορεύοντο
396 1978 459 2068 τήν
469 1989 624 2069 ταχίστην
638 1981 832 2057 διύκοντες·
855 1976 922 2046 σύν
930 1980 969 2046 δέ
978 1997 1048 2065 σφι
1060 1989 1140 2049 τῶν
1150 2009 1200 2049 πε-

183 2083 322 2164 ριοίκων
335 2084 611 2166 Λακεδαιμονίων
626 2080 766 2163 λογάδες
780 2083 1044 2161 πεντακισχίλιοι
1068 2078 1199 2149 ὁπλῖται

182 2172 290 2244 τιόυτό
305 2184 404 2244 τοῦτο
420 2180 567 2247 ἐποίευν.

137 2298 169 2351 12
268 2276 313 2341 Οί
321 2275 383 2359 μέυ
395 2275 435 2363 δή
448 2280 481 2356 ἐς
491 2276 552 2344 τόν
566 2274 702 2362 Ἰσθμόν
716 2272 1110 2364 ήπείγοντο,Ἀργείοιδέ
1119 2283 1200 2350 ἐπεί·

182 2396 218 2439 τε
230 2368 365 2456 τάχιστα
376 2375 546 2446 ἐπύθοντο
557 2374 637 2454 τούς
648 2373 730 2463 μετά
736 2383 938 2444 Παυσανίεω
948 2378 1200 2462 ἐξεληλυθότας

183 2474 220 2539 ἐκ
231 2470 400 2563 Σπάρτης,
416 2480 584 2565 πέμπουσι
599 2477 731 2563 κήρυκα
743 2484 813 2546 τῶν
826 2475 1080 2564 ἡμεροδρόμων
1097 2478 1200 2548 ἀνεν-

183 2570 299 2653 ρόυτες
308 2569 370 2639 τόν
379 2571 517 2659 ἄριστον
526 2578 559 2655 ἐς
568 2573 630 2661 τήν
644 2575 802 2662 Ἀττικήν,
808 2574 975 2661 πρότερον
985 2571 1199 2662 αύτολΜαρ

183 2674 285 2759 δουίω
296 2668 540 2759 ὑποδεξάμενοι
555 2675 692 2761 σχήσειν
701 2670 763 2742 τόν
772 2671 988 2758 Σπαρτιήτην
1003 2671 1052 2759 μή
1064 2676 1197 2754 ἐξιέναι.

183 2767 220 2846 ὃς
241 2771 349 2837 ἐπείτε
370 2766 505 2841 ἀπίκετο
522 2776 554 2851 ἐς
567 2773 626 2853 κάς
637 2772 799 2859 Ἀθήνας,
817 2779 910 2859 ἔλεγε
923 2773 1020 2840 τάδε·
1048 2775 1197 2860 Μαρδό-

180 2890 250 2950 νιε,
265 2867 420 2951 ἔπεμψάν
433 2896 474 2953 με
487 2868 628 2955 Ἀργεῖοι
645 2871 821 2957 φράσοντά
834 2897 897 2955 τοι,
913 2869 965 2937 ὅτι
978 2872 1196 2940 έκΛακεδαί·

180 2984 285 3048 μουος
305 2963 528 3049 ἐξελήλυθε
511 2995 531 3053 η
553 2970 688 3056 νεότης,
715 2970 770 3036 καὶ
790 2994 835 3047 ως
857 2966 900 3035 ού
924 2972 1067 3037 δυνατοί
1088 2969 1195 3055 αύτήν

101 3108 106 3115 -
181 3067 288 3143 ίσχειν
302 3057 385 3126 είσὶ’
381 3070 517 3147 Αργείοι
533 3064 577 3152 μή
594 3065 657 3133 οὐκ
673 3070 804 3147 ἐξιέναι
831 3064 917 3149 πρὸς
930 3072 1034 3134 ταῦτα
1049 3069 1193 3154 τύγχανε

181 3150 221 3224 εὖ
241 3159 497 3247 βουλευόμενος.
526 3162 640 3250 Ὀμὲυ
661 3164 702 3252 δή
725 3172 819 3243 εἴπας
839 3171 944 3232 ταῦτα
959 3161 1192 3234 ἀπαλλάσσετο

134 3276 167 3329 13
182 3252 305 3351 ὀπίσω,
332 3262 525 3344 Μαρδόνιος
541 3262 577 3329 δέ
592 3260 748 3349 ούδαμως
762 3269 810 3331 ἐτι
824 3263 1003 3348 πρόθυμος
1019 3256 1065 3347 ήυ
1078 3266 1193 3348 μένειι

182 3359 219 3423 ἐν
232 3364 272 3443 τῇ
284 3355 467 3447 Ἀττική*
445 3386 489 3438 ως
504 3359 629 3445 ἤκουσε
643 3370 756 3429 ταῦτα.
784 3364 923 3447 πρδυ’
879 3389 942 3449 μευ
958 3388 1025 3429 νυν
1040 3359 1065 3448 ή
1083 3367 1190 3431 πυθέι

183 3462 282 3539 σθαι,
309 3452 494 3541 ἀνεκώχευε
521 3460 650 3525 ἐθέλων
676 3462 799 3525 είδέυαι
825 3458 862 3527 τό
884 3456 966 3546 παρ’
989 3456 1190 3549 Ἀθηναίων,
