2500 3925
159 188 227 280 διε
545 189 798 247 ιιεειοοοτι
923 158 926 166 ’

162 352 268 441 ῦδορ,
287 351 420 438 Τραῦός
429 377 464 420 τε
477 352 532 417 καὶ
542 349 732 435 Κόμψατος.
752 344 834 418 κατὰ
846 347 883 417 δὲ
892 347 1039 440 ’Ἄβδηρα
1050 356 1175 439 λίμνην

162 453 226 539 μὲν
242 447 404 538 οὐδεμίαν
421 451 545 518 έοῦσαν
562 445 777 535 οῦνομαστήν
791 454 1021 536 παραμείψατο
1037 452 1176 539 Ξέρξης,

163 546 315 636 ποταμόν
329 550 365 616 δὲ
375 551 508 617 Νέστον
521 550 642 637 ῥέοντα
653 549 687 626 ές
699 548 886 617 θάλασσαν.
907 547 989 636 μετὰ
1003 551 1038 618 δὲ
1049 549 1177 628 ταύτας

162 647 220 728 τάς
235 647 345 737 χάρας
355 645 418 716 ίόν
427 643 487 740 τὰς
498 641 719 732 ἠπειρώτιδας
729 647 826 726 πόλις
835 647 973 735 παρήιε,
984 655 1053 715 τῶν
1064 650 1102 715 έν
1115 656 1177 735 μιῇ

161 754 262 836 λίμνη
276 750 378 817 έοῦσα
398 746 555 833 τυγχάνει
570 741 649 814 ῦσεί
669 745 848 834 τριήκοντα
868 750 1014 815 σταδίων
1026 742 1177 833 μάλιστά

162 871 204 934 κη
218 841 281 931 τήν
293 847 469 934 περίοδον,
484 842 656 930 ίχθνάδης
671 868 707 911 τε
720 845 776 912 καὶ
790 843 897 932 κάρτα
913 841 1057 932 ἁλμυρή,
1086 843 1176 912 ταῦ-

162 969 224 1030 την
236 942 277 1012 τά
292 942 458 1031 ῦποζῦγια
473 950 584 1030 μοῦνα
595 940 766 1032 ἀρδόμενα
776 942 969 1032 ἀνεξήρηνε.
991 951 1032 1034 τῇ
1043 945 1081 1012 δὲ
1091 944 1176 1012 πόλι

162 1042 266 1133 ταῦτη
283 1040 413 1131 οῦνομά
431 1045 499 1112 ἐστι
512 1051 689 1129 Πίστυρος.
719 1044 840 1124 ταῦτας
856 1045 920 1132 μὲν
939 1042 979 1131 δή
999 1042 1060 1124 τάς
1074 1046 1175 1123 πόλις

161 1139 220 1220 τάς
235 1149 511 1227 παραθαλασσίας
524 1169 561 1211 τε
576 1147 632 1212 καλ
647 1143 839 1230 Ἑλληνίδας
858 1147 891 1226 έξ
907 1142 1089 1230 εῦωνόμον
1102 1171 1176 1232 χει-

93 1266 146 1320 11⁰
160 1237 219 1324 ρδς
230 1235 387 1327 άπέργων
395 1240 562 1330 παρεξήιε,
576 1248 679 1310 ἔθνεα
691 1241 727 1310 δέ
734 1249 900 1330 Θρηίκων,
913 1241 958 1312 δι’
973 1235 1022 1312 όν
1034 1251 1094 1332 τῆς
1104 1243 1173 1330 χιό-

162 1361 222 1424 ρης
235 1333 320 1406 ὁδόν
332 1341 497 1428 έποιέετο,
519 1340 655 1426 τοσάδε,
671 1349 808 1428 Παῖτοι,
826 1347 984 1428 Κίκονες,
999 1348 1174 1426 Βίστονες,

159 1446 319 1526 Σαπαῖοι,
331 1448 506 1527 Δερσαῖοι,
516 1437 669 1528 Ἠδωνοὶ,
681 1441 821 1528 Σάτραι.
844 1439 973 1510 τοῦτον
984 1445 1019 1510 οί
1029 1440 1093 1528 μὲν
1104 1465 1173 1518 ,παι

84 1617 88 1625 1
161 1535 204 1624 ρὰ
217 1539 397 1606 θάλασσαν
410 1542 645 1626 κατοικημένοι
661 1542 699 1608 έν
713 1546 788 1628 τῇσι
803 1542 902 1626 νηυσί
919 1543 1071 1627 εἵποντο,
1086 1544 1125 1608 οδ
1137 1540 1174 1606 δὲ

161 1636 273 1706 αὐτῶν
290 1635 354 1726 τήν
376 1637 560 1726 μεσόγαιαν
582 1641 747 1718 οίκέοντες
765 1641 1022 1725 καταλεχθέντες
1047 1663 1083 1704 τε
1108 1632 1170 1703 ὑπ’
1244 1641 1245 1660 ’

160 1737 256 1823 έμεῦ,
272 1734 361 1823 πλήν
374 1739 535 1824 Σατρέων
549 1739 584 1803 οί
599 1733 694 1805 ἄλλοι
711 1735 833 1814 πάντες
847 1741 926 1824 πεζῇ
941 1733 1172 1820 ἀναγκαζόμε-

93 1846 140 1902 111
158 1858 213 1901 νοι
229 1836 373 1903 εἵποντο.
395 1833 525 1921 Σάτραι
542 1833 579 1902 δὲ
593 1830 733 1912 οῦδενός
746 1859 795 1902 κω
809 1830 1003 1918 ἀνθρώπων
1021 1831 1171 1921 ὑπήκοοι

159 1935 332 2023 ἐγένοντο,
353 1932 438 2003 ὅσον
452 1933 547 2023 ἡμεῖς
568 1938 680 2021 ίδμεν,
702 1930 786 2002 ἄλλά
805 1929 1010 1999 διατελέουσι
1019 1928 1057 2001 τό
1072 1935 1171 2020 μέχρι

158 2034 240 2120 έμεῦ
253 2036 319 2102 αίελ
333 2030 445 2112 ε’όντες
456 2031 633 2119 έλεῦθεροι
647 2038 769 2117 μοῦνοι
780 2036 945 2117 Θρηίκων.
970 2033 1122 2099 οἰκέουσί
1135 2056 1170 2097 τε

158 2129 224 2218 γάρ
238 2130 342 2220 οῦρεα
356 2129 487 2219 ὑψηλὰ,
503 2138 596 2222 ίδησί
607 2160 645 2201 τε
658 2138 834 2220 παντοίησι
848 2134 903 2201 καί
917 2131 1004 2219 χιόνι
1021 2150 1170 2219 συνηρε-

160 2234 241 2319 φέα,
256 2234 312 2299 καὶ
326 2234 389 2300 είσλ
403 2229 444 2299 τά
455 2235 596 2317 πολέμια
609 2230 725 2319 ῦκροι,
742 2223 852 2318 οῦτοι,
869 2237 903 2298 οἳ
916 2236 978 2299 τοῦ
988 2232 1168 2300 Διονύσου

156 2327 193 2398 τό
211 2329 376 2418 μαντήιόν
391 2335 454 2399 είσι
466 2329 669 2417 κεκτημένοι.
686 2327 725 2399 τό
747 2328 783 2397 δέ
802 2326 965 2415 μαντήιον
981 2335 1080 2397 τοῦτο
1097 2330 1170 2397 έστλ

157 2431 219 2517 μὲν
235 2433 289 2499 έπλ
310 2437 378 2499 τάν
399 2427 530 2517 οὐρέων
549 2436 618 2498 τῶν
634 2428 855 2517 ὑψηλοτάτων
862 2478 871 2513 ,
892 2428 1018 2515 Βησσοὶ
1039 2426 1075 2493 δὲ
1095 2432 1168 2493 τῶν

155 2532 317 2617 Σατρέων
333 2532 396 2598 είσὶ
411 2532 446 2597 οί
456 2529 727 2618 προφητεύοντες
740 2534 801 2596 τοῦ
815 2532 908 2615 ίροῦ,
928 2523 1113 2611 πρόμαντις
1129 2521 1167 2589 δὲ

154 2626 175 2715 ἡ
191 2628 335 2713 χρέονσα
355 2625 504 2714 κατάπερ
526 2629 564 2696 έν
579 2635 761 2713 Δελφοῖσι,
778 2628 834 2694 καὶ
848 2622 949 2692 οὐδὲν
966 2621 1167 2692 ποικιλώτε-

87 2744 137 2796 112
152 2750 224 2812 ρον.
237 2727 542 2813 Παραμειψάμενος
552 2727 588 2793 δέ
599 2722 618 2792 ὁ
625 2727 748 2811 ,Ξέρξης
759 2721 821 2811 τήν
832 2724 1010 2809 είρημένην
1022 2720 1165 2805 δεύτερα

154 2825 286 2894 τοῦτον
302 2831 523 2913 παραμείβετο
537 2830 644 2911 τείχεα
661 2822 701 2891 τά
716 2825 867 2911 Πιέρων,
882 2829 951 2891 νῦν
965 2823 1015 2889 ἑνὶ
1025 2820 1164 2907 Φάγρης

153 2927 222 2994 ἐστὶ
236 2922 367 3011 οῦνομα
381 2927 437 2994 καὶ
451 2929 551 3017 ἑτέρςο
561 2924 746 3011 Πέργαμος.
758 2924 863 3012 ταῦτη
878 2924 940 3009 μὲν
951 2917 991 3007 δὴ
1004 2916 1084 3005 παρ’
1098 2914 1163 2983 αῦ-

152 3024 193 3094 τά
206 3024 247 3095 τὰ
262 3032 369 3112 τείχεα
383 3024 446 3111 τὴν
461 3024 543 3093 ὁδόν
554 3028 711 3111 ἐποιέετο,
727 3026 763 3092 έιι
777 3027 884 3109 δεξιής
895 3020 1004 3111 χειρός
1015 3018 1051 3089 τό
1062 3021 1162 3107 Πάγ-
1244 3040 1245 3109 χ

59 3140 63 3143 ’
151 3150 250 3210 γαιον
264 3116 366 3209 οὖρος
384 3122 557 3210 άπέργον,
579 3120 637 3190 έδν
657 3124 741 3209 μέγα
756 3149 792 3190 τε
806 3123 867 3191 ,καὶ
888 3119 1038 3208 ὑψηλόν,
1060 3122 1097 3187 έν
1115 3126 1161 3209 τῷ

150 3224 276 3311 χρόσεά
289 3248 326 3291 τε
341 3226 397 3292 καλ
411 3221 559 3311 άργῦρεα
574 3228 625 3292 ἔνι
638 3226 799 3311 μέταλλα,
813 3219 854 3292 τά
868 3224 1026 3309 νέμονται
1040 3222 1161 3309 Πίερές

85 3335 135 3387 113
151 3348 186 3389 τε
200 3317 462 3406 ταδὈδόμαντοι
472 3324 528 3388 καί
539 3321 682 3403 μάλιστα
692 3322 833 3409 Σάτραι,
849 3319 1106 3404 ὑπεροικέοντας
1124 3318 1160 3388 δέ
1244 3372 1245 3381 ι

151 3414 188 3485 τό
203 3417 379 3501 Πάγγαιον
400 3413 484 3503 πρός
507 3416 617 3503 βορέω
639 3415 767 3499 άνέμον
785 3424 932 3498 Παίονας
947 3417 1107 3506 Δόβηράς
1124 3444 1159 3485 τε
