<?xml version="1.0" encoding="UTF-8"?>
<!DOCTYPE html PUBLIC "-//W3C//DTD XHTML 1.0 Transitional//EN"
    "http://www.w3.org/TR/xhtml1/DTD/xhtml1-transitional.dtd">
<html xmlns="http://www.w3.org/1999/xhtml" xml:lang="en" lang="en">
 <head>
  <title>
</title>
<meta http-equiv="Content-Type" content="text/html;charset=utf-8" />
  <meta name='ocr-system' content='tesseract 3.04.00' />
  <meta name='ocr-capabilities' content='ocr_page ocr_carea ocr_par ocr_line ocrx_word'/>
</head>
<body>
  <div class='ocr_page' id='page_1' title='image "./herodotihistori00dietgoog_0330.png"; bbox 0 0 2500 3925; ppageno 0'>
   <div class='ocr_carea' id='block_1_1' title="bbox 160 212 793 277">
    <p class='ocr_par' dir='ltr' id='par_1_1' title="bbox 160 212 793 277">
     <span class='ocr_line' id='line_1_1' title="bbox 160 212 793 277; baseline -0.006 0"><span class='ocrx_word' id='word_1_1' title='bbox 160 212 222 277; x_wconf 71' lang='lat'><strong><em>³28</em></strong></span> <span class='ocrx_word' id='word_1_2' title='bbox 541 216 793 274; x_wconf 80' lang='grc' dir='ltr'><strong><em>ΗΕΒΟΒΟΉ</em></strong></span> 
     </span>
    </p>
   </div>
   <div class='ocr_carea' id='block_1_2' title="bbox 160 365 1224 560">
    <p class='ocr_par' dir='ltr' id='par_1_2' title="bbox 160 365 1224 560">
     <span class='ocr_line' id='line_1_2' title="bbox 160 365 1224 560; baseline -0.004 -118"><span class='ocrx_word' id='word_1_3' title='bbox 160 377 291 443; x_wconf 87' lang='grc' dir='ltr'><strong><em>παίδων</em></strong></span> <span class='ocrx_word' id='word_1_4' title='bbox 312 372 464 461; x_wconf 85' lang='grc' dir='ltr'><strong><em>Σκύλης,</em></strong></span> <span class='ocrx_word' id='word_1_5' title='bbox 491 376 524 455; x_wconf 78' lang='grc' dir='ltr'><strong><em>ἐξ</em></strong></span> <span class='ocrx_word' id='word_1_6' title='bbox 542 372 724 462; x_wconf 79' lang='grc' dir='ltr'><strong><em>Ἰστριηνῆς</em></strong></span> <span class='ocrx_word' id='word_1_7' title='bbox 747 375 783 442; x_wconf 78' lang='grc' dir='ltr'><strong><em>δὲ</em></strong></span> <span class='ocrx_word' id='word_1_8' title='bbox 809 372 971 466; x_wconf 81' lang='grc' dir='ltr'><strong><em>γυναικὸς</em></strong></span> <span class='ocrx_word' id='word_1_9' title='bbox 993 365 1091 454; x_wconf 76' lang='grc' dir='ltr'><strong><em>οὗτος</em></strong></span> <span class='ocrx_word' id='word_1_10' title='bbox 1108 382 1149 461; x_wconf 79' lang='grc' dir='ltr'><strong><em>γί·</em></strong></span> <span class='ocrx_word' id='word_1_11' title='bbox 1222 427 1224 560; x_wconf 58' lang='grc' dir='ltr'><strong><em>ρ</em></strong></span> 
     </span>
    </p>
   </div>
   <div class='ocr_carea' id='block_1_3' title="bbox 75 471 1224 3541">
    <p class='ocr_par' dir='ltr' id='par_1_3' title="bbox 75 471 1224 3541">
     <span class='ocr_line' id='line_1_3' title="bbox 161 471 1153 565; baseline 0 -24"><span class='ocrx_word' id='word_1_12' title='bbox 161 501 253 544; x_wconf 86' lang='grc' dir='ltr'><strong><em>νετπι</em></strong></span> <span class='ocrx_word' id='word_1_13' title='bbox 270 475 326 543; x_wconf 81' lang='grc' dir='ltr'><strong><em>καὶ</em></strong></span> <span class='ocrx_word' id='word_1_14' title='bbox 347 471 502 563; x_wconf 78' lang='grc' dir='ltr'><strong><em>οὐδαμῶς</em></strong></span> <span class='ocrx_word' id='word_1_15' title='bbox 518 478 695 562; x_wconf 79' lang='grc' dir='ltr'><em>ἐγχωρίης,</em></span> <span class='ocrx_word' id='word_1_16' title='bbox 717 471 778 543; x_wconf 86' lang='grc' dir='ltr'><strong><em>τόν</em></strong></span> <span class='ocrx_word' id='word_1_17' title='bbox 793 472 814 562; x_wconf 81' lang='grc' dir='ltr'><em>ἡ</em></span> <span class='ocrx_word' id='word_1_18' title='bbox 828 474 936 565; x_wconf 83' lang='grc' dir='ltr'><strong><em>μήτηρ</em></strong></span> <span class='ocrx_word' id='word_1_19' title='bbox 951 474 1037 562; x_wconf 80' lang='grc' dir='ltr'><strong><em>αὕτη</em></strong></span> <span class='ocrx_word' id='word_1_20' title='bbox 1054 481 1153 561; x_wconf 76' lang='grc' dir='ltr'><strong><em>γλῶσ-</em></strong></span> 
     </span>
     <span class='ocr_line' id='line_1_4' title="bbox 160 563 1223 664; baseline -0.003 -21"><span class='ocrx_word' id='word_1_21' title='bbox 160 572 226 644; x_wconf 80' lang='grc' dir='ltr'><strong><em>σύν</em></strong></span> <span class='ocrx_word' id='word_1_22' title='bbox 247 599 283 641; x_wconf 90' lang='grc' dir='ltr'><strong><em>τε</em></strong></span> <span class='ocrx_word' id='word_1_23' title='bbox 297 572 438 644; x_wconf 82' lang='grc' dir='ltr'><strong><em>Ἑλλάδα</em></strong></span> <span class='ocrx_word' id='word_1_24' title='bbox 459 575 515 643; x_wconf 77' lang='grc' dir='ltr'><strong><em>καί</em></strong></span> <span class='ocrx_word' id='word_1_25' title='bbox 534 573 712 661; x_wconf 78' lang='grc' dir='ltr'><strong><em>γράμματα</em></strong></span> <span class='ocrx_word' id='word_1_26' title='bbox 729 575 865 655; x_wconf 84' lang='grc' dir='ltr'><strong><em>ἐδίδαξε.</em></strong></span> <span class='ocrx_word' id='word_1_27' title='bbox 895 571 979 661; x_wconf 81' lang='grc' dir='ltr'><strong><em>μετὰ</em></strong></span> <span class='ocrx_word' id='word_1_28' title='bbox 997 574 1034 643; x_wconf 78' lang='grc' dir='ltr'><strong><em>δὲ</em></strong></span> <span class='ocrx_word' id='word_1_29' title='bbox 1053 572 1153 664; x_wconf 83' lang='grc' dir='ltr'><strong><em>χρόνῳ</em></strong></span> <span class='ocrx_word' id='word_1_30' title='bbox 1222 563 1223 618; x_wconf 63' lang='lat'><em>3</em></span> 
     </span>
     <span class='ocr_line' id='line_1_5' title="bbox 129 667 1153 765; baseline -0.002 -26"><span class='ocrx_word' id='word_1_31' title='bbox 129 710 131 715; x_wconf 95' lang='lat'>·</span> <span class='ocrx_word' id='word_1_32' title='bbox 160 667 303 755; x_wconf 82' lang='grc' dir='ltr'><strong><em>ὕστερον</em></strong></span> <span class='ocrx_word' id='word_1_33' title='bbox 321 669 533 761; x_wconf 77' lang='grc' dir='ltr'><strong><em>Ἀριαπείθης</em></strong></span> <span class='ocrx_word' id='word_1_34' title='bbox 557 672 619 759; x_wconf 75' lang='grc' dir='ltr'><strong><em>μὲν</em></strong></span> <span class='ocrx_word' id='word_1_35' title='bbox 640 679 777 761; x_wconf 76' lang='grc' dir='ltr'><strong><em>τελευτᾷ</em></strong></span> <span class='ocrx_word' id='word_1_36' title='bbox 798 672 886 765; x_wconf 86' lang='grc' dir='ltr'><strong><em>δόλῳ</em></strong></span> <span class='ocrx_word' id='word_1_37' title='bbox 911 669 978 742; x_wconf 79' lang='grc' dir='ltr'><strong><em>ὑπὸ</em></strong></span> <span class='ocrx_word' id='word_1_38' title='bbox 1000 680 1153 759; x_wconf 87' lang='grc' dir='ltr'><strong><em>Σπαργα-</em></strong></span> 
     </span>
     <span class='ocr_line' id='line_1_6' title="bbox 159 768 1154 860; baseline -0.001 -21"><span class='ocrx_word' id='word_1_39' title='bbox 159 777 296 851; x_wconf 88' lang='grc' dir='ltr'><strong><em>πείθεος</em></strong></span> <span class='ocrx_word' id='word_1_40' title='bbox 317 778 379 840; x_wconf 84' lang='grc' dir='ltr'><strong><em>τοῦ</em></strong></span> <span class='ocrx_word' id='word_1_41' title='bbox 396 768 617 859; x_wconf 76' lang='grc' dir='ltr'><strong><em>Ἀγαθύρσων</em></strong></span> <span class='ocrx_word' id='word_1_42' title='bbox 637 774 807 860; x_wconf 75' lang='grc' dir='ltr'><strong><em>βασιλέος,</em></strong></span> <span class='ocrx_word' id='word_1_43' title='bbox 829 772 966 860; x_wconf 81' lang='grc' dir='ltr'><strong><em>Σκύλης</em></strong></span> <span class='ocrx_word' id='word_1_44' title='bbox 987 774 1024 840; x_wconf 79' lang='grc' dir='ltr'><strong><em>δέ</em></strong></span> <span class='ocrx_word' id='word_1_45' title='bbox 1044 771 1104 860; x_wconf 78' lang='grc' dir='ltr'><strong><em>τήν</em></strong></span> <span class='ocrx_word' id='word_1_46' title='bbox 1123 796 1154 838; x_wconf 89' lang='grc' dir='ltr'><strong><em>τε</em></strong></span> 
     </span>
     <span class='ocr_line' id='line_1_7' title="bbox 159 868 1154 960; baseline 0 -23"><span class='ocrx_word' id='word_1_47' title='bbox 159 876 338 957; x_wconf 76' lang='grc' dir='ltr'><strong><em>βασιληίην</em></strong></span> <span class='ocrx_word' id='word_1_48' title='bbox 359 873 527 960; x_wconf 80' lang='grc' dir='ltr'><strong><em>παρέλαβε</em></strong></span> <span class='ocrx_word' id='word_1_49' title='bbox 548 872 603 941; x_wconf 84' lang='grc' dir='ltr'><strong><em>καλ</em></strong></span> <span class='ocrx_word' id='word_1_50' title='bbox 622 868 686 957; x_wconf 76' lang='grc' dir='ltr'><strong><em>τὴν</em></strong></span> <span class='ocrx_word' id='word_1_51' title='bbox 703 886 849 957; x_wconf 77' lang='grc' dir='ltr'><strong><em>γυναῖκα</em></strong></span> <span class='ocrx_word' id='word_1_52' title='bbox 872 879 935 941; x_wconf 81' lang='grc' dir='ltr'><strong><em>τοῦ</em></strong></span> <span class='ocrx_word' id='word_1_53' title='bbox 958 870 1100 959; x_wconf 82' lang='grc' dir='ltr'><strong><em>πατρὸς,</em></strong></span> <span class='ocrx_word' id='word_1_54' title='bbox 1119 876 1154 956; x_wconf 76' lang='grc' dir='ltr'><strong><em>τῇ</em></strong></span> 
     </span>
     <span class='ocr_line' id='line_1_8' title="bbox 159 960 1155 1057; baseline -0.005 -21"><span class='ocrx_word' id='word_1_55' title='bbox 159 964 289 1054; x_wconf 84' lang='grc' dir='ltr'><strong><em>ούνομα</em></strong></span> <span class='ocrx_word' id='word_1_56' title='bbox 304 961 348 1057; x_wconf 82' lang='grc' dir='ltr'><strong><em>ἦν</em></strong></span> <span class='ocrx_word' id='word_1_57' title='bbox 361 966 482 1055; x_wconf 84' lang='grc' dir='ltr'><strong><em>Ὀποίη.</em></strong></span> <span class='ocrx_word' id='word_1_58' title='bbox 511 961 556 1057; x_wconf 81' lang='grc' dir='ltr'><strong><em>ἦν</em></strong></span> <span class='ocrx_word' id='word_1_59' title='bbox 571 970 607 1037; x_wconf 73' lang='grc' dir='ltr'><strong><em>δὲ</em></strong></span> <span class='ocrx_word' id='word_1_60' title='bbox 622 966 708 1054; x_wconf 81' lang='grc' dir='ltr'><strong><em>αὕτη</em></strong></span> <span class='ocrx_word' id='word_1_61' title='bbox 721 966 742 1055; x_wconf 80' lang='grc' dir='ltr'><em>ἡ</em></span> <span class='ocrx_word' id='word_1_62' title='bbox 756 965 869 1056; x_wconf 83' lang='grc' dir='ltr'><strong><em>Ὀποίη</em></strong></span> <span class='ocrx_word' id='word_1_63' title='bbox 885 968 984 1057; x_wconf 75' lang='grc' dir='ltr'><strong><em>ἄστη,</em></strong></span> <span class='ocrx_word' id='word_1_64' title='bbox 1007 972 1041 1052; x_wconf 76' lang='grc' dir='ltr'><strong><em>ἐξ</em></strong></span> <span class='ocrx_word' id='word_1_65' title='bbox 1057 960 1098 1056; x_wconf 77' lang='grc' dir='ltr'><strong><em>ἧς</em></strong></span> <span class='ocrx_word' id='word_1_66' title='bbox 1118 960 1155 1053; x_wconf 75' lang='grc' dir='ltr'><strong><em>ἦν</em></strong></span> 
     </span>
     <span class='ocr_line' id='line_1_9' title="bbox 149 1068 1224 1159; baseline -0.005 -19"><span class='ocrx_word' id='word_1_67' title='bbox 149 1068 284 1159; x_wconf 79' lang='grc' dir='ltr'><strong><em>Ὄρικος</em></strong></span> <span class='ocrx_word' id='word_1_68' title='bbox 296 1068 595 1157; x_wconf 78' lang='grc' dir='ltr'><strong><em>Ἀριαπείθελπαλς.</em></strong></span> <span class='ocrx_word' id='word_1_69' title='bbox 611 1070 803 1159; x_wconf 87' lang='grc' dir='ltr'><strong><em>βασιλεύων</em></strong></span> <span class='ocrx_word' id='word_1_70' title='bbox 816 1074 1030 1142; x_wconf 81' lang='grc' dir='ltr'><strong><em>δέΣκυθέων</em></strong></span> <span class='ocrx_word' id='word_1_71' title='bbox 1040 1068 1155 1140; x_wconf 87' lang='grc' dir='ltr'><strong><em>ὁΣκύ-</em></strong></span> <span class='ocrx_word' id='word_1_72' title='bbox 1221 1125 1224 1158; x_wconf 67' lang='grc'><strong><em>,</em></strong></span> 
     </span>
     <span class='ocr_line' id='line_1_10' title="bbox 159 1162 1156 1259; baseline -0.001 -21"><span class='ocrx_word' id='word_1_73' title='bbox 159 1178 217 1255; x_wconf 86' lang='grc' dir='ltr'><strong><em>λης</em></strong></span> <span class='ocrx_word' id='word_1_74' title='bbox 232 1173 340 1259; x_wconf 81' lang='grc' dir='ltr'><strong><em>διαίτη</em></strong></span> <span class='ocrx_word' id='word_1_75' title='bbox 369 1166 526 1255; x_wconf 76' lang='grc' dir='ltr'><strong><em>οὐδαμῶς</em></strong></span> <span class='ocrx_word' id='word_1_76' title='bbox 556 1162 714 1256; x_wconf 72' lang='grc' dir='ltr'><strong><em>ἠρέσκετο</em></strong></span> <span class='ocrx_word' id='word_1_77' title='bbox 746 1175 922 1257; x_wconf 73' lang='grc' dir='ltr'><strong><em>Σκυθικῇ,</em></strong></span> <span class='ocrx_word' id='word_1_78' title='bbox 953 1162 1038 1237; x_wconf 75' lang='grc' dir='ltr'><strong><em>ἀλλὰ</em></strong></span> <span class='ocrx_word' id='word_1_79' title='bbox 1078 1178 1156 1239; x_wconf 90' lang='grc' dir='ltr'><strong><em>πολ-</em></strong></span> 
     </span>
     <span class='ocr_line' id='line_1_11' title="bbox 158 1263 1223 1358; baseline -0.006 -20"><span class='ocrx_word' id='word_1_80' title='bbox 158 1266 220 1338; x_wconf 83' lang='grc' dir='ltr'><strong><em>λὸν</em></strong></span> <span class='ocrx_word' id='word_1_81' title='bbox 234 1265 318 1355; x_wconf 81' lang='grc' dir='ltr'><strong><em>πρὸς</em></strong></span> <span class='ocrx_word' id='word_1_82' title='bbox 333 1266 557 1356; x_wconf 72' lang='grc' dir='ltr'><strong><em>ταἹίλληνικοί</em></strong></span> <span class='ocrx_word' id='word_1_83' title='bbox 572 1276 701 1357; x_wconf 82' lang='grc' dir='ltr'><strong><em>μᾶλλον</em></strong></span> <span class='ocrx_word' id='word_1_84' title='bbox 715 1272 938 1357; x_wconf 77' lang='grc' dir='ltr'><strong><em>τετραμμένος</em></strong></span> <span class='ocrx_word' id='word_1_85' title='bbox 947 1263 991 1358; x_wconf 79' lang='grc' dir='ltr'><strong><em>ἦν</em></strong></span> <span class='ocrx_word' id='word_1_86' title='bbox 1004 1266 1070 1337; x_wconf 84' lang='grc' dir='ltr'><strong><em>ιἰπδ</em></strong></span> <span class='ocrx_word' id='word_1_87' title='bbox 1082 1292 1157 1335; x_wconf 89' lang='grc' dir='ltr'><strong><em>παι-</em></strong></span> <span class='ocrx_word' id='word_1_88' title='bbox 1221 1323 1223 1358; x_wconf 68' lang='lat'><em>÷</em></span> 
     </span>
     <span class='ocr_line' id='line_1_12' title="bbox 158 1360 1224 1458; baseline -0.005 -23"><span class='ocrx_word' id='word_1_89' title='bbox 158 1368 293 1458; x_wconf 87' lang='grc' dir='ltr'><strong><em>δεύσιος</em></strong></span> <span class='ocrx_word' id='word_1_90' title='bbox 305 1376 362 1455; x_wconf 80' lang='grc' dir='ltr'><strong><em>τῆς</em></strong></span> <span class='ocrx_word' id='word_1_91' title='bbox 377 1372 604 1455; x_wconf 80' lang='grc' dir='ltr'><strong><em>ἐπεπαίδευτο,</em></strong></span> <span class='ocrx_word' id='word_1_92' title='bbox 617 1370 729 1438; x_wconf 84' lang='grc' dir='ltr'><strong><em>ἐποίεέ</em></strong></span> <span class='ocrx_word' id='word_1_93' title='bbox 736 1395 773 1437; x_wconf 89' lang='grc' dir='ltr'><strong><em>τε</em></strong></span> <span class='ocrx_word' id='word_1_94' title='bbox 781 1375 931 1439; x_wconf 81' lang='grc' dir='ltr'><strong><em>τοιοῦτο·</em></strong></span> <span class='ocrx_word' id='word_1_95' title='bbox 954 1360 1030 1436; x_wconf 80' lang='grc' dir='ltr'><strong><em>εὖτε</em></strong></span> <span class='ocrx_word' id='word_1_96' title='bbox 1040 1363 1155 1453; x_wconf 73' lang='grc' dir='ltr'><strong><em>ἀγάγοι</em></strong></span> <span class='ocrx_word' id='word_1_97' title='bbox 1222 1419 1224 1452; x_wconf 74' lang='grc'><strong><em>,</em></strong></span> 
     </span>
     <span class='ocr_line' id='line_1_13' title="bbox 156 1461 1156 1557; baseline -0.009 -20"><span class='ocrx_word' id='word_1_98' title='bbox 156 1466 219 1557; x_wconf 78' lang='grc' dir='ltr'><strong><em>τὴν</em></strong></span> <span class='ocrx_word' id='word_1_99' title='bbox 234 1466 393 1556; x_wconf 77' lang='grc' dir='ltr'><strong><em>στρατιὴν</em></strong></span> <span class='ocrx_word' id='word_1_100' title='bbox 407 1465 469 1556; x_wconf 78' lang='grc' dir='ltr'><strong><em>την</em></strong></span> <span class='ocrx_word' id='word_1_101' title='bbox 483 1469 653 1537; x_wconf 82' lang='grc' dir='ltr'><strong><em>Σκυθέων</em></strong></span> <span class='ocrx_word' id='word_1_102' title='bbox 670 1469 703 1547; x_wconf 87' lang='grc' dir='ltr'><strong><em>ἐς</em></strong></span> <span class='ocrx_word' id='word_1_103' title='bbox 714 1464 751 1535; x_wconf 88' lang='grc' dir='ltr'>τό</span> <span class='ocrx_word' id='word_1_104' title='bbox 766 1470 1063 1557; x_wconf 74' lang='grc' dir='ltr'><strong><em>Βορυσθενεϊτέων</em></strong></span> <span class='ocrx_word' id='word_1_105' title='bbox 1077 1461 1156 1533; x_wconf 69' lang='grc' dir='ltr'><strong><em>ἄστυ</em></strong></span> 
     </span>
     <span class='ocr_line' id='line_1_14' title="bbox 157 1558 1224 1657; baseline -0.003 -20"><span class='ocrx_word' id='word_1_106' title='bbox 157 1574 207 1657; x_wconf 85' lang='grc' dir='ltr'><strong><em>(οί</em></strong></span> <span class='ocrx_word' id='word_1_107' title='bbox 219 1572 255 1638; x_wconf 78' lang='grc' dir='ltr'><strong><em>δὲ</em></strong></span> <span class='ocrx_word' id='word_1_108' title='bbox 269 1573 534 1656; x_wconf 71' lang='grc' dir='ltr'><strong><em>Βορυσθενεῗται</em></strong></span> <span class='ocrx_word' id='word_1_109' title='bbox 549 1558 644 1636; x_wconf 80' lang='grc' dir='ltr'><strong><em>οὗτοι</em></strong></span> <span class='ocrx_word' id='word_1_110' title='bbox 658 1569 795 1654; x_wconf 78' lang='grc' dir='ltr'><strong><em>λέγουσι</em></strong></span> <span class='ocrx_word' id='word_1_111' title='bbox 816 1569 921 1653; x_wconf 77' lang='grc' dir='ltr'><strong><em>σφέας</em></strong></span> <span class='ocrx_word' id='word_1_112' title='bbox 935 1561 1059 1643; x_wconf 82' lang='grc' dir='ltr'><strong><em>αὐτούς</em></strong></span> <span class='ocrx_word' id='word_1_113' title='bbox 1075 1561 1155 1631; x_wconf 81' lang='grc' dir='ltr'><strong><em>εἶναι</em></strong></span> <span class='ocrx_word' id='word_1_114' title='bbox 1222 1629 1224 1634; x_wconf 92' lang='grc'><strong><em>.</em></strong></span> 
     </span>
     <span class='ocr_line' id='line_1_15' title="bbox 156 1659 1157 1755; baseline -0.01 -18"><span class='ocrx_word' id='word_1_115' title='bbox 156 1676 380 1755; x_wconf 82' lang='grc' dir='ltr'><strong><em>Μιλησίους),</em></strong></span> <span class='ocrx_word' id='word_1_116' title='bbox 398 1670 431 1747; x_wconf 88' lang='grc' dir='ltr'><strong><em>ἐς</em></strong></span> <span class='ocrx_word' id='word_1_117' title='bbox 444 1666 585 1745; x_wconf 82' lang='grc' dir='ltr'><strong><em>τούτους</em></strong></span> <span class='ocrx_word' id='word_1_118' title='bbox 602 1663 690 1746; x_wconf 82' lang='grc' dir='ltr'><strong><em>ὅκως</em></strong></span> <span class='ocrx_word' id='word_1_119' title='bbox 707 1671 803 1733; x_wconf 87' lang='grc' dir='ltr'><strong><em>ἐλθοι</em></strong></span> <span class='ocrx_word' id='word_1_120' title='bbox 817 1661 835 1732; x_wconf 86' lang='grc' dir='ltr'>ὁ</span> <span class='ocrx_word' id='word_1_121' title='bbox 847 1663 1001 1752; x_wconf 89' lang='grc' dir='ltr'><strong><em>Σκύλης,</em></strong></span> <span class='ocrx_word' id='word_1_122' title='bbox 1021 1659 1084 1749; x_wconf 79' lang='grc' dir='ltr'><strong><em>τὴν</em></strong></span> <span class='ocrx_word' id='word_1_123' title='bbox 1098 1662 1157 1749; x_wconf 78' lang='grc' dir='ltr'><strong><em>μὲν</em></strong></span> 
     </span>
     <span class='ocr_line' id='line_1_16' title="bbox 157 1759 1224 1856; baseline -0.011 -19"><span class='ocrx_word' id='word_1_124' title='bbox 157 1765 317 1856; x_wconf 78' lang='grc' dir='ltr'><strong><em>στρατιὴν</em></strong></span> <span class='ocrx_word' id='word_1_125' title='bbox 330 1775 566 1839; x_wconf 85' lang='grc' dir='ltr'><strong><em>καταλείπεσκε</em></strong></span> <span class='ocrx_word' id='word_1_126' title='bbox 581 1768 678 1856; x_wconf 78' lang='grc' dir='ltr'><strong><em>ἐντῷ</em></strong></span> <span class='ocrx_word' id='word_1_127' title='bbox 693 1771 897 1854; x_wconf 80' lang='grc' dir='ltr'><strong><em>προαστείῳ,</em></strong></span> <span class='ocrx_word' id='word_1_128' title='bbox 914 1760 1015 1841; x_wconf 81' lang='grc' dir='ltr'><strong><em>αὐτὸς</em></strong></span> <span class='ocrx_word' id='word_1_129' title='bbox 1026 1763 1061 1829; x_wconf 79' lang='grc' dir='ltr'><strong><em>δὲ</em></strong></span> <span class='ocrx_word' id='word_1_130' title='bbox 1074 1759 1157 1838; x_wconf 84' lang='grc' dir='ltr'><strong><em>ὅκως</em></strong></span> <span class='ocrx_word' id='word_1_131' title='bbox 1221 1829 1224 1844; x_wconf 50' lang='lat'>,</span> 
     </span>
     <span class='ocr_line' id='line_1_17' title="bbox 157 1858 1158 1954; baseline -0.008 -19"><span class='ocrx_word' id='word_1_132' title='bbox 157 1873 252 1936; x_wconf 83' lang='grc' dir='ltr'><strong><em>ἔλθοι</em></strong></span> <span class='ocrx_word' id='word_1_133' title='bbox 268 1870 300 1947; x_wconf 80' lang='grc' dir='ltr'><strong><em>ἐς</em></strong></span> <span class='ocrx_word' id='word_1_134' title='bbox 316 1865 353 1937; x_wconf 88' lang='grc' dir='ltr'>τό</span> <span class='ocrx_word' id='word_1_135' title='bbox 368 1881 472 1954; x_wconf 74' lang='grc' dir='ltr'><strong><em>τεῖχος</em></strong></span> <span class='ocrx_word' id='word_1_136' title='bbox 486 1869 541 1935; x_wconf 79' lang='grc' dir='ltr'><strong><em>καί</em></strong></span> <span class='ocrx_word' id='word_1_137' title='bbox 551 1863 610 1945; x_wconf 76' lang='grc' dir='ltr'><strong><em>τὰς</em></strong></span> <span class='ocrx_word' id='word_1_138' title='bbox 621 1865 730 1943; x_wconf 84' lang='grc' dir='ltr'><strong><em>πύλας</em></strong></span> <span class='ocrx_word' id='word_1_139' title='bbox 744 1867 945 1950; x_wconf 86' lang='grc' dir='ltr'><strong><em>ἐγκληίσειε,</em></strong></span> <span class='ocrx_word' id='word_1_140' title='bbox 962 1860 1025 1949; x_wconf 79' lang='grc' dir='ltr'><strong><em>τὴν</em></strong></span> <span class='ocrx_word' id='word_1_141' title='bbox 1036 1858 1158 1946; x_wconf 74' lang='grc' dir='ltr'><strong><em>στολὴν</em></strong></span> 
     </span>
     <span class='ocr_line' id='line_1_18' title="bbox 157 1958 1224 2056; baseline -0.008 -22"><span class='ocrx_word' id='word_1_142' title='bbox 157 1962 366 2054; x_wconf 78' lang='grc' dir='ltr'><strong><em>ἀποθέμενος</em></strong></span> <span class='ocrx_word' id='word_1_143' title='bbox 377 1962 627 2056; x_wconf 78' lang='grc' dir='ltr'><strong><em>τηνΣκυθικην</em></strong></span> <span class='ocrx_word' id='word_1_144' title='bbox 637 1965 780 2053; x_wconf 79' lang='grc' dir='ltr'><strong><em>λάβεσκε</em></strong></span> <span class='ocrx_word' id='word_1_145' title='bbox 790 1958 1014 2050; x_wconf 76' lang='grc' dir='ltr'><strong><em>ύνἙλληνίδα</em></strong></span> <span class='ocrx_word' id='word_1_146' title='bbox 1023 1964 1158 2048; x_wconf 72' lang='grc' dir='ltr'><strong><em>ἐσθῆτα,</em></strong></span> <span class='ocrx_word' id='word_1_147' title='bbox 1222 2028 1224 2055; x_wconf 47' lang='grc'><strong><em>,</em></strong></span> 
     </span>
     <span class='ocr_line' id='line_1_19' title="bbox 157 2060 1224 2185; baseline -0.003 -55"><span class='ocrx_word' id='word_1_148' title='bbox 157 2069 241 2149; x_wconf 83' lang='grc' dir='ltr'><strong><em>ἔχων</em></strong></span> <span class='ocrx_word' id='word_1_149' title='bbox 257 2061 327 2130; x_wconf 91' lang='grc' dir='ltr'><strong><em>δ</em></strong></span> <span class='ocrx_word' id='word_1_150' title='bbox 305 2091 349 2132; x_wconf 90' lang='grc' dir='ltr'><strong><em>αν</em></strong></span> <span class='ocrx_word' id='word_1_151' title='bbox 366 2063 492 2152; x_wconf 86' lang='grc' dir='ltr'><strong><em>ταύτην</em></strong></span> <span class='ocrx_word' id='word_1_152' title='bbox 511 2061 654 2185; x_wconf 81' lang='grc' dir='ltr'><strong><em>ηγόραζε</em></strong></span> <span class='ocrx_word' id='word_1_153' title='bbox 668 2088 746 2130; x_wconf 91' lang='grc' dir='ltr'><strong><em>ουτε</em></strong></span> <span class='ocrx_word' id='word_1_154' title='bbox 765 2060 1004 2149; x_wconf 75' lang='grc' dir='ltr'><strong><em>δορυφόρων’</em></strong></span> <span class='ocrx_word' id='word_1_155' title='bbox 986 2061 1158 2184; x_wconf 71' lang='grc' dir='ltr'><strong><em>επομένωχ</em></strong></span> <span class='ocrx_word' id='word_1_156' title='bbox 1222 2124 1224 2142; x_wconf 81' lang='grc'><strong><em>,</em></strong></span> 
     </span>
     <span class='ocr_line' id='line_1_20' title="bbox 157 2159 1159 2263; baseline -0.001 -36"><span class='ocrx_word' id='word_1_157' title='bbox 157 2159 234 2228; x_wconf 79' lang='grc' dir='ltr'><strong><em>οὔτε</em></strong></span> <span class='ocrx_word' id='word_1_158' title='bbox 251 2159 355 2230; x_wconf 79' lang='grc' dir='ltr'><strong><em>ἄλλον</em></strong></span> <span class='ocrx_word' id='word_1_159' title='bbox 377 2160 516 2242; x_wconf 88' lang='grc' dir='ltr'><strong><em>ούδενός</em></strong></span> <span class='ocrx_word' id='word_1_160' title='bbox 537 2161 610 2252; x_wconf 75' lang='grc' dir='ltr'><strong><em>(τίς</em></strong></span> <span class='ocrx_word' id='word_1_161' title='bbox 630 2162 667 2232; x_wconf 75' lang='grc' dir='ltr'><strong><em>δὲ</em></strong></span> <span class='ocrx_word' id='word_1_162' title='bbox 687 2162 795 2241; x_wconf 87' lang='grc' dir='ltr'><strong><em>πύλας</em></strong></span> <span class='ocrx_word' id='word_1_163' title='bbox 816 2162 1027 2248; x_wconf 85' lang='grc' dir='ltr'><strong><em>ἐφύλασσον,</em></strong></span> <span class='ocrx_word' id='word_1_164' title='bbox 1047 2187 1098 2263; x_wconf 85' lang='grc' dir='ltr'><strong><em>μη</em></strong></span> <span class='ocrx_word' id='word_1_165' title='bbox 1113 2165 1159 2236; x_wconf 88' lang='grc' dir='ltr'><strong><em>τίς</em></strong></span> 
     </span>
     <span class='ocr_line' id='line_1_21' title="bbox 156 2204 1224 2352; baseline -0.001 -26"><span class='ocrx_word' id='word_1_166' title='bbox 156 2283 215 2343; x_wconf 91' lang='grc' dir='ltr'><strong><em>μιν</em></strong></span> <span class='ocrx_word' id='word_1_167' title='bbox 225 2261 394 2326; x_wconf 83' lang='grc' dir='ltr'><strong><em>Σκυθέων</em></strong></span> <span class='ocrx_word' id='word_1_168' title='bbox 406 2263 471 2328; x_wconf 86' lang='grc' dir='ltr'><strong><em>ίδοι</em></strong></span> <span class='ocrx_word' id='word_1_169' title='bbox 484 2265 600 2348; x_wconf 79' lang='grc' dir='ltr'><strong><em>ἔχοντα</em></strong></span> <span class='ocrx_word' id='word_1_170' title='bbox 611 2262 737 2352; x_wconf 88' lang='grc' dir='ltr'><strong><em>ταύτην</em></strong></span> <span class='ocrx_word' id='word_1_171' title='bbox 749 2258 811 2348; x_wconf 76' lang='grc' dir='ltr'><strong><em>τὴν</em></strong></span> <span class='ocrx_word' id='word_1_172' title='bbox 821 2260 976 2350; x_wconf 82' lang='grc' dir='ltr'><strong><em>στολήν),</em></strong></span> <span class='ocrx_word' id='word_1_173' title='bbox 989 2262 1044 2327; x_wconf 79' lang='grc' dir='ltr'><strong><em>καὶ</em></strong></span> <span class='ocrx_word' id='word_1_174' title='bbox 1056 2252 1159 2329; x_wconf 80' lang='grc' dir='ltr'><strong><em>τᾶλλα</em></strong></span> <span class='ocrx_word' id='word_1_175' title='bbox 1222 2204 1224 2295; x_wconf 59' lang='grc' dir='ltr'><strong><em>ἐ</em></strong></span> 
     </span>
     <span class='ocr_line' id='line_1_22' title="bbox 156 2350 1224 2450; baseline 0.001 -28"><span class='ocrx_word' id='word_1_176' title='bbox 156 2358 271 2443; x_wconf 82' lang='grc' dir='ltr'><strong><em>ἐχρᾶτο</em></strong></span> <span class='ocrx_word' id='word_1_177' title='bbox 287 2354 414 2446; x_wconf 66' lang='grc' dir='ltr'><strong><em>διαίτη</em></strong></span> <span class='ocrx_word' id='word_1_178' title='bbox 411 2366 596 2450; x_wconf 83' lang='grc' dir='ltr'><strong><em>Βλληνικη,</em></strong></span> <span class='ocrx_word' id='word_1_179' title='bbox 615 2386 671 2429; x_wconf 90' lang='grc' dir='ltr'><strong><em>και</em></strong></span> <span class='ocrx_word' id='word_1_180' title='bbox 659 2363 820 2428; x_wconf 83' lang='grc' dir='ltr'><strong><em>θεοῖσιί</em></strong></span> <span class='ocrx_word' id='word_1_181' title='bbox 819 2385 862 2444; x_wconf 89' lang='grc' dir='ltr'><strong><em>ρα</em></strong></span> <span class='ocrx_word' id='word_1_182' title='bbox 806 2356 985 2428; x_wconf 85' lang='grc' dir='ltr'><strong><em>ίέποίεε</em></strong></span> <span class='ocrx_word' id='word_1_183' title='bbox 999 2354 1084 2425; x_wconf 81' lang='grc' dir='ltr'><strong><em>κατὰ</em></strong></span> <span class='ocrx_word' id='word_1_184' title='bbox 1099 2355 1161 2424; x_wconf 91' lang='grc' dir='ltr'><strong><em>νό-</em></strong></span> <span class='ocrx_word' id='word_1_185' title='bbox 1222 2350 1224 2374; x_wconf 65' lang='lat'><em>²</em></span> 
     </span>
     <span class='ocr_line' id='line_1_23' title="bbox 155 2450 1160 2546; baseline -0.003 -22"><span class='ocrx_word' id='word_1_186' title='bbox 155 2481 239 2540; x_wconf 87' lang='grc' dir='ltr'><strong><em>μους</em></strong></span> <span class='ocrx_word' id='word_1_187' title='bbox 263 2454 342 2536; x_wconf 81' lang='grc' dir='ltr'><strong><em>τούς</em></strong></span> <span class='ocrx_word' id='word_1_188' title='bbox 357 2454 591 2546; x_wconf 73' lang='grc' dir='ltr'><strong><em>Ελλήνων.”</em></strong></span> <span class='ocrx_word' id='word_1_189' title='bbox 570 2486 626 2527; x_wconf 92' lang='grc' dir='ltr'><strong><em>οτε</em></strong></span> <span class='ocrx_word' id='word_1_190' title='bbox 647 2461 683 2528; x_wconf 81' lang='grc' dir='ltr'><strong><em>δέ</em></strong></span> <span class='ocrx_word' id='word_1_191' title='bbox 703 2463 887 2546; x_wconf 79' lang='grc' dir='ltr'><strong><em>διατρίψειε</em></strong></span> <span class='ocrx_word' id='word_1_192' title='bbox 906 2483 996 2545; x_wconf 89' lang='grc' dir='ltr'><strong><em>μηνα</em></strong></span> <span class='ocrx_word' id='word_1_193' title='bbox 1018 2450 1160 2542; x_wconf 85' lang='grc' dir='ltr'><strong><em>ηπλέον</em></strong></span> 
     </span>
     <span class='ocr_line' id='line_1_24' title="bbox 75 2551 1224 2681; baseline 0 -61"><span class='ocrx_word' id='word_1_194' title='bbox 75 2581 76 2584; x_wconf 62' lang='grc'>’</span> <span class='ocrx_word' id='word_1_195' title='bbox 154 2551 293 2639; x_wconf 86' lang='grc' dir='ltr'><strong><em>τούτου,</em></strong></span> <span class='ocrx_word' id='word_1_196' title='bbox 326 2551 555 2625; x_wconf 71' lang='grc' dir='ltr'><strong><em>ἀπαλλάσσετο</em></strong></span> <span class='ocrx_word' id='word_1_197' title='bbox 590 2554 690 2636; x_wconf 79' lang='grc' dir='ltr'><strong><em>ἐνδύς</em></strong></span> <span class='ocrx_word' id='word_1_198' title='bbox 719 2553 782 2644; x_wconf 79' lang='grc' dir='ltr'><strong><em>την</em></strong></span> <span class='ocrx_word' id='word_1_199' title='bbox 810 2553 992 2643; x_wconf 77' lang='grc' dir='ltr'><strong><em>Σκυθικὴν</em></strong></span> <span class='ocrx_word' id='word_1_200' title='bbox 1024 2554 1159 2642; x_wconf 76' lang='grc' dir='ltr'><strong><em>στολήν.</em></strong></span> <span class='ocrx_word' id='word_1_201' title='bbox 1222 2572 1224 2681; x_wconf 67' lang='grc' dir='ltr'><strong><em>ρ</em></strong></span> 
     </span>
     <span class='ocr_line' id='line_1_25' title="bbox 154 2653 1161 2744; baseline -0.002 -23"><span class='ocrx_word' id='word_1_202' title='bbox 154 2659 258 2721; x_wconf 87' lang='grc' dir='ltr'><strong><em>ταῦτα</em></strong></span> <span class='ocrx_word' id='word_1_203' title='bbox 273 2659 425 2724; x_wconf 80' lang='grc' dir='ltr'><strong><em>ποιέεσκε</em></strong></span> <span class='ocrx_word' id='word_1_204' title='bbox 445 2655 621 2744; x_wconf 81' lang='grc' dir='ltr'><strong><em>πολλάκις,</em></strong></span> <span class='ocrx_word' id='word_1_205' title='bbox 644 2659 700 2726; x_wconf 85' lang='grc' dir='ltr'><strong><em>καλ</em></strong></span> <span class='ocrx_word' id='word_1_206' title='bbox 715 2663 803 2726; x_wconf 89' lang='grc' dir='ltr'><strong><em>οίκία</em></strong></span> <span class='ocrx_word' id='word_1_207' title='bbox 823 2683 859 2724; x_wconf 85' lang='grc' dir='ltr'><strong><em>τε</em></strong></span> <span class='ocrx_word' id='word_1_208' title='bbox 874 2658 1023 2741; x_wconf 84' lang='grc' dir='ltr'><strong><em>ἐδείματο</em></strong></span> <span class='ocrx_word' id='word_1_209' title='bbox 1039 2653 1079 2720; x_wconf 87' lang='grc' dir='ltr'><strong><em>ἐν</em></strong></span> <span class='ocrx_word' id='word_1_210' title='bbox 1092 2660 1161 2720; x_wconf 86' lang='grc' dir='ltr'><strong><em>Βο·</em></strong></span> 
     </span>
     <span class='ocr_line' id='line_1_26' title="bbox 107 2746 1161 2877; baseline -0.002 -59"><span class='ocrx_word' id='word_1_211' title='bbox 107 2770 139 2828; x_wconf 80' lang='grc'><strong><em>79</em></strong></span> <span class='ocrx_word' id='word_1_212' title='bbox 156 2754 381 2839; x_wconf 81' lang='grc' dir='ltr'><strong><em>ρυσθένελκαὶ</em></strong></span> <span class='ocrx_word' id='word_1_213' title='bbox 391 2770 536 2840; x_wconf 75' lang='grc' dir='ltr'><strong><em>γυναῖκα</em></strong></span> <span class='ocrx_word' id='word_1_214' title='bbox 548 2761 649 2842; x_wconf 81' lang='grc' dir='ltr'><strong><em>ἔγημε</em></strong></span> <span class='ocrx_word' id='word_1_215' title='bbox 660 2758 693 2834; x_wconf 84' lang='grc' dir='ltr'><strong><em>ἐς</em></strong></span> <span class='ocrx_word' id='word_1_216' title='bbox 704 2753 789 2826; x_wconf 79' lang='grc' dir='ltr'><strong><em>αὐτὰ</em></strong></span> <span class='ocrx_word' id='word_1_217' title='bbox 802 2758 990 2877; x_wconf 85' lang='grc' dir='ltr'><strong><em>ἐπιχωρίην.</em></strong></span> <span class='ocrx_word' id='word_1_218' title='bbox 1029 2746 1161 2818; x_wconf 82' lang='grc' dir='ltr'><strong><em>Ἐπείτε</em></strong></span> 
     </span>
     <span class='ocr_line' id='line_1_27' title="bbox 154 2852 1161 2943; baseline -0.004 -23"><span class='ocrx_word' id='word_1_219' title='bbox 154 2852 190 2920; x_wconf 82' lang='grc' dir='ltr'><strong><em>δέ</em></strong></span> <span class='ocrx_word' id='word_1_220' title='bbox 205 2855 279 2921; x_wconf 84' lang='grc' dir='ltr'><strong><em>ἐδεέ</em></strong></span> <span class='ocrx_word' id='word_1_221' title='bbox 293 2857 326 2922; x_wconf 90' lang='grc' dir='ltr'><strong><em>οί</em></strong></span> <span class='ocrx_word' id='word_1_222' title='bbox 338 2862 449 2934; x_wconf 72' lang='grc' dir='ltr'><strong><em>κακῶς</em></strong></span> <span class='ocrx_word' id='word_1_223' title='bbox 461 2855 640 2940; x_wconf 80' lang='grc' dir='ltr'><strong><em>γενέσθαι,</em></strong></span> <span class='ocrx_word' id='word_1_224' title='bbox 656 2852 821 2943; x_wconf 82' lang='grc' dir='ltr'><strong><em>ἐγένετο’</em></strong></span> <span class='ocrx_word' id='word_1_225' title='bbox 803 2852 868 2922; x_wconf 82' lang='grc' dir='ltr'><strong><em>απὸ</em></strong></span> <span class='ocrx_word' id='word_1_226' title='bbox 885 2852 1075 2939; x_wconf 79' lang='grc' dir='ltr'><strong><em>προῳασιος</em></strong></span> <span class='ocrx_word' id='word_1_227' title='bbox 1088 2874 1161 2917; x_wconf 92' lang='grc' dir='ltr'><strong><em>τοι-</em></strong></span> 
     </span>
     <span class='ocr_line' id='line_1_28' title="bbox 152 2952 1224 3073; baseline -0.003 -53"><span class='ocrx_word' id='word_1_228' title='bbox 152 2954 250 3053; x_wconf 87' lang='grc' dir='ltr'><strong><em>ησδε</em></strong></span> <span class='ocrx_word' id='word_1_229' title='bbox 281 2952 474 3040; x_wconf 86' lang='grc' dir='ltr'><strong><em>ἐπεθύμησε</em></strong></span> <span class='ocrx_word' id='word_1_230' title='bbox 488 2952 650 3044; x_wconf 86' lang='grc' dir='ltr'><strong><em>Διονυσῳ</em></strong></span> <span class='ocrx_word' id='word_1_231' title='bbox 669 2962 819 3045; x_wconf 83' lang='grc' dir='ltr'><strong><em>Βακχείῳ</em></strong></span> <span class='ocrx_word' id='word_1_232' title='bbox 840 2959 1056 3038; x_wconf 81' lang='grc' dir='ltr'><strong><em>τελεσθῆναι</em></strong></span> <span class='ocrx_word' id='word_1_233' title='bbox 1079 2954 1161 3073; x_wconf 80' lang='grc' dir='ltr'><strong><em>με’λ-</em></strong></span> <span class='ocrx_word' id='word_1_234' title='bbox 1222 3002 1224 3037; x_wconf 74' lang='lat' dir='ltr'>e</span> 
     </span>
     <span class='ocr_line' id='line_1_29' title="bbox 153 3051 1162 3142; baseline -0.003 -22"><span class='ocrx_word' id='word_1_235' title='bbox 153 3060 245 3120; x_wconf 89' lang='grc' dir='ltr'><strong><em>λοντι</em></strong></span> <span class='ocrx_word' id='word_1_236' title='bbox 256 3055 296 3119; x_wconf 80' lang='grc' dir='ltr'><strong><em>δέ</em></strong></span> <span class='ocrx_word' id='word_1_237' title='bbox 304 3057 339 3120; x_wconf 87' lang='grc' dir='ltr'><strong><em>οί</em></strong></span> <span class='ocrx_word' id='word_1_238' title='bbox 351 3055 384 3131; x_wconf 86' lang='grc' dir='ltr'><strong><em>ἐς</em></strong></span> <span class='ocrx_word' id='word_1_239' title='bbox 393 3065 504 3139; x_wconf 82' lang='grc' dir='ltr'><strong><em>χεῖρας</em></strong></span> <span class='ocrx_word' id='word_1_240' title='bbox 515 3051 706 3138; x_wconf 77' lang='grc' dir='ltr'><strong><em>ἄγεσθαι</em></strong></span> <span class='ocrx_word' id='word_1_241' title='bbox 670 3082 732 3142; x_wconf 90' lang='grc' dir='ltr'><strong><em>την</em></strong></span> <span class='ocrx_word' id='word_1_242' title='bbox 743 3053 878 3142; x_wconf 89' lang='grc' dir='ltr'><strong><em>τελετην</em></strong></span> <span class='ocrx_word' id='word_1_243' title='bbox 895 3057 1025 3142; x_wconf 80' lang='grc' dir='ltr'><strong><em>ἐγένετο</em></strong></span> <span class='ocrx_word' id='word_1_244' title='bbox 1040 3052 1162 3138; x_wconf 85' lang='grc' dir='ltr'><strong><em>φασμα</em></strong></span> 
     </span>
     <span class='ocr_line' id='line_1_30' title="bbox 153 3143 1224 3268; baseline 0.004 -52"><span class='ocrx_word' id='word_1_245' title='bbox 153 3143 370 3268; x_wconf 79' lang='grc' dir='ltr'><strong><em>μέγιστον.</em></strong></span> <span class='ocrx_word' id='word_1_246' title='bbox 347 3176 392 3238; x_wconf 87' lang='grc' dir='ltr'><strong><em>ην</em></strong></span> <span class='ocrx_word' id='word_1_247' title='bbox 409 3154 444 3219; x_wconf 86' lang='grc' dir='ltr'><strong><em>οί</em></strong></span> <span class='ocrx_word' id='word_1_248' title='bbox 455 3153 492 3220; x_wconf 82' lang='grc' dir='ltr'><strong><em>ἐν</em></strong></span> <span class='ocrx_word' id='word_1_249' title='bbox 508 3158 805 3238; x_wconf 76' lang='grc' dir='ltr'><strong><em>Βορυσθενειτέων</em></strong></span> <span class='ocrx_word' id='word_1_250' title='bbox 824 3183 865 3246; x_wconf 86' lang='grc' dir='ltr'><strong><em>τη</em></strong></span> <span class='ocrx_word' id='word_1_251' title='bbox 850 3156 960 3224; x_wconf 78' lang='grc' dir='ltr'><strong><em>πόλι</em></strong></span> <span class='ocrx_word' id='word_1_252' title='bbox 977 3160 1084 3240; x_wconf 89' lang='grc' dir='ltr'><strong><em>οίκίης</em></strong></span> <span class='ocrx_word' id='word_1_253' title='bbox 1099 3180 1162 3237; x_wconf 88' lang='grc' dir='ltr'><strong><em>με·</em></strong></span> <span class='ocrx_word' id='word_1_254' title='bbox 1222 3160 1224 3169; x_wconf 86' lang='grc'><strong>’</strong></span> 
     </span>
     <span class='ocr_line' id='line_1_31' title="bbox 153 3243 1160 3342; baseline 0.005 -29"><span class='ocrx_word' id='word_1_255' title='bbox 153 3243 256 3332; x_wconf 81' lang='grc' dir='ltr'><strong><em>γύλης</em></strong></span> <span class='ocrx_word' id='word_1_256' title='bbox 273 3251 329 3316; x_wconf 88' lang='grc' dir='ltr'><strong><em>καλ</em></strong></span> <span class='ocrx_word' id='word_1_257' title='bbox 342 3255 540 3330; x_wconf 83' lang='grc' dir='ltr'><strong><em>πολυτελέος</em></strong></span> <span class='ocrx_word' id='word_1_258' title='bbox 554 3251 733 3342; x_wconf 84' lang='grc' dir='ltr'><strong><em>περιβολη,</em></strong></span> <span class='ocrx_word' id='word_1_259' title='bbox 756 3262 813 3342; x_wconf 81' lang='grc' dir='ltr'><strong><em>τῆς</em></strong></span> <span class='ocrx_word' id='word_1_260' title='bbox 824 3259 880 3324; x_wconf 82' lang='grc' dir='ltr'><strong><em>καλ</em></strong></span> <span class='ocrx_word' id='word_1_261' title='bbox 893 3252 1009 3340; x_wconf 83' lang='grc' dir='ltr'><strong><em>ὀλίγον</em></strong></span> <span class='ocrx_word' id='word_1_262' title='bbox 1023 3279 1055 3320; x_wconf 91' lang='grc' dir='ltr'><strong><em>τι</em></strong></span> <span class='ocrx_word' id='word_1_263' title='bbox 1072 3251 1160 3338; x_wconf 88' lang='grc' dir='ltr'><strong><em>πρό-</em></strong></span> 
     </span>
     <span class='ocr_line' id='line_1_32' title="bbox 154 3344 1162 3472; baseline 0.006 -62"><span class='ocrx_word' id='word_1_264' title='bbox 154 3369 249 3428; x_wconf 85' lang='grc' dir='ltr'><strong><em>τερον</em></strong></span> <span class='ocrx_word' id='word_1_265' title='bbox 278 3344 404 3413; x_wconf 89' lang='grc' dir='ltr'><strong><em>τούτων</em></strong></span> <span class='ocrx_word' id='word_1_266' title='bbox 400 3348 556 3472; x_wconf 70' lang='grc' dir='ltr'><strong><em>μνημην</em></strong></span> <span class='ocrx_word' id='word_1_267' title='bbox 581 3349 745 3438; x_wconf 77' lang='grc' dir='ltr'><strong><em>εἶχον,</em></strong></span> <span class='ocrx_word' id='word_1_268' title='bbox 708 3379 771 3441; x_wconf 90' lang='grc' dir='ltr'><strong><em>την</em></strong></span> <span class='ocrx_word' id='word_1_269' title='bbox 790 3357 885 3441; x_wconf 79' lang='grc' dir='ltr'><strong><em>πέριξ</em></strong></span> <span class='ocrx_word' id='word_1_270' title='bbox 908 3359 1033 3422; x_wconf 87' lang='grc' dir='ltr'><strong><em>λευκοῦ</em></strong></span> <span class='ocrx_word' id='word_1_271' title='bbox 1055 3357 1162 3419; x_wconf 89' lang='grc' dir='ltr'><strong><em>λίθου</em></strong></span> 
     </span>
     <span class='ocr_line' id='line_1_33' title="bbox 153 3447 1160 3541; baseline 0.011 -35"><span class='ocrx_word' id='word_1_272' title='bbox 153 3447 291 3527; x_wconf 83' lang='grc' dir='ltr'><strong><em>σφίγγες</em></strong></span> <span class='ocrx_word' id='word_1_273' title='bbox 306 3467 341 3509; x_wconf 92' lang='grc' dir='ltr'><strong><em>τε</em></strong></span> <span class='ocrx_word' id='word_1_274' title='bbox 356 3447 409 3512; x_wconf 90' lang='grc' dir='ltr'><strong><em>και</em></strong></span> <span class='ocrx_word' id='word_1_275' title='bbox 423 3453 549 3533; x_wconf 85' lang='grc' dir='ltr'><strong><em>γρῦπες</em></strong></span> <span class='ocrx_word' id='word_1_276' title='bbox 565 3450 723 3519; x_wconf 89' lang='grc' dir='ltr'><strong><em>εστασαν·</em></strong></span> <span class='ocrx_word' id='word_1_277' title='bbox 746 3455 780 3530; x_wconf 88' lang='grc' dir='ltr'><strong><em>ἐς</em></strong></span> <span class='ocrx_word' id='word_1_278' title='bbox 799 3453 926 3541; x_wconf 90' lang='grc' dir='ltr'><strong><em>ταύτην</em></strong></span> <span class='ocrx_word' id='word_1_279' title='bbox 947 3448 966 3521; x_wconf 81' lang='grc' dir='ltr'>ὁ</span> <span class='ocrx_word' id='word_1_280' title='bbox 987 3448 1070 3531; x_wconf 79' lang='grc' dir='ltr'><strong><em>θεὸς</em></strong></span> <span class='ocrx_word' id='word_1_281' title='bbox 1086 3451 1160 3518; x_wconf 78' lang='grc' dir='ltr'><strong><em>ἐνέ</em></strong></span> 
     </span>
    </p>
   </div>
   <div class='ocr_carea' id='block_1_4' title="bbox 0 0 1254 3925">
    <p class='ocr_par' dir='ltr' id='par_1_4' title="bbox 0 0 1254 3925">
     <span class='ocr_line' id='line_1_34' title="bbox 0 0 1254 3925; baseline 0 0"><span class='ocrx_word' id='word_1_282' title='bbox 0 0 1254 3925; x_wconf 95' lang='lat' dir='ltr'><strong><em> </em></strong></span> 
     </span>
    </p>
   </div>
  </div>
 </body>
</html>
