2500 3925
375 212 431 268 IB.
463 210 511 267 vl.
545 210 645 268 CAP.
681 217 853 276 los-107.
1044 213 1104 280 105

1 401 2 406 ¹
96 367 182 435 διότι
197 371 325 438 ἑωυτοῦ
342 367 503 456 οὐδεμίαν
515 371 704 456 ἐπιμέλειαν
715 377 904 460 ποιεῦνται,
921 373 1034 457 έόντος
1046 375 1104 446 ον’-

0 501 14 531 ε
96 465 180 533 νόου
194 463 401 554 Ἀθηναίοισι
411 470 468 536 καὶ
480 473 629 555 πολλαχῇ
639 471 826 554 γενομέναν
835 466 899 558 ήδη
914 491 975 558 σφι
988 481 1104 562 χρησί-

10 597 13 605 ·
94 589 179 651 μου,
200 562 242 632 τὰ
263 563 295 632 δ’
316 571 366 634 ἔτι
379 568 435 634 παλ
455 567 627 651 έσομένου.
656 567 832 634 καὶταῦτα
848 569 911 654 μέν
930 567 1104 658 Ἀδηναιοι

9 695 12 709 ·
94 666 333 732 καταστάντων
352 683 412 751 σφι
428 655 468 734 εὖ
485 661 552 750 ήδη
571 670 641 731 τῶν
651 665 856 752 πρηγμάτων
866 669 1103 748 πιστεύσαντες

95 758 180 829 εἶναι
192 759 322 848 ἀληθέα
333 762 515 847 ἱδρύσαντο
526 759 595 829 ὑπὸ
606 768 646 851 τῇ
659 759 821 845 ἀκροπόλι
828 762 944 844 Πανός
953 763 1041 853 ίρὸν,
1048 769 1104 836 καλ

95 858 201 930 αὐτόν
212 858 276 930 όπδ
284 860 407 948 ταύτης
417 864 474 947 τῆς
482 859 783 950 άγγελέηςθυσέησι
790 859 958 932 έτετέουσι
964 864 1018 932 καὶ
1027 872 1105 953 λαμ-

93 959 177 1027 πάδι
192 959 394 1029 ἱλάσκονται.
419 958 502 1026 Τότε
515 959 552 1026 δέ
561 963 729 1044 πεμφθεὶς
743 957 810 1027 ὑπό
825 967 894 1028 τῶν
908 970 1103 1051 στρατηγόν
1118 979 1169 1037 106

94 1053 113 1122 ὁ
129 1060 348 1144 Φειδιππίδης
364 1049 479 1143 οὗτος,
504 1054 560 1124 ότι
573 1060 637 1140 πέρ
652 1061 686 1124 οί
699 1062 764 1142 ἔφη
779 1060 834 1126 καὶ
846 1058 907 1127 τόν
919 1068 1019 1130 Πᾶνα
1035 1087 1102 1148 φα-

1 1208 2 1216 ,
92 1161 205 1241 νήναι,
221 1158 411 1242 δευτεραῖος
422 1157 460 1223 έκ
472 1161 534 1222 τοῦ
547 1153 738 1241 Ἀθηναίων
752 1155 868 1237 άστεος
877 1150 922 1246 ήυ
933 1161 970 1228 έν
981 1161 1102 1246 Σπάρ-

1 1325 7 1333 ,
92 1279 149 1340 τη,
165 1250 366 1339 ἀπικόμενος
377 1255 414 1320 δέ
427 1254 481 1321 έπλ
494 1249 574 1331 τούς
584 1250 748 1338 ἄρχοντας
758 1259 867 1342 έλεγε·
884 1250 923 1324 Ὦ
936 1262 1102 1326 Λακεδαι-

1 1420 3 1425 .
93 1351 223 1438 μόνιοι,
234 1348 407 1437 Ἀθηναῖοι
421 1348 538 1438 ὑμέων
548 1353 682 1420 δέονται
697 1359 792 1438 σφίσι
810 1359 965 1442 βωθήσαι
986 1359 1041 1426 καί
1055 1351 1100 1443 μή

94 1452 257 1532 περιιδεῖν
267 1449 367 1518 πόλιν
381 1446 604 1536 ἀρχαιοτάτην
618 1450 657 1517 έν
666 1463 752 1517 τοῖσι
758 1447 893 1539 Ἕλλησι
911 1455 1103 1542 δουλοσύνη

92 1554 343 1630 περιπεσοῦσαν
352 1545 437 1634 πρός
448 1545 585 1633 ἀνδρῶν
594 1547 794 1636 βαρβάρων·
805 1549 932 1638 καὶγὰρ
940 1559 1005 1619 νῦν
1014 1549 1104 1636 'Eos'-

1 1715 2 1718 ,
94 1647 170 1734 τριά
184 1672 220 1714 τε
232 1643 499 1735 ἠνδραπόδισται
513 1649 568 1714 καὶ
582 1647 661 1715 πόλι
676 1654 802 1738 λογίμῳ
821 1645 968 1735 ήἘλλός
984 1655 1103 1737 γέγονε

93 1744 328 1836 ἀσθενεστέρη.
346 1744 384 1814 ‘0
399 1748 462 1833 μέν
476 1746 519 1833 δή
533 1769 594 1831 σφι
608 1743 649 1814 τὰ
664 1748 883 1833 ἐντεταλμένα
903 1744 1101 1835 ἀπήγγελλε,

91 1859 178 1915 τοῖσι
194 1846 230 1914 δέ
246 1848 324 1914 ἕαδε
340 1850 403 1933 μέν
425 1844 568 1933 βωθέειν
588 1842 806 1932 Ἀθηναίοισι,
824 1843 975 1913 ἀδύνατα
990 1849 1030 1914 δέ
1041 1863 1101 1930 σοι

90 1936 137 2032 ήν
155 1941 193 2012 τδ
213 1951 402 2032 παραυτίκα
416 1947 543 2013 ποιέειν
561 1949 666 2012 ταῦτα
688 1941 730 2013 ού
751 1946 987 2033 βουλομένοισι
1007 1942 1102 2013 λύειν

91 2042 153 2112 τὸν
165 2044 290 2131 νόμον·
311 2037 357 2131 ήν
371 2042 438 2132 γὰρ
452 2048 634 2131 ἱσταμένου
647 2048 709 2112 τοῦ
722 2039 828 2129 μηνός
841 2044 971 2131 εἰνάτη,
989 2044 1103 2133 εἰνάτη

93 2143 130 2211 δέ
144 2140 209 2211 ούπ
224 2141 458 2223 ἐξελεύσεσθαι
479 2148 611 2228 ἔφασαν
626 2140 672 2229 μή
688 2140 731 2209 ού
751 2141 895 2228 πλήρεος
910 2142 1024 2221 έόντος
1040 2146 1103 2209 τοῦ

91 2240 230 2309 κύκλου.
254 2234 349 2309 οὗτοι
359 2243 423 2329 μέν
436 2266 503 2309 νυν
515 2239 579 2329 τήν
592 2242 805 2325 πανσέληνον
819 2246 950 2329 έμενον,
964 2256 1050 2309 τοῖσι
1066 2238 1103 2307 δέ
1119 2256 1168 2314 107

92 2342 295 2428 βαρβάροισι
304 2345 481 2429 κατηγέετο
490 2340 619 2428 Ἱππίης
630 2338 900 2425 ὁΠεισιστράτον
910 2345 944 2419 ές
954 2337 1106 2408 τόνΜα-

93 2445 245 2525 ραθαλνα,
257 2446 316 2525 τῆς
325 2442 570 2526 παροιχομένης
580 2434 704 2515 νυκτός
715 2434 794 2515 όύιν
806 2434 889 2504 ίδιδν
900 2441 938 2505 έν
948 2444 994 2528 τῷ
1004 2436 1102 2527 ὕπνῳ

92 2537 243 2624 τοιήνδε·
265 2537 379 2607 έδόκεε
393 2537 552 2626 ὁἹαπίης
565 2545 606 2627 τή
620 2538 719 2624 μητρὶ
734 2542 775 2623 τῇ
789 2538 917 2604 έωντού
934 2556 1103 2624 συνευνη·

92 2643 208 2723 θῆναι.
230 2636 436 2723 συνεβάλετο
454 2629 504 2704 τόν
518 2641 555 2704 έκ
570 2641 634 2703 τοῦ
651 2630 787 2718 ὀνείρου
803 2632 979 2731 κατελβοδν
994 2637 1027 2714 ές
1044 2633 1102 2714 τάς

89 2730 235 2820 Ἀθήνας
248 2735 305 2802 καί
321 2730 582 2822 ἀνασωσάμενος
596 2731 659 2819 τήν
673 2730 780 2819 α’ρχήν
790 2733 1000 2822 τελευτήσειν
1011 2738 1048 2803 έν
1062 2730 1114 2823 σή

93 2836 221 2902 ἑωυτοῦ
234 2834 383 2922 γηραιός.
407 2837 444 2904 ἐκ
457 2836 520 2922 μὲν
535 2831 576 2919 δή
589 2841 649 2919 τῆς
662 2830 757 2912 όψιος
767 2830 971 2920 συνεβάλετο
985 2839 1100 2917 ταῦτα,

91 2932 166 3001 τότε
177 2934 214 3001 δέ
222 2933 468 3021 κατηγεόμενος
477 2938 577 3001 τοῦτο
588 2931 652 3018 μὲν
661 2929 702 3000 τά
710 2927 906 3016 ἀνδράποδα
917 2930 957 2997 τά
969 2935 1001 3010 έξ
1013 2928 1102 3013 Ἑρεν

91 3038 185 3118 τρέης
199 3029 344 3119 ἀπέβησε
364 3034 398 3111 ές
411 3029 474 3118 τήν
493 3037 600 3117 νήσου
618 3026 682 3116 τήν
696 3030 874 3114 Στυρέων,
895 3030 1102 3113 καλεομένην

92 3132 130 3199 δέ
143 3136 332 3219 Αίγίλειαν,
353 3137 453 3199 τοῦτο
474 3132 511 3198 δὲ
527 3130 755 3214 καταγομένας
771 3130 803 3205 ές
819 3123 881 3193 τὸν
896 3131 1101 3209 Μαραθῶνα

91 3229 152 3309 τάς
165 3230 246 3308 νέας
261 3227 381 3316 ὅρμιζε
394 3221 511 3317 ούτος,
529 3228 693 3316 ἐκβάντας
704 3252 740 3296 τε
751 3229 784 3305 ές
796 3232 862 3311 γῆν
875 3222 956 3303 τούς
969 3221 1100 3309 βαρβά-

92 3355 174 3417 ρους
188 3329 348 3398 διέτασσε.
370 3333 431 3396 καί
442 3333 477 3398 οί
487 3336 593 3397 ταῦτα
608 3330 756 3397 διέποντι
772 3327 898 3411 έτιήλθε
912 3334 1051 3408 πταρεῖν
1063 3346 1101 3388 τε

91 3430 147 3496 καλ
156 3428 255 3513 βήξαι
265 3420 444 3512 μεζόνωςή
452 3423 497 3505 ὡς
507 3420 686 3514 έύσεε,οἷα
697 3427 737 3491 δέ
744 3427 778 3491 ολ
785 3423 1000 3511 πρεσβυτέρῳ
1010 3416 1100 3488 έόντι
