2500 3925
314 250 399 306 ΜΒ.
432 248 490 304 vn.
524 247 622 304 σαν.
656 252 832 312 ιιι-ιιι.
1018 250 1080 317 173

157 417 187 480 0
200 410 264 496 μὲν
276 409 315 496 δή
327 405 486 485 ναυτικὰς
496 403 637 493 στρατός
649 404 755 476 αὐτού
766 412 843 495 περὶ
854 407 963 493 Ἀξιὸν
976 438 1081 484 ποτα·
1096 436 1146 490 124

63 507 138 598 μόν
150 511 206 577 καλ
220 509 321 577 πόλιν
332 509 468 594 Θέρμην
481 507 538 579 καί
552 501 611 584 τὰς
624 503 749 593 μεταξύ
764 507 860 588 πόλις
874 510 1004 580 τούτων
1017 539 1078 582 τιε-

63 612 219 698 ριμένων
232 610 369 698 βασιλέα
380 605 689 693 ἐστρατοπεδεύετο,
704 607 827 695 Ξέρξης
839 610 875 678 δὲ
885 612 941 680 καλ
952 607 970 679 ὁ
982 610 1079 693 πεζός

63 704 209 795 στρατός
224 704 403 792 ἐπορεύετο
423 705 460 772 έιι
477 708 535 790 τῆς
552 700 724 774 Ἀκόνθου
740 703 802 793 τήν
816 709 1002 797 μεσόγαιαν
1017 711 1077 780 τύ-

63 813 244 896 μνιιιντῆς
258 803 358 890 ὁδοῦ,
376 802 582 893 βουλόμενος
601 807 635 882 ές
651 800 714 890 τήν
729 807 864 894 Θέρμην
885 804 1074 878 ἀπικέσθαι.

63 907 247 994 ἐπορεύετο
259 908 295 975 δέ
307 903 363 974 διὰ
374 912 432 992 τῆς
441 908 626 992 Παιονικῆς
636 906 691 974 καὶ
701 912 940 996 Κρηστωνικῆς
951 911 1003 980 έπλ
1013 936 1077 979 πο-

62 1003 177 1094 ταμὸν
194 1003 404 1091 Έχείδωρον,
426 1000 463 1083 ὃς
479 1005 517 1072 έκ
533 1008 783 1089 Κρηστωναίων
805 1000 990 1094 ἀρξόμενος
1009 1011 1075 1096 ῥέει

63 1101 125 1174 διὰ
135 1107 336 1190 Μυγδονίης
347 1101 457 1191 χύρης
466 1103 522 1170 καί
534 1101 612 1182 έξίει
622 1096 713 1187 παρὰ
724 1098 761 1168 τό
778 1104 852 1183 ἕλος
865 1100 903 1172 τό
916 1101 969 1174 ἐπ’
981 1102 1076 1199 Ἀξιῷ

63 1209 214 1293 ποταμῷ.
247 1204 474 1294 Πορευομένρι
489 1204 527 1274 δὲ
546 1199 652 1290 ταύτῃ
671 1200 802 1280 λέοντές
819 1205 853 1270 οί
868 1202 1076 1292 ἐπεθήκαντο
1094 1222 1143 1275 125

1 1286 5 1379 f
63 1311 142 1394 τῇσι
153 1302 363 1390 σιτοφόροισι
373 1301 560 1390 καμήλοισι.
576 1301 850 1388 καταφοιτέοντες
861 1298 926 1388 γόιρ
937 1307 972 1371 οί
978 1304 1076 1373 λέον-

63 1429 121 1482 τες
132 1399 192 1480 τὰς
203 1401 328 1481 νύκτας
342 1403 397 1470 καί
407 1408 577 1481 λείποντες
587 1398 629 1468 τὰ
641 1402 785 1488 σφέτερα
795 1397 883 1488 ήθεα
892 1400 998 1471 ἄλλον
1012 1402 1075 1489 μέν

65 1499 209 1580 οὐδενός
222 1499 368 1570 ἅπτοντο
385 1500 465 1569 ούτε
476 1498 662 1586 ὑποζυγίου
679 1496 756 1566 οὔτε
770 1496 975 1588 ἄνθρύπου,
992 1504 1027 1568 οί
1038 1501 1075 1568 δέ

64 1600 126 1680 τὰς
141 1599 311 1687 καμήλους
327 1599 497 1688 έκερόίξον
510 1598 650 1687 μούνας.
693 1596 839 1685 θωμάζω
851 1598 891 1668 δέ
901 1596 939 1667 τό
954 1607 1072 1685 αίτιον,

65 1697 88 1766 ὅ
100 1725 132 1767 τι
148 1700 224 1766 κοτέ
237 1689 292 1785 ήν,
307 1704 375 1766 τῶν
386 1696 500 1767 ἄλλων
509 1694 546 1767 τό
559 1694 749 1783 ύναγκύζον
759 1693 985 1785 ἀπεχομένους
995 1693 1074 1777 τούς

2 1775 6 1889 ἴ
68 1798 204 1876 λέοντας
218 1803 292 1887 τῇσι
311 1796 491 1885 καμήλοισι
504 1799 734 1882 έπιτίθεσθαι,
755 1793 791 1864 τό
807 1795 889 1884 μήτε
908 1793 1073 1884 πρότερον

2 1902 6 1992 J
67 1893 385 1985 όπύπεσανθηρίον
408 1893 489 1985 μήτε
508 1899 704 1985 πεπειρέατο
721 1891 834 1965 αὐτοῦ.
857 1893 1073 1965 Είσὶδέκατᾶ
1092 1913 1141 1969 126

2 1999 6 2013 ’
69 2002 171 2065 ταῦτα
184 1992 224 2063 τδι
241 2001 345 2082 χωρία
360 1997 415 2063 καλ
431 1999 564 2075 λέοντες
577 1997 694 2064 πολλοὶ
709 1996 763 2063 καί
778 1992 856 2083 βόες
868 1992 990 2083 ἄγριοι,
1006 2001 1074 2063 τῶν

70 2100 107 2167 τὰ
131 2101 229 2185 κέρεα
247 2095 488 2186 ύπερμεγύθεύ
508 2100 577 2166 έστι
597 2094 638 2165 τὰ
661 2094 866 2184 έςἝλληνας
885 2099 1083 2183 φοιτέοντα.Δ

66 2192 168 2284 ούρος
183 2200 219 2265 δὲ
233 2209 319 2267 τοῖσι
332 2199 449 2267 λέονσί
459 2199 529 2266 έστι
539 2194 606 2265 ὅτε
621 2192 666 2265 δι’
682 2192 854 2283 Ἀβδήρων
868 2198 955 2285 όέων
968 2219 1073 2264 πυτα-

2 2377 5 2385 ,
66 2295 128 2383 μὸς
141 2297 269 2376 Νέστος
284 2298 339 2365 καί
360 2293 440 2365 ὁδί
460 2293 680 2382 Ἀκαρνανίης
700 2296 787 2385 ρ’έων
805 2291 969 2386 Ἀχελῷος.
994 2291 1072 2361 ούτε

1 2459 4 2466 .
66 2396 130 2483 γὰρ
145 2394 182 2464 τό
193 2395 278 2482 πρὸς
292 2394 354 2484 τήν
362 2394 414 2485 ήαλ
424 2404 486 2465 τοῦ
496 2399 630 2465 Νέστου
642 2391 811 2481 ούδαμόθι
823 2394 931 2480 πόσης
942 2400 1000 2480 τῆς
1013 2398 1071 2479 έμ-

67 2507 195 2581 προσθε
211 2493 379 2582 έδύριόπης
393 2502 459 2565 ίδοι
473 2522 523 2575 τις
537 2492 582 2563 ύν
594 2496 728 2581 λέοντα,
745 2493 820 2561 ούτε
832 2492 916 2577 πρὸς
932 2497 1071 2579 ἑσπέρης
1166 2490 1174 2499 ’

69 2603 128 2664 τοῦ
138 2592 301 2685 Ἀχελῴου
316 2594 353 2661 έν
367 2601 407 2683 τῇ
421 2596 580 2683 ἐπιλοίπῳ
594 2589 737 2683 ἠπείρῳ,
753 2588 827 2659 ἀλλ’
844 2594 880 2659 έν
894 2598 934 2679 τῇ
948 2588 1070 2678 μεταξύ

68 2695 196 2764 τούτων
217 2700 286 2761 τῶν
306 2698 466 2781 ποταμοῖν
487 2697 649 2778 γίνονται.
677 2686 737 2770 Ὡς
752 2689 787 2759 δέ
808 2692 841 2769 ές
861 2688 922 2777 τήν
937 2692 1073 2777 Θέρμην
1094 2706 1139 2763 127

1 2790 2 2798 δ
69 2791 200 2862 ἀπίκετο
212 2792 230 2861 ὁ
242 2793 375 2879 Ξέρξης,
389 2794 507 2877 ἵδρυσε
524 2789 630 2859 αύτοῦ
644 2788 706 2878 τήν
722 2788 888 2878 στρατιήν.
910 2790 1024 2875 ἐπέσχε
1035 2786 1071 2855 δέ

69 2891 86 2960 ὁ
102 2888 237 2977 στρατός
249 2888 356 2959 αὐτοῦ
367 2889 712 2979 στρατοπεδευόμενος
722 2886 784 2976 τήν
794 2885 882 2974 παρόι
893 2888 1070 2958 θάλασσαν

69 2994 178 3081 χύρην
198 2994 356 3080 τοσήνδε,
377 2989 563 3080 ἀρξόμενος
577 2988 643 3059 ύπό
660 2994 791 3076 θέρμης
807 2988 924 3067 πόλιος
938 2988 994 3057 καί
1012 2992 1070 3072 τῆς

74 3095 263 3177 Μυγδονίης
274 3096 369 3177 μέχρι
378 3089 511 3159 Λυδίεύ
521 3116 557 3158 τε
567 3096 720 3175 ποταμοῦ
730 3086 1022 3175 καίἈλιύκμονος,
1037 3091 1073 3152 οἳ

70 3188 233 3278 οὐρίζουσι
243 3196 308 3275 γῆν
319 3187 381 3276 τήν
389 3195 579 3259 Βοττιαιίδα
590 3216 625 3257 τε
637 3190 691 3257 καὶ
698 3188 925 3273 Μακεδονίδα,
937 3186 971 3265 ές
980 3174 1068 3252 τόν·

69 3289 103 3357 τό
124 3292 268 3376 ῥέεθρον
287 3287 324 3356 τό
347 3286 440 3377 ύδωρ
464 3294 715 3376 συμμίσγοντες.
748 3282 1068 3370 ἐστρατοπεδεύοντο

70 3393 127 3478 μὲν
142 3386 182 3475 δή
198 3390 236 3456 έν
256 3388 405 3457 τούτοισι
421 3382 507 3457 τοῖσι
519 3392 670 3476 χωρίοισι
688 3389 721 3453 ol
738 3382 904 3472 βάρβαροι
909 3433 919 3468 ,
943 3386 1010 3449 τῶν
1032 3381 1068 3449 δέ

72 3488 338 3571 καταλεχθέντων
352 3487 482 3556 τούτων
497 3491 658 3573 ποταμοῖν
677 3486 715 3552 έιι
730 3484 967 3570 Κρηστωναίης
982 3481 1067 3565 ῥέων
