2500 3925
204 251 267 315 254
579 250 834 310 HERODOTI

204 414 333 483 αύτοῑσι
345 417 582 499 δειμαίνοντες,
594 408 640 489 ὥς
651 412 1045 503 περλτήΠελοποννήσφ.
1064 413 1139 490 τέως
1148 414 1185 497 χλι

204 507 245 598 δή
266 508 379 579 αύτύν
404 507 490 597 ἀνὴρ
512 506 610 595 ἀνδρί
634 506 806 596 παραστάς
825 514 902 597 σιγῇ
928 506 1036 595 λόγον
1058 510 1187 591 ἐποιέετο,

203 614 307 691 δῶμα
338 604 529 693 ποιεύμενοι
553 603 616 693 τήν
633 603 855 696 Εὐρυβιάδεω
868 603 1056 694 ἀβουλίην,
1072 610 1156 685 τέλος
1167 606 1187 672 δὲ

203 704 363 791 ἐξερράγη
375 708 408 784 ές
419 703 456 773 τδ
469 708 581 792 μέσον.
603 704 768 797 σύλλογός
781 730 816 772 τε
827 701 869 791 δὴ
881 706 1026 791 ἐγένετο,
1041 708 1100 775 καί
1110 701 1187 771 πολλὰ
1205 736 1206 743 1

178 869 186 877 .
203 809 331 895 ἐλέγετο
348 807 505 897 περὶτῶν
519 804 648 895 αὐτῶν,
664 812 699 876 ολ
710 806 790 894 μέν,
807 802 852 885 ὡς
866 807 900 885 ές
913 803 976 894 τήν
989 806 1188 890 Πελοπόννη-

204 925 266 973 σον
280 902 389 992 χρεων
403 914 454 992 είη
469 902 662 975 άποπλάειν
678 906 732 974 καί
747 905 823 991 περὶ
837 905 966 991 ἐκείνης
983 904 1206 989 κινδυνεύειν,

203 1007 287 1092 μηδὲ
302 1001 368 1091 πρὸ
382 1003 492 1090 χάρης
508 1004 715 1092 δοριαλώτου
730 1006 891 1090 μένοντας
905 1002 1097 1092 μάχεσθαι,
1114 1000 1188 1122 Ἀθχ

202 1116 291 1171 υαίοι
304 1102 340 1171 δὲ
346 1104 401 1170 καί
407 1105 584 1190 Αίγινηται
595 1104 650 1171 καί
657 1097 882 1189 Μεγαρέες
841 1127 945 1169 αντου
933 1098 1144 1189 μένοντας
1128 1126 1206 1214 αμυ

156 1199 536 1279 15υασδαι.Ἐνδαῦτα
550 1198 831 1321 Θεμιστοκλέης
809 1228 853 1281 ως
875 1202 1013 1271 ἑσσοῦτο
1036 1210 1081 1292 τῇ
1099 1200 1176 1288 γνάμ
1162 1184 1206 1305 μήρ

203 1297 269 1369 ὑπὸ
283 1307 352 1369 τῶν
366 1307 666 1389 Πελοποννησίων,
681 1298 801 1370 λαθωυ
815 1301 977 1388 ἐξέρχεται
990 1302 1030 1369 έκ
1048 1307 1114 1369 τοῦ
1132 1318 1189 1366 συν

204 1403 278 1487 εδρί
276 1425 334 1487 ον,
350 1397 546 1481 έξελδιδνδὲ
557 1404 676 1488 πέμπει
691 1402 725 1479 ές
738 1424 776 1467 το
764 1397 1015 1487 στρατόπεδον
1029 1424 1071 1467 το
1060 1395 1206 1515 Μήδοιρ

204 1496 311 1585 ἀνδρα
325 1504 442 1590 πλοίῳ,
461 1500 690 1586 ἐντειλάμενος
704 1524 745 1567 τα
733 1495 871 1584 λέγειν
883 1502 1001 1585 χρειέν,
1022 1504 1073 1587 τῷ
1085 1493 1206 1577 οὕνομα

204 1588 302 1682 μέν
204 1622 323 1683 μην
336 1602 549 1685 Σίκιννος,ο
551 1602 659 1685 ίκέτης
670 1596 707 1665 δέ
718 1599 773 1665 καὶ
784 1588 1030 1717 παιδαγωγός
1004 1622 1055 1683 ην
1069 1601 1137 1663 τῶν
1146 1602 1206 1693 δερ

203 1701 395 1785 μιστοκλέος
417 1702 562 1785 παίδων,
583 1694 644 1765 τὸν
660 1694 700 1785 δή
724 1694 866 1785 ύστερον
885 1696 1017 1764 τούτων
1041 1702 1114 1763 τῶν
1128 1640 1206 1776 πρηέ

202 1794 339 1881 γμάτων
350 1801 591 1885 Θεμιστοκλέης
597 1798 741 1865 Θεσπιέα
752 1820 787 1863 τε
798 1793 976 1883 ἐποίησα*
954 1822 998 1875 ως
1011 1798 1187 1863 ἐπεδέκοντο

202 1898 237 1961 οἱ
246 1896 403 1974 Θεσπιέες
413 1895 587 1984 πολιήτας,
599 1896 655 1964 καί
665 1893 808 1983 χρήμασι
821 1892 945 1983 ὄλβιον.
969 1890 1005 1974 ὃς
1017 1894 1099 1961 τότε
1109 1894 1188 1976 πλοίρ

203 1991 405 2081 ἀπικόμενος
419 2001 512 2083 έλεγε
525 1992 610 2083 πρὸς
626 1991 705 2074 τούς
722 1992 927 2081 στρατηγούς
941 2001 1009 2063 τῶν
1025 1991 1188 2082 βαρβάρου

202 2093 297 2162 τάδε·
309 2092 460 2182 Ἕπεμύέ
468 2121 509 2183 με
520 2094 702 2184 στρατηγὸς
713 2094 731 2164 6
744 2094 934 2182 Ἀθηναίων
944 2096 1061 2186 λάθρη
1072 2103 1140 2166 τῶν
1150 2092 1188 2160 ἀλ-

202 2189 455 2279 λωυἛλλήυων
477 2193 646 2280 ’τυγχάνει
661 2193 726 2281 γάρ
749 2197 904 2282 φρονέων
922 2193 963 2261 τά
978 2199 1137 2282 βασιλέος
1153 2191 1189 2257 καὶ
1205 2189 1206 2200 ’

201 2289 407 2377 βουλόμενος
422 2298 551 2378 μᾶλλον
570 2290 610 2360 τά
635 2290 777 2382 ὑμέτερα
800 2293 992 2382 κατύπερθε
1008 2283 1189 2380 γίνεσθαιή

201 2387 240 2457 τά
259 2395 328 2458 τῶν
342 2387 512 2480 Ἑλλήνων
522 2394 712 2481 πρήγματα·
730 2395 920 2483 φράσοντα,
943 2393 994 2463 ὅτι
1009 2393 1206 2481 οἱἝλληνες’

201 2486 353 2577 δρησμὸν
366 2492 588 2579 βουλεύονται
602 2492 910 2582 καταρρωδηκότες,
925 2495 981 2561 καί
994 2500 1063 2561 νῦν
1074 2495 1189 2581 παρέχει
1205 2497 1206 2502 ’

200 2590 380 2658 κάλλιστον
395 2588 497 2677 ὑμέας
518 2598 618 2680 ἔργον
634 2590 794 2662 ἀπάντων
815 2591 1078 2679 ἐξεργάσασθαι,
1101 2586 1143 2678 ήν
1159 2585 1188 2673 μή

201 2692 369 2776 περιίδητε
385 2691 586 2778 διαδράντας
602 2689 734 2772 αύτούς.
759 2691 836 2761 ούτε
856 2689 921 2779 γάρ
938 2687 1114 2777 ἀλλήλοισι
1128 2685 1189 2774 ὁμο·
1205 2765 1206 2774 3

201 2786 385 2872 φρονέουσι
396 2785 468 2854 οὔτ’
483 2793 530 2857 ἔτι
541 2787 795 2877 ἀντιστήσονται
808 2787 900 2876 ὑμίν,
916 2785 1000 2876 πρὸς
1011 2787 1156 2864 ἑωυτούς
1165 2806 1188 2849 τε

201 2885 305 2971 σφέας
319 2881 447 2965 ὄψεσθε
465 2893 715 2975 ναυμαχέοντας
732 2886 810 2968 τούς
824 2885 865 2955 τά
879 2886 1021 2974 ὑμέτερα
1039 2888 1187 2975 φρονέον-

199 3009 258 3059 τας
278 2983 333 3049 καὶ
353 2979 433 3063 τούς
453 2984 507 3071 μή.
548 2984 584 3054 ‘0
605 2991 668 3075 μὲν
687 2985 791 3055 ταῦτά
812 3006 872 3073 σφι
887 2986 1037 3073 σημήνας
1054 2979 1186 3054 ἐκποδών

154 3103 187 3159 7⁶
202 3078 447 3168 ἀπαλλάσσετο,
462 3096 547 3151 τοῖσι
564 3085 601 3153 δέ
616 3083 660 3166 ὡς
674 3083 773 3154 πιστά
791 3087 916 3172 ἐγίνετο
931 3081 971 3151 τά
986 3080 1185 3168 ἀγγελθέντα,
1205 3145 1206 3152 ,

199 3184 298 3246 τούτο
313 3178 374 3265 μέν
387 3179 420 3257 ές
434 3177 497 3265 τήν
507 3187 627 3268 νησῖδα
644 3182 706 3270 τήν
721 3179 942 3269 Ψυττάλειαν,
957 3177 1078 3268 μεταξύ
1089 3185 1185 3247 Σαλα·

200 3280 296 3365 μίνός
306 3306 341 3347 τε
352 3283 509 3367 κειμένην
520 3287 575 3352 καὶ
585 3291 643 3370 τῆς
653 3283 804 3373 ἠπείρου,
815 3281 962 3361 πολλούς
972 3278 1185 3367 τωνΠερσέων
1205 3319 1206 3366 3

200 3377 424 3468 ἀπεβίβασαν,
450 3391 548 3453 τοῦτο
573 3386 625 3469 δέ,
656 3383 769 3471 έπειδή
791 3387 939 3470 ἐγίνοντο
960 3383 1055 3469 μέσαι
1073 3379 1184 3457 νύκτες,
1205 3373 1206 3386 ’

201 3475 328 3563 ἀνήγου
343 3481 404 3564 μὲν
420 3478 456 3547 τδ
469 3478 527 3546 ἀπ’
542 3483 680 3566 ἑσπέρης
695 3483 792 3566 κέρας
807 3480 1030 3567 κυκλούμενοι
1044 3477 1128 3562 πρδς
1140 3471 1185 3558 τήν
