2500 3925
133 208 183 272 1⁴6
516 207 768 268 HERODOTI

141 369 266 462 ράννφ,
279 374 390 459 πολλῷ
402 373 450 436 ἐτι
460 367 589 454 ἐγένετο
601 368 763 448 Κυψέλου
773 369 1047 457 μιαιφονώτερος.
1061 377 1145 460 πέμκ

141 485 206 553 φας
217 467 282 558 γάρ
294 467 383 552 παρά
390 468 634 556 Θρασύβουλον
648 467 778 555 κήρυκα
792 470 1014 559 ἐπυνθάνετο,
1026 471 1145 542 ὅντινα

141 566 185 638 ἀν
199 567 324 656 τρόπον
340 565 589 654 ἀσφαλέστατον
602 567 892 654 καταστησόμενος
905 565 973 639 τάν
981 572 1145 659 ’πρηγμά-

140 693 208 734 των
223 666 381 735 κάλλιστα
397 662 459 751 τήν
473 664 574 734 πόλιν
589 666 810 753 ἐπιτροπεύοι.
849 669 1091 759 Θρασύβουλος
1104 671 1142 740 θέε

139 766 200 834 τὸν
212 765 359 842 Ιέλθόντα
369 759 459 849 παρά
472 768 533 830 τοῦ
538 764 754 849 Περιάνδρου
765 766 859 852 ἐξῆγε
870 772 931 847 ἐξω
942 775 1003 836 τοῦ
1014 767 1142 855 ἀστεος,

140 860 239 953 ἐσβὰς
253 863 289 931 66
302 865 334 942 ές
344 860 495 947 ἄρουραν
509 863 719 950 ἐσπαρμένην
731 860 800 949 ἀμα
814 889 849 931 τε
863 865 986 954 διεξήιε
996 863 1033 934 τό
1045 867 1147 954 λήιον

139 961 344 1046 ἐπειρωτέωυ
350 985 385 1026 τε
392 956 447 1025 καὶ
463 955 674 1040 ἀναποδίζων
686 955 747 1028 τὸν
757 959 888 1047 κήρυκα
901 960 984 1030 κατά
1000 961 1064 1050 τὴν
1074 962 1140 1032 ἀπὸ

138 1064 315 1142 Κορίνθου
329 1055 459 1143 ἀπιξιν,
479 1058 534 1126 καὶ
551 1058 690 1126 ἐκόλουε
705 1059 786 1142 αίεί,
803 1057 890 1139 ὅκως
903 1058 979 1128 τινά
993 1067 1058 1131 ίόοι
1072 1070 1143 1130 τῶν

138 1153 314 1276 ἀσταχύων
336 1152 555 1242 ὑπερέχοντα,
580 1156 735 1226 κολούων
754 1108 791 1224 δέ
811 1163 962 1247 ἐρριπτε,
986 1158 1061 1241 ἐς“
1040 1189 1058 1229 ο
1079 1168 1140 1230 τοῦ

137 1261 234 1343 ληίου
254 1251 291 1322 τό
306 1252 485 1322 κάλλιστόν
504 1256 609 1322 τεκαὶ
623 1254 820 1341 βαθύτατον
840 1259 1014 1346 διέφθειρε
1027 1260 1143 1351 τρόπω

136 1351 286 1443 τοιούτῳ.
317 1348 498 1432 διεξελθών
519 1350 555 1420 66
571 1349 608 1419 τό
623 1359 709 1439 χωρί
707 1377 748 1419 ον
694 1355 817 1422 ίκαί
830 1352 1042 1443 ὑποθέμενος
1061 1364 1141 1437 ἔπος

137 1450 239 1521 οὐδέν
253 1419 490 1537 ἀποπέμπει
456 1475 516 1516 τον
536 1448 676 1571 κήρυκα.
705 1450 929 1539 νοστήσαντος
946 1455 983 1522 θλ
997 1459 1060 1523 τού
1076 1455 1139 1575 κή-

138 1577 241 1674 ρυκος
254 1547 336 1629 ές
301 1575 362 1637 την
376 1540 590 1636 Κόρινθον
565 1574 612 1635 ην
625 1548 805 1636 πρόθυμος
821 1550 1062 1620 πυνθάνεσθαι
1076 1551 1144 1639 τήν

137 1648 319 1739 ύποθήκην
332 1675 350 1718 ο
337 1644 618 1734 ’ΪΠερίανόρος
602 1673 621 1714 ο
640 1649 677 1714 δέ
691 1645 793 1715 ούάέν
807 1653 843 1716 οί
857 1654 921 1735 ἐφη
937 1649 1138 1737 Θρασύβου-

136 1758 197 1818 λον
212 1747 421 1833 ὑποθέσθαι,
451 1745 616 1834 θωμάζειν
639 1771 674 1813 τε
685 1770 801 1831 αντου,
818 1769 886 1828 παρ
893 1740 990 1812 ὀἷόν
1002 1771 1061 1833 μιν
1076 1745 1140 1812 ἀν·

136 1850 200 1932 δρα
215 1841 436 1933 ἀποπέμψειε,
458 1842 502 1922 ὡς
516 1842 718 1931 παραπλῆγά
731 1867 767 1911 τε
787 1845 843 1913 καί
861 1850 930 1911 τῶν
944 1847 1072 1913 ἑωυτοῦ
1085 1862 1142 1911 σι-

136 1943 306 2032 νάμωρον,
321 1939 548 2032 ἀπηγεόμενος
567 1940 670 2030 τάπερ
693 1938 1030 2033 πράςΘρασυβούλον
1045 1939 1140 2011 ἀπύ-

103 2060 203 2117 ίπεε.
239 2046 447 2130 Περίανδρος
464 2042 500 2109 ἀὲ
514 2044 628 2121 συνεὶς
640 2038 677 2109 τὸ
693 2041 854 2130 ποιηθὲν,
876 2043 932 2111 καὶ
940 2038 1010 2138 νόῳ
1021 2041 1139 2129 ίσχιάν,

136 2145 181 2225 ὥς
191 2149 226 2213 οί
234 2141 410 2213 ἀπετίθετο
417 2143 656 2231 Θρασύβουλος
664 2140 744 2222 τούς
752 2139 937 2228 ύπερόχους
948 2150 1016 2212 τῶν
1026 2140 1138 2211 ἀστῶν

135 2242 312 2333 φονεύειν,
329 2245 479 2311 ἐνθαῦτα
491 2239 537 2329 θὴΙ
548 2248 659 2309 πᾶσαν
673 2239 839 2327 κακότητα
851 2242 1004 2328 ἐξέφαινε
1015 2246 1048 2323 ές
1058 2242 1140 2323 τούς

134 2342 300 2430 πολιήτας.
324 2340 387 2410 ὅσα
399 2338 465 2428 γάρ
478 2339 633 2423 Κύψελος
643 2337 781 2408 ἀπέλιπε
791 2346 932 2407 κτείνων
942 2365 978 2408 τε
988 2343 1043 2409 καί
1056 2343 1139 2408 διιό-

134 2468 216 2527 κων,
228 2440 437 2526 Περίανδρός
448 2459 535 2526 σφεα
549 2436 735 2524 ἀπετέλεσε,
750 2445 808 2527 μιῇ
823 2438 859 2506 66
869 2436 976 2527 ἡμέρη
990 2437 1138 2533 ἀπέθυσε

132 2539 242 2617 πόσας
256 2536 315 2617 τάς
326 2543 522 2619 Κορινθίων
538 2551 698 2624 γυναῖκας
712 2534 767 2603 όιά
777 2535 839 2622 τήν
850 2539 978 2605 ἐωντού
991 2551 1138 2623 γυναῖκα

139 2650 323 2716 Μέλισσαν.
337 2647 504 2731 πέμψαντι
515 2644 579 2729 γάρ
592 2644 628 2709 οί
635 2637 958 2728 έςΘεσπρωτούςέτί
968 2636 1147 2723 Ἀχέροντα

139 2741 291 2830 ποταμόν
300 2739 461 2829 ἀγγέλους
470 2744 523 2810 ἐπὶ
534 2740 572 2808 τὸ
585 2737 850 2825 νεκυομαντήιον
861 2731 1148 2825 παρακαταθήκης

140 2844 215 2928 πέρι
228 2847 372 2927 ξεινικῆς
384 2838 462 2908 οὔτε
479 2842 658 2926 σημανέειν
672 2843 737 2957 ἐφη
748 2832 769 2923 ἡ
782 2837 935 2905 Μέλισσα
946 2836 1148 2920 ἐπιφανεῖσα

142 2941 220 3011 ούτε
238 2945 407 3061 κατερέειν
425 2944 462 3007 ἐν
474 2965 519 3030 τφ
507 2940 638 3006 κέεται
649 2936 747 3058 ηαέρφ
757 2963 777 3022 η
765 2932 1070 3024 ’παρακαταθήκη
1092 2933 1147 3017 ῥι-

142 3048 227 3128 γοῦν
245 3065 280 3108 τε
297 3039 360 3127 γὰρ
378 3043 433 3107 καὶ
453 3008 538 3107 slim
556 3038 684 3123 γυμνή·
699 3062 768 3104 των
779 3035 843 3120 γάρ
861 3060 892 3100 οι
885 3031 1148 3147 ’σνγκατέθαήε

143 3140 287 3227 είμάτων
299 3138 421 3226 ὄφελος
433 3136 517 3206 εἶναι
530 3135 632 3205 ούόεν
645 3163 686 3203 ου
676 3135 996 3203 ’κατακαυθέντων
1016 3125 1149 3215 μαρτύ-

144 3264 220 3323 ριον
231 3242 271 3306 ἀέ
283 3240 317 3305 οί
326 3234 469 3324 εἶναι,
446 3264 491 3316 ως
502 3233 630 3323 ἀληθέα
641 3242 745 3303 ταῦτα
760 3230 906 3320 λέγει,
885 3257 938 3300 οτι
949 3231 1004 3298 ἐπὶ
1014 3224 1150 3315 ψυχρόν

144 3337 204 3406 τὸν
217 3336 316 3406 ίπνόν
326 3340 536 3424 Περίανδρος
547 3335 626 3415 τούς
637 3358 761 3422 αρτονς
771 3334 919 3420 ἐπέβαλε.
936 3334 1042 3399 ταῦτα
1053 3320 1127 3395 62‘
1102 3350 1150 3404 ως

145 3440 250 3505 ὀπίσω
269 3432 463 3526 ἀπηγγέλθη
482 3460 527 3527 τρι
515 3434 741 3523 Περιάνδρῳ
762 3429 897 3518 (πιστὸν
913 3428 979 3516 γάρ
997 3428 1032 3494 οι
1046 3416 1091 3511 ήν
1108 3418 1149 3489 τό
1242 3489 1243 3512 ,
