2500 3925
171 203 234 270 172
547 208 803 266 HERODOTI

169 365 191 452 ἡ
207 368 244 436 δέ
257 373 351 454 τρίτη
362 373 431 435 τάν
440 367 602 454 μοιρέων,
617 365 690 456 μετ’
706 359 746 455 ής
760 367 937 457 ἐπορεύετο
953 367 1055 450 αύτός
1067 367 1085 439 ὁ
1097 374 1182 458 Ξέρ

171 469 241 553 ξης,
258 464 311 553 ήιε
325 465 388 553 μέν
400 462 438 534 τό
454 467 559 552 μέσον
571 463 717 555 αύτέων,
734 466 940 556 στρατηγούς
957 469 993 539 δέ
1007 477 1187 557 παρείχετο

109 580 158 632 122
169 564 408 652 Σμερδομένεά
427 589 464 632 τε
485 565 540 633 κἀλ
556 567 771 654 Μεγάβυζον.
802 565 838 636 Ὁ
859 571 922 654 μέν
942 595 1009 637 νυν
1022 567 1189 647 ναυτικὸς

168 661 307 753 στρατός
323 660 367 742 ὡς
381 659 506 750 ἀπείθη
518 661 586 732 ὑπὸ
600 669 731 754 ,Ξέρξεω
745 667 800 734 καὶ
812 668 1009 748 διεξέπλωσε
1022 665 1086 755 τήν
1100 667 1189 736 διά-

168 787 253 849 ρυχα
265 760 329 848 τήν
343 764 381 829 έν
394 769 441 855 τῷ
454 762 550 855 ’Ἇθρι
566 766 771 852 γενομένην,
794 768 972 853 διέχουσαν
992 767 1029 836 δὲ
1044 769 1078 846 ές
1101 767 1190 836 κόλ-

167 889 250 949 πον,
272 867 310 932 έν
326 870 372 953 τῷ
385 863 490 934 ’Ἀσσα
505 866 654 946 τειπόλις
671 869 726 934 καλ
741 873 896 954 Πίλωρος
912 870 967 936 καί
983 873 1112 955 Σίγγος
1130 869 1186 935 καὶ

167 963 283 1050 Σάρτη
298 962 457 1048 οἰκέαται,
471 965 643 1052 ἐνθεῦτεν,
659 961 704 1044 ὡς
714 968 769 1033 καὶ
783 967 820 1032 έκ
830 967 961 1034 τούτων
973 972 1040 1033 τῶν
1051 971 1188 1033 πολίων

167 1059 325 1149 στρατιήν
346 1063 529 1150 παρέλαβε,
552 1069 659 1132 έπλωε
681 1059 859 1150 άπιέμενος
879 1065 912 1143 ές
932 1061 992 1132 τόν
1010 1071 1187 1150 Θερμαῖον

167 1160 311 1246 κόλπον,
339 1160 500 1246 κάμπτων
522 1164 558 1230 δὲ
574 1147 744 1248 ’Άβπελον
766 1157 830 1249 τήν
851 1169 1047 1251 Τορωναίην
1071 1159 1187 1250 άκρην

166 1263 388 1345 παραμείβετο
398 1255 590 1346 Ἑλληνίδας
602 1261 705 1329 τάσδε
717 1261 824 1346 πόλις,
844 1262 881 1328 ἐκ
893 1267 963 1328 τῶν
974 1261 1051 1340 νέας
1068 1259 1182 1329 τεκαὶ

166 1357 326 1446 στρατιήν
340 1360 588 1450 παρελάμβανε,
603 1361 784 1449 Τορώνην,
796 1357 968 1447 Γαληψδν,
983 1363 1185 1448 Σερμύλην,

166 1457 604 1548 Μηκύβερναν,”ολυνδον.
628 1458 648 1548 ἡ
664 1463 726 1547 μέν
740 1485 807 1528 νυν
818 1460 909 1551 χάρη
924 1453 1008 1544 αὕτη
1019 1465 1185 1542 Σιθωνίη

105 1573 154 1628 123
165 1558 325 1628 καλέεται.
354 1556 391 1628 ‘0
407 1562 444 1629 δὲ
459 1558 617 1639 ναυτικὰς
638 1557 779 1645 στρατός
792 1557 810 1633 ό
828 1563 958 1644 Ξέρξεω
973 1555 1186 1642 συντάμνων

164 1655 223 1725 ἀπ’
238 1655 402 1745 Ἀμπέλου
417 1658 521 1748 άκρης
536 1662 589 1728 &ul
602 1666 840 1747 Καναστραλον
855 1655 981 1744 άκρην,
999 1652 1035 1724 τὸ
1052 1652 1095 1741 δή
1113 1656 1185 1722 πά-

164 1774 224 1843 σης
236 1761 295 1843 τῆς
309 1757 488 1846 Παλλήνης
505 1755 616 1844 ἀνέχει
633 1759 793 1846 μάλιστα,
809 1759 971 1826 ἐνθεῦτεν
983 1759 1061 1835 νέας
1072 1780 1110 1823 τε
1127 1758 1184 1823 καλ

164 1855 323 1945 στρατιήν
343 1861 580 1948 παρελάμβανε
601 1863 637 1930 ἐκ
663 1863 844 1946 Ποτιδαίης
864 1862 919 1927 καὶ
944 1855 1104 1946 Ἀφύτιος
1128 1863 1185 1927 καὶ

164 1958 256 2044 Νέης
275 1957 391 2040 πόλιος
407 1964 463 2031 καὶ
477 1968 586 2049 Αίγής
606 1964 663 2030 καλ
685 1959 851 2048 Θεράμβω
871 1961 928 2029 καὶ
941 1955 1102 2045 Σκιάνης
1127 1959 1184 2026 καὶ

164 2059 303 2143 Μένδης
313 2062 368 2127 καὶ
380 2058 504 2147 Σάνης.
521 2053 620 2129 αὗται
634 2060 699 2147 γάρ
712 2065 774 2128 είσι
785 2062 822 2127 αί
829 2053 893 2143 τήν
903 2063 969 2126 νῦν
978 2056 1183 2145 Παλλήνην,
1240 2060 1241 2132 λ

164 2156 331 2244 πρότερον
347 2159 383 2226 δὲ
396 2162 552 2247 Φλέγρην
562 2162 769 2246 καλεομένην
780 2158 969 2244 νεμόμεναι.
991 2156 1184 2243 παραπλά-
1239 2222 1240 2229 ,

165 2284 214 2326 ων
231 2260 267 2325 δέ
281 2261 336 2327 καί
349 2260 477 2346 ταύτην
490 2258 552 2347 τήν
565 2260 678 2347 χάρην
696 2266 802 2329 έπλωε
816 2262 849 2337 ἐς
863 2256 900 2326 τό
916 2259 1182 2345 προειρημένον,
1239 2230 1240 2306 δ

163 2357 438 2445 παραλαμβάνων
457 2356 616 2446 στρατιήν
631 2361 686 2427 καὶ
704 2362 741 2427 έκ
756 2364 825 2428 τῶν
842 2357 1032 2445 προσεχέων
1045 2362 1183 2425 πολίων
1238 2361 1239 2385 ¹

162 2460 202 2545 τῇ
211 2455 390 2548 Παλλήνη,
407 2455 664 2547 ὁμουρεουσέων
680 2459 716 2526 δὲ
730 2463 777 2548 τῷ
788 2461 943 2546 Θερμαίῳ
957 2454 1083 2545 κόλπῳ,
1099 2462 1181 2543 τῇσι

161 2550 335 2642 οὐνόματά
349 2559 418 2626 ἐστι
431 2555 528 2646 τάδε,
545 2561 708 2644 Λίπαξος,
724 2558 916 2646 Κώμβρεια,
931 2560 1047 2641 Λίσαι,
1062 2560 1179 2641 Γίγω-

162 2676 239 2739 νος,
255 2653 398 2743 Κάμψα,
414 2664 543 2744 Σμίλα,
557 2665 687 2726 Αἴνεια.
715 2653 737 2743 ἡ
754 2654 791 2724 δὲ
807 2655 937 2723 τούτων
953 2652 1043 2741 χάρη
1058 2659 1183 2739 Κροσ-
1234 2738 1235 2741 ¹

162 2754 239 2835 σαίη
252 2754 299 2818 έτι
312 2754 369 2820 καί
377 2755 410 2832 ές
421 2754 499 2822 τόδε
513 2759 674 2824 καλέεται.
691 2751 756 2823 άπό
773 2754 809 2823 δέ
823 2758 970 2840 Αἰνείης,
983 2755 1017 2831 ές
1027 2748 1090 2838 τήν
1103 2754 1181 2820 ἐτε-

158 2846 298 2916 λεότεον
306 2854 499 2938 καταλέγων
514 2851 574 2932 τάς
588 2853 702 2940 πόλις,
718 2848 783 2921 άπό
801 2852 923 2939 ταύτης
938 2850 1002 2939 ήδη
1020 2852 1053 2928 ές
1067 2846 1180 2917 αὐτόν

162 2976 196 3019 τε
210 2946 271 3018 τόν
285 2960 454 3040 Θερμαίου
476 2953 604 3023 κόλπον
624 2957 751 3041 ἐγίνετο
771 2959 817 3043 τῷ
840 2959 986 3043 ναυτικῷ
1008 2958 1141 3041 στρατῷ
1157 2948 1175 3019 ὁ

161 3052 263 3132 πλόος
279 3055 334 3121 καί
348 3059 414 3141 γῆν
426 3052 490 3141 τήν
506 3059 728 3141 Μυγδονίην,
743 3052 868 3122 κλάων
883 3054 920 3121 δέ
940 3049 1073 3121 άπίκετο
1089 3056 1126 3129 ές
1140 3078 1177 3118 τε

160 3146 222 3236 τήν
235 3158 484 3241 προειρημένην
501 3158 637 3242 Θέρμην
651 3155 706 3222 καί
720 3153 850 3221 Σινδόν
864 3177 899 3220 τε
913 3151 1015 3219 πόλιν
1029 3152 1086 3217 καὶ
1100 3156 1174 3217 Χα-

160 3250 303 3335 λέστρην
323 3251 376 3319 ίπδ
388 3248 449 3318 τόν
465 3248 576 3331 Ἀξιόν
591 3250 759 3339 ποταμόν,
781 3248 818 3331 ὃς
839 3247 961 3335 ούρίζει
980 3246 1095 3335 χάρην
1111 3244 1175 3333 τήν

156 3351 366 3436 ,Μυγδονίην
384 3376 421 3419 τε
441 3354 496 3418 καὶ
508 3357 714 3437 Βοττιαιίδα,
738 3358 795 3438 τῆς
816 3356 927 3437 έχουσι
942 3346 979 3417 τὸ
995 3344 1087 3435 παρά
1104 3344 1176 3416 θά·

160 3451 289 3513 λασσαν
304 3444 437 3516 στεινόν
446 3455 570 3536 χωρίον
583 3450 697 3529 πόλιες
706 3448 811 3535 Ἴχναι
825 3474 862 3517 τε
876 3449 931 3517 καὶ
943 3449 1067 3519 Πέλλα.
