2500 3925
145 267 211 333 ⁹0·
520 263 774 325 HERODOTI

148 436 265 522 χμένοι
281 435 315 512 ἐς
337 429 398 518 τήν
413 435 553 520 ἤπειρον
576 431 613 497 ἐκ
634 432 701 495 τῶν
723 425 851 514 νήσων·
875 417 912 490 τύ
928 419 993 510 γὰρ
1010 411 1130 486 66660‘
1114 439 1160 482 ον

149 534 260 613 ἐόντες
276 539 375 604 Μίνω
389 558 424 600 τε
439 531 596 619 κατήκοοι
618 533 673 600 καλ
694 528 892 614 καλεόμενοι
909 526 1050 609 Λέλεγες
1066 516 1159 605 εἶχον

150 632 208 713 τὰς
223 633 363 722 νήσους,
387 630 497 717 φόρον
511 631 573 717 μὲν
588 627 712 698 οὐδένα
729 626 982 708 ὑποτελέοντες,
1002 618 1086 688 ὅσον
1101 619 1159 688 καλ

149 729 214 818 676
235 729 378 808 δυνατός
390 736 456 818 εἰμι
470 729 523 797 ἐπὶ
536 725 741 816 μακρότατον
755 714 954 806 έξικέσθαι’
932 721 1031 807 ακοῇ,
1048 722 1083 787 οί
1109 717 1160 801 δὲ,

147 829 236 910 ὅκως
252 835 370 908 Μίνως
391 829 515 912 δέοιτο,
537 827 707 919 ἐπλήρουν
729 829 762 892 οί
783 821 842 901 τοὶς
860 823 945 900 νέας.
984 815 1043 888 ἅτε
1060 819 1098 884 δὲ
1116 763 1160 899 66

149 937 251 1000 Μίνω
271 927 559 1048 κατεστραμμένου
580 932 645 1010 μήν
661 921 790 1009 πολλήν
807 924 863 992 666
880 917 1145 1005 εὐτυχέοντος
1111 918 1161 980 66
1224 985 1228 990 ,

142 1032 280 1120 επολὲμω
294 1024 331 1094 τό
350 1021 500 1144 Καρικὸν
519 1016 564 1110 66
580 1029 682 1101 ἔθνος
695 1021 924 1142 λογιμώτατον
942 1022 1010 1086 τῶν
1026 1014 1163 1083 ἐθνέων

147 1127 308 1197 εἰπόντων
329 1120 411 1191 κατὰ
428 1128 546 1190 τοῦτον
561 1119 630 1208 666
645 1120 705 1190 τόν
725 1121 850 1209 χρόνον
867 1140 984 1208 μακρρι
971 1112 1162 1200 μα’λιστα.

149 1235 207 1296 καί
230 1243 291 1311 σφι
317 1219 410 1308 τριξὰ
437 1218 643 1305 ἐξευρήματα
669 1222 817 1306 έγε’,νετο
839 1231 926 1287 τοῖσι
949 1219 983 1284 οί
997 1212 1163 1298 Ἕλληνες

146 1325 344 1414 ἐχρήσαντο·
372 1316 476 1388 καλ
438 1344 502 1405 γαρ
523 1321 575 1386 ἐπὶ
596 1316 637 1386 τὰ
660 1320 789 1404 κράνεα
809 1318 939 1437 λόφους
963 1314 1164 1382 ἐπιδέεσθαι

149 1427 258 1548 Κρῖρὲς
275 1425 338 1489 είσι
353 1422 387 1487 οί
400 1418 651 1502 καταδέξαντες,
669 1420 724 1484 καλ
740 1413 842 1485 ἐπὶ
807 1439 866 1494 τας
880 1410 1024 1490 ἀσπίδας
1039 1406 1081 1477 τᾶ
1097 1425 1160 1492 σή·

148 1527 230 1615 μήια
246 1527 437 1610 ποιέεσθαι,
456 1518 546 1586 καὶ”
525 1545 629 1604 οχανα
643 1517 760 1587 ἀσπίσι
774 1510 872 1586 οὐτοί
884 1521 947 1584 είσι
965 1516 1000 1581 οί
1012 1507 1163 1596 ποιησά-

147 1650 243 1715 μενοι
257 1624 399 1709 πρῶτοι
421 1622 501 1696 τέως
515 1614 590 1685 δὲ’
567 1643 651 1684 ανευ
669 1615 802 1702 ὀχάνων
819 1614 965 1702 ἐφόρεον
980 1607 1040 1690 τὰς
1056 1606 1163 1677 ἀσπί-

147 1729 207 1804 δας
221 1723 359 1808 πάντες,
385 1722 482 1803 οἷπερ
508 1712 785 1784 έιόθεσανᾶσπίσι
803 1721 966 1801 χρᾶσθαι,
989 1714 1165 1794 τελαμῶσι
1243 1765 1244 1788 ,

149 1829 332 1892 σκυτίνοισι
355 1822 568 1939 οίχκίζοντες,
589 1816 665 1898 περὶ
688 1827 773 1882 τοῖσι
796 1811 911 1934 αὐχέσι
937 1837 972 1880 τε
997 1811 1055 1878 καὶ
1072 1819 1163 1876 τοῖσι
1243 1803 1244 1812 ’

150 1923 350 2009 ἀριστεροῖσι
372 1915 489 2005 ὤμοισι
511 1921 742 2003 περικείμενοι.
775 1910 857 2001 μετὰ
882 1915 920 1981 δὲ
944 1910 1025 1990 τούς
1042 1915 1165 1996 Κᾶρας

150 2022 259 2112 χρόνῳ
276 2019 417 2103 ὕστερον
434 2019 545 2105 πολλῷ
561 2017 708 2101 Δωριέες
729 2040 763 2082 τε
780 2012 864 2083 καί”
860 2022 963 2092 Ιοιυες
980 2011 1163 2095 ἐξανέστη-

151 2141 214 2187 σαν
235 2121 329 2186 έκ
285 2144 352 2186 των
367 2114 497 2203 νήσων,
519 2083 631 2179 καλ”
587 2137 676 2179 ουτω
694 2111 776 2192 ἐς
741 2139 804 2201 την
824 2111 966 2201 ἤπειρον
982 2109 1158 2179 ἀπίκοντο

150 2244 232 2284 κατα
220 2213 308 2301 μὲν
324 2210 364 2298 δή
385 2218 496 2310 Κᾷρας
510 2208 599 2277 οὕτω
613 2218 741 2299 Κρῆτες
762 2215 898 2299 λέγουσι
914 2212 1097 2298 γενέσθαι·
1120 2205 1165 2278 οὐ

151 2316 263 2401 μέντοι
286 2309 384 2379 αὐτοί
402 2334 442 2406 γε
461 2306 680 2428 ὁμολογέουσι
702 2311 849 2379 τούτοισι
871 2314 906 2379 οί
920 2316 1049 2395 Κᾶρες,
1072 2304 1164 2377 ἀλλὰ

150 2416 319 2497 νομίζουσι
334 2406 465 2475 αὐτοὶ
449 2404 593 2485 εωυτούς
613 2405 698 2476 είναι
723 2405 935 2495 αὐτόχθονας
955 2405 1163 2495 ἠπειρώτας,

150 2511 205 2575 καλ
221 2513 266 2596 τῷ
281 2502 441 2590 οὐνόματι
466 2509 512 2593 τῷ
527 2500 618 2571 αὐτῶ
639 2509 703 2573 αίεί
725 2507 1003 2593 διαχρεομέυους,
1046 2512 1165 2596 τρόπερ

150 2610 223 2673 νῦν.
248 2599 464 2671 ἀποδεικνῦσι
486 2572 523 2669 δὲ
545 2604 582 2669 ἐν
605 2603 801 2671 Μυλάσοισι
822 2602 907 2684 Διὸς
924 2607 1101 2691 Καρίου“
1085 2601 1166 2691 ιρύυ

149 2700 304 2787 ἀρχαῖον,
320 2707 380 2767 τοῦ
392 2707 540 2768 Μυσοίσι
553 2704 617 2788 μὲν
630 2706 685 2770 καί
695 2706 837 2771 Λυδοῖσι
851 2706 983 2790 μέτεστι
1002 2701 1048 2783 ὡς
1063 2722 1168 2772 κασι·

150 2800 298 2888 γνήτοισι
326 2800 417 2867 ἐοῦσι
439 2812 524 2868 τοῖσι
545 2806 671 2883 Καρσί·
705 2797 764 2868 τύν
786 2799 852 2889 γὰρ
877 2800 996 2871 Λυδδυ
1022 2798 1168 2871 καὶτὸν

150 2898 275 2967 Μυσὸν
285 2901 418 2984 λέγουσι
431 2896 515 2965 εἶναι
526 2896 639 2982 Καρδς
653 2894 849 2985 ἀδελφεούς.
873 2901 1027 2970 τούτοισι
1040 2902 1108 2989 μὲν
1126 2897 1168 2985 δὴ

149 2997 293 3082 μέτεστι,
315 2993 389 3062 ὅσοι
403 2996 438 3061 δέ
457 2994 567 3073 ἐόντες
581 2994 690 3064 ἄλλον
706 3002 825 3077 ἐθνεος
843 2996 1067 3087 ὁμόγλωσσοι
1079 3014 1171 3068 τοῖσι

90 3094 256 3178 λλλΚαρσλ
273 3093 442 3177 ἐγένοντο,
465 3092 612 3160 τούτοισι
635 3092 672 3162 δὲ
695 3120 736 3163 ον
727 3092 845 3182 ’.μέτα
894 3102 939 3165 06
961 3100 999 3167 δὲ
1016 3100 1169 3169 Καύνιοι

151 3187 353 3275 αὐτόχθονες
370 3191 498 3258 δοκέειν
518 3192 594 3278 ἐμοί
607 3217 623 3260 ε
624 3197 690 3279 ίσι,
712 3191 808 3263 αὐτοὶ
829 3196 947 3282 μέντοι
972 3199 1010 3265 ἐκ
1031 3198 1171 3319 Κρήτης

151 3289 232 3372 φασί
254 3284 346 3354 εἶναι
376 3288 670 3374 προσκεχωρήκασι
692 3292 728 3359 δέ
749 3300 908 3379 γλῶσσαν
933 3295 998 3382 μὲν
1019 3294 1112 3384 πρὸς
1134 3295 1172 3365 τό

151 3383 300 3471 Καθικθν
320 3382 479 3473 ἕθνθς,ή
503 3392 536 3455 οί
557 3396 679 3474 Κᾶρες
684 3386 767 3476 πρδς
786 3388 822 3458 τὸ
846 3391 1029 3461 Καυνικόν
1053 3402 1170 3481 (τοῦτο

150 3479 215 3568 γὰρ
230 3480 293 3550 οὐκ
314 3487 376 3567 ἔχω
396 3479 556 3567 ἀτρεκέως
570 3490 773 3574 διακρινοιι),
797 3488 934 3576 νόμοισι
953 3492 991 3559 δὲ
1008 3496 1168 3579 χρέονται
1241 3490 1242 3523 ³
