2500 3925
164 215 225 280 148
537 211 788 272 nssnonol'l

162 389 224 448 λον
239 373 261 464 ἢ
275 382 344 445 πᾶν
356 381 463 463 χρῆμα
474 376 754 462 προδειμαίνοντα
768 368 904 458 μηδαμὰ
917 369 1023 457 μηδὲν
1033 378 1168 439 παθεῖν.

163 483 194 547 εί
207 480 244 545 δέ
258 478 373 565 ἐρίζων
389 473 473 564 πρὸς
486 481 555 543 πᾶν
564 471 600 545 τό
615 473 800 561 λεγόμενον
813 469 858 559 μὴ
873 469 911 541 τό
929 475 1068 562 βέβαιον
1082 467 1170 540 ἄπο-

162 576 275 662 δέξεις,
287 572 498 662 σφάλλεσθαι
509 570 655 660 ὀφείλεις
665 574 703 640 ἐν
714 568 844 640 αύτοίσι
855 565 979 656 ὁμοίως
989 569 1042 638 καλ
1055 563 1172 638 ὁδπε-

161 679 280 742 ναντία
290 670 438 740 τούτοισι
451 673 554 751 λέξας.
569 675 669 738 τοῦτο
680 671 742 756 μέν
754 693 820 735 νυν
831 662 883 734 ἐπ’
899 675 973 753 ίσης
983 670 1064 751 ἔχει·
1083 667 1172 733 είδί-

162 799 219 842 ναι
234 772 270 839 δὲ
284 768 470 854 ἄνθρωπον
485 769 583 838 ἐόντα
597 774 664 847 κῶς
679 764 740 854 χρὴ
756 762 793 834 τό
809 767 965 854 βέβαιονς
987 761 1092 831 δοκέω
1107 762 1172 848 μὲν

163 868 327 956 οὐδαμῶς.
349 881 435 938 τοῖσι
447 873 566 937 τοίνυν
580 866 816 953 βουλομένοισι
836 863 962 932 ποιέειν
979 858 1025 942 ὡς
1040 857 1078 930 τό
1095 864 1172 927 ἐπί-

163 991 232 1036 παν
246 966 353 1052 φιλέει
369 970 524 1052 γίνεσθαι
538 960 579 1031 τοὶ
596 965 732 1049 κέρδεα,
755 975 840 1031 τοῖσι
855 959 892 1030 δὲ
906 961 1173 1048 ἐπιλεγομένοισί

132 1086 150 1139 2
163 1091 199 1133 τε
212 1064 322 1132 πάντα
335 1066 391 1133 καί
396 1058 550 1131 ὀκνέουσι
556 1057 599 1130 ού
612 1061 702 1148 μα’λα
713 1062 831 1130 ἐθέλει.
848 1055 948 1150 Ὁρᾷς
957 1056 997 1128 τὰ
1010 1057 1167 1146 Περσέων

163 1163 379 1251 πρήγματαές
389 1161 594 1248 τδδυνόμιος
606 1158 850 1247 προκεχώρηκε.
873 1163 904 1226 εί
914 1163 1032 1226 τοίνυν
1045 1157 1170 1226 ἐκεῖνοι

163 1264 198 1329 οί
206 1256 271 1345 πρδ
283 1261 363 1346 ἐμεῦ
372 1258 548 1346 γενόμενοι
557 1261 707 1346 βασιλέες
715 1253 866 1345 γνόμησι
873 1256 1023 1343 ἐχρέοντο
1034 1250 1170 1342 ὁμοίησι

163 1358 219 1425 καλ
232 1353 293 1444 σύ,
308 1352 329 1445 ἢ
343 1354 389 1444 μὴ
402 1357 577 1445 χρεόμενοι
591 1354 743 1444 χνοόμησι
756 1353 928 1442 τοιαύτῃσι
941 1352 1063 1432 ἄλλους
1079 1371 1170 1439 συμ-

163 1454 309 1542 βούλους
319 1452 408 1543 είχον
418 1455 603 1540 τοιούτους,
615 1451 679 1521 ούκ
692 1451 737 1520 ἄν
746 1478 823 1520 κοτε
833 1449 917 1532 εἶδες
928 1449 1012 1521 αύτδ
1024 1455 1057 1531 ές
1067 1457 1168 1520 τοῦτο

162 1553 389 1641 προελθόντα·
411 1563 477 1625 νῦν
491 1556 527 1624 δὲ
537 1553 720 1634 κινδύνους
736 1549 1012 1640 ἀναρριπτέοντες
1023 1555 1055 1633 ἐς
1065 1550 1167 1622 τοῦτό

161 1678 248 1742 σφεα
257 1656 501 1744 προηγάγοντο.
512 1653 641 1743 μεγάλα
653 1648 718 1741 γὰρ
730 1651 907 1741 πρήγματα
915 1652 1088 1742 μεγάλοισι
1096 1677 1169 1720 κιν-

162 1753 295 1822 δύνοισι
311 1755 417 1824 ἐθέλει
431 1754 675 1841 καταιρέεσθαι.
693 1749 806 1838 Ἡμεῖς
821 1756 939 1820 τοίνυν
951 1747 1165 1840 ὁμοιεύμενοι

161 1856 317 1924 ἐκείνοισι
332 1850 426 1941 όρην
438 1879 475 1922 τε
487 1859 548 1921 τοῦ
562 1857 653 1931 ἐπεος
666 1858 845 1940 καλλίστην
861 1851 1095 1940 πορευόμεθα,
1111 1853 1168 1920 καὶ
1188 1931 1191 1940 ,

160 1949 466 2040 καταστρεψόμενοι
479 1956 592 2020 πᾶσαν
605 1947 668 2037 τὴν
682 1946 853 2039 Εύρύπην
866 1950 1073 2040 νοστήσομεν
1089 1947 1167 2021 όπί-

160 2072 226 2138 σω,
241 2046 319 2118 οὔτε
332 2057 416 2142 λιμῷ
427 2049 620 2137 ἐντυχόντες
634 2047 803 2138 οὐδαμόθι
813 2048 891 2119 οὔτε
902 2048 985 2119 ἄλλο
995 2047 1092 2137 ἄχαρι
1104 2047 1163 2118 οδ-

160 2147 219 2216 δέν
233 2144 409 2226 παθόντες.
432 2153 531 2217 τοῦτο
548 2148 611 2234 μέν
626 2145 692 2234 γὰρ
706 2144 801 2218 αύτολ
813 2147 942 2237 πολλὴν
954 2147 1088 2239 φορβὴν
1102 2175 1167 2235 φε-

160 2244 297 2331 ρόμενοι
318 2243 552 2332 πορευόμεθα,
573 2250 672 2312 τοῦτο
693 2247 730 2314 δὲ
746 2251 815 2314 τόν
832 2242 876 2315 ἄν
897 2271 961 2315 κου
981 2247 1168 2334 έπιβέωμεν

159 2347 224 2427 γῆν
237 2341 292 2409 καὶ
306 2346 427 2429 ἔθνος,
445 2341 574 2410 τούτων
593 2339 655 2410 τόν
670 2357 764 2411 σῖτον
777 2344 912 2432 ἕξομεν,
932 2342 984 2413 ἐπ’
1001 2341 1167 2432 ἀροτῆρας

111 2456 145 2509 σι
161 2444 197 2509 δὲ
208 2442 262 2509 καί
272 2437 315 2509 ού
325 2440 474 2527 νομάδας
485 2442 735 2529 στρατευόμεθα
746 2440 880 2528 ἄνδρας.
893 2445 993 2531 Λέγει
1005 2443 1166 2531 Ἀρτάβα-

159 2563 218 2617 νος
228 2533 308 2623 μετὰ
321 2545 440 2607 ταῦτα·
458 2533 498 2607 Ὦ
507 2546 657 2629 βασιλεύ,
680 2542 786 2609 ἐπείτε
804 2536 986 2628 ύρραδέειν
997 2539 1098 2611 οὐδὲν
1109 2544 1166 2630 ἐᾷς

158 2642 312 2722 πρῆγμα,
329 2634 374 2704 σύ
385 2640 425 2705 δέ
431 2664 495 2725 μευ
507 2643 717 2727 συμβουλίην
728 2640 874 2719 ἔνδεξαι·
896 2636 1084 2727 ἀναγκαίας
1097 2638 1165 2727 γὰρ

157 2738 224 2820 ἐχει
235 2736 311 2820 περὶ
317 2742 452 2805 πολλῶν
462 2736 668 2824 πρηγμάτων
674 2742 801 2806 πλεῦνα
811 2734 916 2823 λόγον
925 2738 1076 2808 ἐκτεῖναι.
1089 2746 1165 2808 Κύ-

159 2857 217 2920 ρος
237 2829 256 2901 ὁ
277 2834 469 2923 Καμβύσεω
487 2833 616 2922 Ἰωνίην
635 2841 747 2904 πᾶσαν
769 2831 858 2921 πλὴν
875 2832 1064 2923 Ἀθηναίων
1082 2862 1163 2905 κατ-

158 2931 337 3014 εστρέψατο
354 2933 572 3021 δασμοφόρον
587 2931 672 3002 είναι
685 2936 842 3022 Πέρσησι.
865 2933 1005 3015 τούτους
1021 2926 1070 3003 τόν
1084 2931 1163 3013 τούς

156 3028 283 3113 ἄνδρας
298 3030 520 3119 συμβουλεύω
535 3056 585 3100 τοι
602 3036 745 3122 μηδεμιῇ
760 3040 891 3123 μηχανῇ
905 3031 1001 3120 ἄγειν
1015 3037 1069 3104 ἐπὶ
1083 3033 1163 3114 τούς
1247 3072 1248 3092 ι

156 3134 317 3219 πατέρας·
339 3134 394 3201 καί
407 3128 474 3220 μὰρ
485 3130 569 3200 ἄνευ
580 3131 710 3201 τούτων
724 3126 792 3201 οἷοί
799 3134 836 3201 τέ
846 3138 937 3219 είμεν
950 3140 1019 3203 τόν
1029 3136 1163 3221 ἐχθρῶν

156 3230 395 3318 κατυπέρτεροι
408 3238 575 3318 γίνεσθαι.
596 3226 697 3321 ἢχύρ
714 3251 834 3319 σφεας,
855 3226 900 3319 ἢν
913 3234 1075 3320 ἕπωνται,
1112 3236 1163 3303 δελ
1246 3276 1247 3281 1

156 3325 383 3407 ἆδικυτίτονς
397 3335 551 3414 γίνεσθαι
565 3329 899 3416 καταδουλουμένους
912 3327 975 3417 τὴν
991 3329 1162 3419 μητρόπο-

158 3432 228 3509 λιν,
242 3420 265 3511 v}
281 3424 511 3507 δικαιοτάτους
525 3436 864 3513 συνελευθεροῦντας.
888 3426 1085 3501 ιἰδικύτατοι
1099 3434 1159 3518 μέν
1245 3474 1246 3479 1
