2500 3925
155 223 217 288 156
532 226 785 286 monum

104 384 387 475 πἈρτυστιύνης.
430 386 616 474 Φρύγεςῶ
636 384 806 474 ἀγχοτάτω
829 391 887 471 τῆς
901 389 1171 472 Παφλαγονικῆς

153 486 281 575 σκευήν
295 485 394 577 εἶχεν,
411 486 527 576 ὀλίγον
537 491 837 578 παραλλάσσοντες.
861 493 896 558 οί
910 489 947 559 δέ
958 489 1104 578 Φρύγες,
1122 488 1171 569 ὡς

154 584 354 666 Μακεδόνες
366 590 519 675 λέγουσι,
535 589 710 657 ἐκαλέοντο
723 593 844 674 Βρίγες
856 588 983 675 χρόνον
998 587 1083 657 ὅσον
1094 585 1172 656 Εὐ-

155 683 297 772 ρωπήιοι
311 684 424 764 ἐόντες
437 685 591 754 σύνοικοι
605 679 693 773 ῆσαν
707 685 895 771 Μακεδόσι,
910 685 1115 775 μεταβάντες
1132 684 1172 753 δέ
1241 696 1242 752 λ

155 785 190 862 ἐς
204 780 267 869 τήν
284 778 397 870 Ἀσίην
410 782 479 871 ἅμα
493 791 535 873 τῆ
550 784 643 873 χάρη
657 787 712 853 καλ
729 781 766 851 τό
789 782 918 871 οὕνομα
932 789 1118 872 μετέβαλον
1136 787 1172 862 ἐς

155 882 302 970 Φρύγας.
319 880 485 969 Ἀρμένιοι
500 886 537 950 δέ
560 881 706 970 κατάπερ
728 882 861 968 Φρύγες
874 883 1069 971 ἐσεσάχατο,
1089 883 1172 952 ἐόν-
1242 874 1243 908 ί

156 1010 209 1062 τες
223 988 372 1068 Φρυγῶν
390 981 535 1051 ἔποικοι.
563 982 695 1050 τούτων
709 983 975 1069 συναμφοτέρων
996 976 1077 1070 ήρχε
1090 979 1172 1067 Ἀρ-
1243 1059 1244 1074 ,

107 1098 143 1156 74
155 1081 288 1167 τόχμης,
297 1088 448 1168 Δαρείου
457 1087 543 1168 έχων
552 1084 733 1169 θυγατέρα.
751 1083 857 1150 Λνδολ
868 1082 905 1150 δέ
915 1079 1088 1168 ἀγχοτάτω
1098 1107 1170 1150 τιν

152 1178 358 1265 Ἑλληνικῶν
371 1178 462 1267 εἶχον
475 1178 572 1249 ὅπλα.
600 1185 635 1249 οδ
647 1181 685 1249 δέ
698 1183 805 1249 Λυδοὶ
819 1186 969 1268 Μηίονες
986 1182 1171 1249 ἐκαλεῦντο

157 1277 194 1348 τό
207 1280 321 1365 πάλαι,
336 1280 390 1347 ἐπὶ
402 1279 440 1347 δέ
449 1282 568 1347 Ανδοῦ
577 1285 640 1347 τού
647 1277 767 1358 ’Ἀτυος
777 1284 875 1366 ἐσγον
885 1276 947 1367 τήν
961 1281 1172 1366 ἐπωνυμίην,

157 1378 401 1469 μεταβαλόντες
415 1376 454 1448 τό
470 1377 610 1467 οὕνομα.
637 1382 754 1448 Μυσοὶ
775 1381 811 1448 δλ
825 1382 878 1450 ἐπὶ
892 1381 955 1468 μὲν
970 1389 1044 1471 τῆσι
1059 1408 1169 1469 κεφα-

157 1484 234 1567 λήσι
249 1476 339 1565 εἶχον
349 1477 478 1566 κράνεα
492 1478 668 1565 ἐπιχώρια,
685 1473 827 1557 άσπέδας
844 1479 881 1547 δέ
894 1477 1046 1568 σμικράς,
1062 1476 1169 1547 άκον-

158 1584 256 1645 τίοισι
267 1578 303 1644 δέ
310 1579 462 1662 ἐχρέοντο
473 1576 691 1646 ἐπικαύτοισι.
708 1569 803 1646 οὗτοι
815 1579 854 1646 δέ
863 1585 925 1648 είσι
932 1584 1055 1648 Λυδῶν
1067 1578 1170 1648 ἄποι-

159 1701 229 1760 κοι,
249 1671 308 1742 ἀπ’
330 1672 519 1762 Οὐλύμπου
535 1675 573 1744 δὲ
594 1674 713 1764 οὔρεος
729 1678 905 1746 καλέονται
921 1675 1169 1764 Ούλυμπιηνοί.

158 1778 283 1842 Λυδῶν
296 1773 334 1842 δὲ
344 1776 401 1842 καλ
411 1779 545 1843 Μυσῶν
555 1766 637 1862 ήργε
648 1771 901 1861 Ἀρταφέρνηςὸ
917 1775 1170 1863 Ἀρταφέρνεος,

110 1885 144 1941 76
159 1870 244 1953 όςές
258 1881 462 1958 Μαραθῶνα
475 1875 611 1962 ἐσέβαλε
625 1871 694 1961 ἅμα
708 1873 804 1942 Δάτι.
829 1873 970 1962 Θρήικες
985 1873 1022 1942 δέ
1036 1874 1090 1942 ἐπὶ
1107 1873 1171 1959 μὲν
1248 1948 1249 1958 ¹

158 1980 234 2063 τῇσι
248 1981 413 2062 κεφαλῇσι
427 1972 618 2054 άλωπεκέας
632 1978 762 2061 ἔχοντες
776 1974 1026 2063 ἐστρατεύοντο,
1044 1976 1121 2063 περὶ
1133 1974 1171 2042 δὲ
1248 1964 1249 1983 ¹

158 2072 196 2143 τό
211 2081 307 2161 σῶμα
323 2082 490 2160 κιθῶνας,
511 2077 564 2145 ἐκί
584 2076 621 2143 δδ
642 2073 750 2162 ζειρὰς
765 2077 1042 2163 περιβεβλημένοι
1057 2081 1171 2144 ποικί-

159 2180 229 2258 λας,
237 2171 314 2259 περὶ
325 2171 362 2239 δέ
370 2168 450 2251 τούς
461 2171 568 2251 πόδας
575 2197 612 2239 τε
622 2174 679 2240 καί
688 2169 747 2251 τάς
757 2172 885 2260 κνήμας
896 2174 1014 2241 πέδιλα
1024 2180 1170 2261 νεβρῶν,

159 2266 244 2356 πρός
257 2268 295 2338 δέ
305 2266 446 2339 άιιόντιά
456 2296 492 2339 τε
505 2274 561 2339 καὶ
571 2274 691 2351 πέλτας
702 2275 757 2340 καὶ
769 2273 945 2358 ἐγχειρίδια
956 2272 1091 2359 σμικρά.
1108 2264 1171 2339 οὗ·

159 2394 211 2436 τοι
224 2368 261 2437 δὲ
281 2367 458 2456 διαβάντες
473 2367 537 2456 μέν
550 2369 584 2448 ἐς
596 2366 659 2456 τῆν
675 2366 789 2455 Ἀσίην
801 2369 996 2456 ἐκλήθησαν
1009 2371 1168 2455 Βιθυνοὶ,

159 2468 197 2538 τό
213 2472 251 2540 δλ
264 2470 431 2559 πρότερον
445 2473 638 2557 ἐκαλέοντο,
659 2467 704 2549 ὡς
720 2466 816 2538 αότολ
832 2471 985 2556 λέγουσι,
1007 2468 1169 2556 Στρυμό-

132 2600 244 2665 ovant,
265 2574 431 2652 οἰκέοντες
450 2575 504 2641 ἐπί
518 2568 710 2660 Στρυμόνι·
737 2574 956 2657 ἐξαναστῆναι
972 2572 1019 2652 ,δέ
1034 2588 1118 2658 φασι
1137 2572 1170 2650 ἐξ

160 2669 275 2759 ήθέων
288 2670 356 2741 ὑπό
374 2679 535 2760 Τευκρῶν
549 2697 587 2741 τι
599 2672 656 2740 καί
666 2676 809 2739 Μυσῶν.
831 2674 988 2758 Θρηίκων
1002 2668 1040 2737 δὲ
1053 2675 1122 2736 τῶν
1133 2670 1167 2735 ἐι

112 2786 146 2841 76
161 2779 201 2861 τῆ
215 2770 307 2861 Ἀσέη
325 2765 406 2858 ήργε
420 2771 595 2858 Βασσάκης
616 2768 635 2839 ὁ
654 2768 861 2859 Ἀρταβάνου
863 2822 957 2837 ......
977 2766 1119 2847 άσπίδας
1134 2767 1170 2835 δέ

162 2866 348 2958 ῶμοβοῖνας
369 2868 458 2956 εἶχον
473 2866 632 2956 σμικράς,
652 2872 708 2938 καί
728 2868 919 2958 προβόλους
934 2868 998 2937 δύο
1013 2877 1169 2951 λυκιοερ-

160 2974 239 3059 γέας
253 2974 389 3049 ἕκαστος
403 2969 485 3057 εἶχε,
501 2972 553 3039 ἐπὶ
566 2973 604 3038 δέ
617 2976 693 3059 τῆσι
708 2975 871 3059 κεφαλῇσι
886 2968 1013 3055 κράνεα
1030 2968 1169 3054 χάλκεα·

161 3071 245 3163 πρός
258 3073 296 3141 δέ
306 3084 391 3141 τοίσι
402 3071 542 3158 κράνεσι
553 3063 622 3139 ῶτά
633 3097 669 3139 τε
679 3072 734 3139 καί
744 3074 844 3158 κέρεα
855 3076 986 3158 προσῆν
999 3066 1080 3158 βοός
1089 3067 1170 3156 χάλ-

161 3197 238 3257 κεα,
253 3174 381 3258 ἐπῆσαν
394 3170 431 3239 δλ
444 3174 500 3239 καὶ
514 3170 633 3256 λόφοι·
655 3167 713 3249 τάς
728 3170 765 3237 ab
779 3168 907 3256 κνήμας
924 3168 1043 3257 ῥάκεσι
1057 3193 1170 3255 φοινι-

161 3272 266 3337 κέοισι
276 3274 490 3354 κατειλίχατο.
514 3271 551 3336 ἐν
567 3266 715 3337 τούτοισι
727 3281 812 3335 τολσι
823 3263 1169 3353 άνδράσιἍρεόςέατι

112 3375 144 3432 77
161 3362 371 3450 χρηστήριον.
402 3365 572 3451 Καβηλέες
588 3364 626 3431 δέ
642 3368 675 3432 οἱ
690 3370 858 3451 Μηίονες,
878 3362 1040 3431 Λασόνιοι
1055 3362 1092 3429 δέ
1109 3386 1169 3429 κα-

160 3462 334 3547 λεόμενοι,
347 3459 409 3547 τήν
419 3459 526 3547 αύτήν
534 3464 644 3543 Κίλιξι
656 3460 745 3548 εἶχον
756 3458 892 3549 σκευήν,
905 3455 968 3548 τήν
979 3455 1055 3546 ἐγῶ,
1067 3454 1168 3527 ἐπεάν
