2500 3925
166 218 227 284 118
543 220 796 280 HERODOTI

165 379 376 466 ὑποζάκορον
386 386 454 447 τῶν
464 385 724 465 χθουίαυθεῶν.
737 378 864 465 ταύτην
870 381 1041 448 έλθοῦσαν
1047 381 1081 458 ές
1093 377 1176 459 ὄψιν

165 481 359 551 Μιλτιάδεω
367 483 621 566 συμβουλεῦσαί
628 481 671 564 οί,
681 482 711 546 εί
719 479 795 562 περὶ
806 483 935 546 πολλοῦ
945 479 1091 546 ποιέεται
1098 476 1178 544 Πά-

165 607 228 669 ρον
243 582 341 665 ἕλειν,
355 576 397 646 τὰ
412 574 456 645 ἂν
470 574 554 664 αὑτή
570 573 751 662 ὑπόθηται,
765 581 871 643 ταῦτα
884 577 1019 644 ποιέειν.
1040 571 1124 662 μετά
1140 572 1177 640 δὲ

163 677 225 766 τήν
240 680 303 765 μὲν
318 674 523 761 ὑποθέσθαι,
537 674 600 744 τόν
610 679 647 742 δὲ
661 671 869 760 ἀπικόμενον
880 676 934 742 ἐπὶ
946 671 1008 742 τὸν
1018 671 1177 742 κολωνόν

163 776 224 846 τόν
237 773 302 864 πρό
322 783 381 862 τῆς
394 775 511 853 πόλιος
527 773 626 842 ἐόντα
644 769 681 841 τδ
699 775 796 860 ἕρκος
815 771 1038 858 θεσμοφόρου
1051 771 1177 858 Δήμη-

162 901 241 963 τρος
247 873 466 959 ὑπερθορεῖν,
473 870 517 941 οὑ
525 873 719 959 δυνάμενον
728 867 786 950 τάς
796 871 909 956 θύρας
919 867 1058 955 ἀνοῖξαι,
1065 865 1176 954 ὑπερ-

163 972 315 1059 θορόντα
330 971 367 1039 δέ
380 974 465 1039 ίέναι
477 973 530 1038 έτί
545 968 585 1039 τό
600 974 748 1057 μέγαρον
762 965 856 1055 ὁτιδὴ
870 966 1055 1055 ποιήσοντα
1066 964 1175 1052 έυτδς,

164 1083 229 1142 εἴτε
246 1069 428 1159 κινήσοντά
442 1077 556 1140 τιτῶν
570 1067 739 1158 ἀκινήτων
755 1077 820 1138 είτε
836 1065 1007 1155 ὁτιδήποτε
1023 1067 1176 1153 πρήξου-

162 1195 220 1238 τα·
243 1166 329 1257 πρὸς
342 1177 417 1258 τῇσι
430 1170 562 1261 θόρησί
572 1197 608 1239 τε
620 1172 792 1258 γενέσθαι,
809 1171 865 1238 καλ
884 1166 1029 1257 πρόκατε
1050 1173 1176 1255 φρίκης

164 1265 270 1336 αὑτόν
285 1266 501 1356 ὑπελθούσης
514 1266 620 1338 όπίσοι
635 1266 697 1356 τὴν
710 1265 818 1354 αὑτήν
828 1262 911 1334 ὑδδν
921 1269 1052 1352 ἵεσθαι,
1068 1291 1174 1334 κατα-

163 1367 365 1453 θράσκοντα
379 1369 416 1437 δὲ
427 1365 489 1455 τήν
501 1365 663 1455 αίμασιήν
673 1364 734 1435 τὸν
743 1363 1067 1453 μηρδνσπασθήναι.
1091 1367 1128 1431 οδ
1137 1366 1175 1431 δὲ

96 1485 146 1540 135
162 1462 268 1535 αὑτὸν
277 1462 315 1534 τό
326 1466 415 1552 γόνυ
426 1481 649 1553 προσπταῖσαι
661 1469 805 1552 λέγουσι.
830 1463 1017 1549 Μιλτιάδης
1028 1463 1091 1549 μέν
1104 1487 1175 1529 νυν

164 1564 324 1651 φλαύροις
330 1569 415 1650 ἔχων
424 1561 580 1633 ιἰπέπλοιε
591 1561 792 1654 ὀπίσα,ρὺτε
802 1563 952 1652 χρήματα
962 1559 1174 1649 Ἀθηναίοισι

162 1663 257 1749 δι’γων
275 1661 354 1730 οὔτε
369 1662 489 1748 Πάρον
508 1663 819 1750 προσκτησάμενος,
832 1659 927 1731 Am
947 1661 1174 1748 πολιορκήσας

164 1788 199 1829 τε
214 1764 248 1840 ἒξ
262 1762 317 1828 καλ
333 1769 436 1829 εἴκοσι
450 1757 575 1848 ἡμέρας
591 1765 647 1832 καλ
663 1762 807 1848 δηιώσας
820 1760 883 1850 τήν
897 1769 1012 1849 νῆσον.
1045 1761 1172 1848 Πάριοι

164 1861 201 1928 δὲ
215 1858 424 1947 πυθόμενοι,
446 1857 491 1939 ὡς
509 1858 530 1947 ἡ
545 1858 753 1948 ὑποζάκορος
772 1865 841 1928 τόν
859 1867 954 1930 θεῶν
971 1858 1063 1947 Τιμεδ
1078 1866 1173 1928 Μιλ-

163 1957 261 2046 τιάδη
276 1956 516 2045 κατηγήσατο,
527 1959 732 2047 βουλόμενοί
743 1985 803 2046 μιν
823 1956 897 2027 άντλ
915 1957 1046 2027 τοόταν
1065 1982 1172 2042 τιμω-

164 2057 333 2145 ρήσασθαι
348 2057 565 2144 θεοπρόπους
578 2062 745 2144 πέμπουσι
760 2059 794 2136 ές
807 2060 983 2145 4ελφοός,
1007 2054 1052 2134 ὥς
1065 2074 1173 2140 σφεας

161 2154 282 2243 ἡσυχίη
295 2160 353 2241 τῆς
367 2161 559 2243 πολιορκίης
573 2160 658 2241 ἔσχε,
670 2160 819 2240 ἔπεμπον
830 2152 866 2221 δὲ
881 2156 1172 2250 ἐπειρησομένους,

163 2259 194 2322 εί
209 2252 472 2339 καταχρήσονται
489 2250 553 2340 τήν
565 2251 777 2339 ὑποζάκορον
797 2260 865 2323 τῶν
878 2258 972 2323 θεοῖν
992 2251 1038 2331 ὡς
1052 2255 1173 2339 έξημη·

164 2352 313 2437 σαμένην
332 2365 418 2419 τοῖσι
439 2354 588 2439 ἐχθροῖσι
604 2360 664 2439 τῆς
682 2356 841 2439 πατρίδος
859 2350 988 2421 άλτοσιν
1003 2354 1059 2421 καὶ
1074 2348 1116 2419 τά
1140 2352 1173 2430 ές

164 2456 284 2537 ἔρσενα
294 2450 400 2537 μόνον
409 2449 538 2539 ἄρρητα
547 2450 604 2538 ίρδ
615 2452 811 2539 ἐκφήνασαν
817 2452 997 2541 Μιλτιάδη.
1013 2447 1035 2539 ἡ
1047 2451 1083 2521 δὲ
1095 2459 1172 2521 Πυ-

163 2556 224 2635 θίη
239 2545 303 2617 οὑκ
316 2554 371 2636 δα,
392 2556 485 2635 φᾶσα
501 2547 544 2618 οὑ
564 2557 693 2637 Τιμοῦν
714 2547 800 2619 εἶναι
820 2548 883 2637 τήν
898 2556 1007 2638 αίτίην
1026 2550 1171 2649 τούτων,

164 2642 248 2715 άλλά
264 2647 352 2713 δέειν
369 2644 434 2733 γάρ
450 2648 643 2734 Μιλτιάδην
657 2654 815 2717 τελευτάν
835 2648 880 2737 μή
898 2643 953 2734 εὖ,
975 2655 1128 2736 φανῆναί
1140 2653 1172 2716 σι’
1237 2670 1242 2681 ’

163 2749 232 2810 τόν
246 2748 360 2810 κακῶν
374 2746 593 2832 κατηγεμόνα.
612 2751 770 2834 Παρίοισι
781 2746 844 2833 μὲν
855 2744 895 2834 δή
907 2754 1011 2817 ταῦτα
1021 2744 1043 2835 ἡ
1053 2754 1171 2833 Πυθίη

98 2856 148 2912 136
163 2848 297 2928 ἔχρησε,
310 2837 484 2929 Ἀθηναῖοι
494 2844 531 2912 δὲ
541 2846 578 2912 ἐκ
588 2843 710 2930 Πάρου
717 2846 910 2933 Μιλτιάδην
915 2843 1171 2933 ἀπονοστήσαν-

161 2968 202 3009 τοι
217 2946 314 3026 ἔσχον
332 2942 369 3008 έν
382 2942 541 3028 στόμασι,
555 2946 591 3011 οἵ
601 2970 637 3011 τε
649 2942 743 3017 ἄλλοι
754 2945 809 3013 καλ
819 2944 962 3031 μάλιστα
971 2945 1171 3024 Ξάνθιππος

164 3035 448 3125 ὑἎρόφρονος,δς
460 3040 613 3111 θανάτου
624 3038 808 3128 ὑπαμαγοδν
819 3038 954 3112 ὑπδτδν
964 3047 1072 3129 δῆμον
1078 3050 1170 3113 Μιλ-

163 3138 405 3222 τιάδηνέδίοιαε
414 3144 472 3223 τῆς
482 3134 672 3226 Ἀθηναίαν
683 3135 810 3226 άπάτης
821 3142 958 3209 εἵνεκεν.
981 3140 1170 3228 Μιλτιάδης

164 3239 201 3307 δὲ
215 3233 318 3314 αὑτός
331 3237 395 3322 μὲν
409 3235 545 3325 παρεόν
558 3234 623 3307 οὑκ
637 3235 834 3324 ἀπελογέετο
849 3230 909 3326 (ήν
923 3234 988 3323 γάρ
1004 3234 1169 3321 ἀδύνατος

164 3335 248 3405 ὥστε
262 3336 455 3422 σηπομένου
474 3343 536 3407 τοῦ
549 3340 696 3425 μηροῦ),
717 3338 942 3422 προκειμένου
957 3337 993 3403 δὲ
1007 3330 1113 3405 αὑτοῦ
1132 3341 1169 3407 έν

162 3438 260 3521 κλίνη
280 3429 588 3520 ὑπεραπελογέοντο
608 3439 643 3503 οί
662 3441 770 3523 φίλοι,
794 3440 852 3523 τῆς
868 3433 973 3521 μάχης
992 3459 1029 3503 τε
1051 3440 1109 3522 τῆς
1131 3440 1168 3506 ἐν
1248 3490 1249 3523 ,
