2500 3925
358 211 446 268 LIB.
478 210 537 266 VII.
573 209 672 267 GAP.
706 217 849 272 ³6—40.
1049 212 1110 278 143

99 377 214 459 γήσαι,
238 372 310 456 ἐμοὶ
325 368 362 438 δλ
378 373 462 456 μέγα
475 369 671 457 γενόμενον.
708 373 832 459 Ξέρξης
846 374 883 442 δὲ
896 383 966 445 πᾶν
980 383 1109 462 μᾶλλον

98 473 227 540 δοκέων
245 497 304 558 μιν
317 477 468 558 χρηίσειν
483 467 506 561 ή
520 470 558 540 τό
576 473 717 559 ἐδεήθη,
740 479 804 560 ἔφη
821 501 856 544 τε
877 475 1107 565 ὑπουργήσειν

97 575 153 642 καί
170 569 210 660 δή
226 568 405 660 ἀγορεύειν
419 574 561 658 ἐκέλευε,
579 571 658 641 ὅτευ
672 575 789 641 δεόιτο.
812 573 831 643 6
845 577 881 646 δὲ
898 576 1005 645 ἐπείτε
1023 587 1106 647 ταῦ-

95 698 137 739 τα
150 669 290 759 ἤκουσε,
314 678 406 758 ἔλεγε
425 673 600 760 θαρσήσας
612 673 709 740 τάδε·
738 665 777 740 ’ίδ
799 676 958 762 δέσποτα,
981 677 1106 765 τνγχά-
1215 693 1221 702 ”

97 779 201 842 νουσί
210 799 267 859 μοι
281 777 397 853 παῖδες
412 773 524 854 ἐόντες
536 777 653 861 πέντε,
668 781 727 843 καί
738 794 843 862 σφεας
857 777 1105 866 καταλαμβάνει

96 873 224 952 πάντας
239 871 307 960 ἅμα
322 875 375 942 σοί
385 872 628 961 στρατεύεσθαι
641 876 693 943 ἐπί
707 873 770 962 τήν
781 873 931 947 Ἑλλάδα.
954 873 998 947 σὺ
1013 879 1059 964 δέ,
1077 869 1105 945 ολ

96 976 251 1060 βασιλεῦ,
274 972 330 1057 ἐμὲ
350 973 383 1050 ἐς
401 972 479 1040 τόδε
497 967 629 1059 ἡλικίης
647 970 774 1059 ήιιοάτα
787 979 949 1062 οίκτείρας
964 979 1032 1042 τόν
1046 999 1104 1061 μοι

97 1075 227 1141 παίδων
241 1072 301 1138 ἕνα
315 1070 513 1158 παράλυσον
526 1077 585 1157 τής
598 1080 775 1161 στρατηίης
788 1072 848 1140 τόν
861 1072 1104 1162 πρεσβύτατον,

95 1175 152 1239 ἵνα
169 1167 276 1239 αὑτοῦ
288 1195 324 1239 τε
338 1173 418 1258 ἐμεῦ
432 1173 567 1239 καὶτῶν
582 1164 794 1260 χρημάτωνή
808 1171 1005 1258 μελεδωνός.
1023 1167 1104 1249 τοὺς

95 1272 132 1338 δὲ
147 1270 304 1356 τέσσερας
318 1266 379 1354 άγε
394 1266 463 1355 άμα
478 1275 631 1359 σεωυτῷ,
653 1271 708 1338 καί
724 1271 850 1357 πρήξας
866 1268 907 1338 τά
922 1272 1028 1349 νοέεις
1041 1294 1103 1337 νο-

94 1367 247 1457 στήσειας
262 1363 377 1435 ὀπίσω.
399 1368 517 1454 Κάρτα
528 1391 564 1434 τε
573 1367 738 1455 έθνμσίθη
754 1365 772 1435 6
787 1371 920 1457 Ξέρξης,
937 1369 993 1435 καλ
1007 1363 1102 1453 άμεί-
1112 1386 1146 1444 39

95 1477 171 1558 βετο
184 1469 308 1535 τοισίδε
318 1491 324 1504 ·
335 1459 374 1534 Ὦ
386 1467 466 1535 κακὲ
477 1465 649 1554 άνθρωπε,
662 1465 706 1534 σὺ
717 1466 899 1555 ἐτόλμησας
910 1468 990 1554 ἐμεῦ
1000 1485 1102 1554 στρα-

93 1567 278 1652 τευομένου
303 1561 410 1634 αὑτοῦ
430 1567 484 1636 ἐπὶ
503 1563 566 1654 τήν
583 1563 725 1634 Ἑλλάδα
746 1568 801 1634 καί
820 1564 962 1653 άγοντος
982 1567 1103 1642 παῖδας
1211 1557 1238 1618 δ”

94 1664 196 1754 ἐμοὺς
209 1669 264 1735 καὶ
279 1662 465 1752 άδελφεοὺς
478 1669 533 1734 καί
546 1672 694 1754 οἰκηίους
703 1667 759 1735 καί
773 1673 894 1752 φίλους
907 1664 1102 1754 μνήσασθαι

94 1771 169 1852 περί
182 1768 244 1834 σοῦ
260 1767 397 1855 παιδός,
421 1764 487 1836 ἐάν
504 1765 582 1855 ἐμός
602 1773 740 1855 δοῦλος,
757 1765 819 1837 τόν
837 1776 923 1857 χρῆν
943 1771 1101 1854 πανοικίη

94 1864 179 1955 αὐτῇ
195 1866 331 1952 γυναικί
352 1866 576 1951 συνέπεσθαις
599 1860 639 1936 εὑ
659 1875 726 1936 νῦν
739 1865 811 1938 τόδ’
828 1871 1036 1953 ἐξεπίστασο,
1056 1861 1101 1942 ὡς

93 1969 131 2035 ἐν
144 1978 229 2033 τοῖσι
246 1960 307 2032 άσὶ
326 1970 395 2033 τόν
410 1961 606 2054 άνθροόπων
621 1970 721 2038 οίκέει
737 1965 755 2037 6
772 1972 901 2091 θυμός,
925 1962 962 2046 ὑς
974 1958 1099 2054 χρηστά

94 2063 189 2155 μέν’
168 2064 317 2145 ακοόσας
330 2067 464 2154 τέρψιος
485 2066 705 2156 έμπιπλέει
670 2090 707 2137 το
729 2075 841 2156 σωμα,
862 2064 1026 2136 ὑπεναντί
1025 2091 1047 2132 α
1012 2065 1101 2133 ίδλ

92 2165 240 2238 τνότοισι
255 2161 403 2245 άκοόσας
416 2163 612 2236 άνοιδέει.”
591 2192 649 2235 οτε
661 2170 724 2253 μέν
736 2192 804 2235 νυν
820 2162 945 2255 χρηστά
960 2160 1101 2251 ποιήσας

34 2342 49 2359 ι
91 2265 187 2351 ἕτερα
203 2269 341 2331 τοιαῦτα
355 2264 566 2352 ἐπηγγέλλεο,
582 2254 789 2353 εὐεργεσίῃσι
804 2266 942 2352 βασιλέα
958 2258 1000 2329 οὐ
1014 2286 1100 2328 καυ-

92 2362 206 2452 χήσεαι
216 2358 478 2451 ὑπερβαλέσθαι,
498 2366 606 2432 ἐπειτε
614 2364 652 2433 δλ
659 2366 692 2443 ἐς
702 2390 740 2432 το
729 2360 991 2451 ἀναιδέστερον
1001 2359 1099 2448 ἐτρά-

30 2552 33 2555 *
92 2485 156 2528 πευ
163 2456 250 2547 ,τήν
263 2463 326 2546 μὲν
340 2457 437 2548 άξίην
451 2457 660 2549 οὑλάμψεαι,
675 2461 804 2531 ἐλάσσω
816 2462 905 2529 δλ
865 2487 923 2547 της
939 2456 1039 2545 άξίης.
1062 2457 1099 2524 σὲ

92 2554 208 2644 μὲν
168 2582 233 2643 γαρ
244 2558 301 2627 καλ
313 2555 393 2638 τοὺς
402 2562 560 2647 τέσσερας
570 2584 640 2627 των
649 2562 781 2627 παίδων
794 2557 910 2645 βόεται
926 2580 967 2623 τα
955 2552 1099 2641 ξείνια,

91 2682 152 2725 του
138 2658 238 2725 Ηδὲ
221 2653 311 2745 ενδς,
331 2682 392 2725 του
377 2658 571 2747 περιέχεαι
585 2656 738 2743 μάλιστα,
754 2662 795 2745 τῇ
809 2659 898 2742 ψυχή
910 2650 1096 2740 ζημιωσεαι

88 2742 144 2835 Ὡς
130 2754 196 2823 δὲ
210 2762 314 2823 ταῦτα
325 2752 546 2845 ὑπεκρίνατο,
561 2751 680 2824 αὐτίκα
694 2752 827 2823 ἐκέλευε
840 2765 925 2820 τοῖσι
939 2749 1096 2838 προσετέ-

90 2876 189 2921 τακτο
203 2858 308 2920 ταῦτα
322 2853 503 2942 πρήσσειν,
518 2879 587 2921 των
603 2858 741 2921 Πυθίου
759 2854 889 2920 παίδων
903 2848 1099 2934 ἐξευρόντας

90 2948 151 3019 τόν
172 2950 403 3039 πρεσβύτατον
423 2952 527 3040 μέσον
547 2956 736 3040 διαταμεῖν,
760 2949 981 3037 διαταμόντας
1001 2945 1094 3016 δὲ
1057 2974 1098 3015 τα

90 3045 235 3134 ἡμίτομα
250 3052 435 3136 διαθεῖναι,
449 3076 485 3119 το
475 3048 565 3138 μλν
578 3052 632 3119 ἐπί
645 3048 736 3131 δεξιά
751 3055 810 3136 τῆς
823 3045 923 3135 ὁδου,
941 3072 978 3113 το
967 3042 1084 3112 δ’έπ

91 3144 260 3234 άριστερα,
275 3151 331 3218 καλ
343 3174 448 3239 ταντη
459 3145 663 3229 διεξιεναι
628 3174 689 3217 τον
699 3146 852 3234 στρατον
874 3144 1141 3232 Ποιησάντωνςο

90 3246 128 3314 66
141 3245 273 3315 τούτων
287 3253 386 3317 τοῦτο
401 3245 483 3335 μετά
497 3254 602 3316 ταῦτα
618 3244 770 3334 διεξήιεό
787 3242 935 3333 στρατός.
956 3238 1098 3331 ἡγέοντο

89 3346 128 3414 δὲ
144 3370 271 3428 πρωτοι
285 3348 349 3434 μὲν
363 3351 397 3416 οί
412 3347 619 3434 σκευοφόροι
635 3373 672 3416 τε
687 3349 742 3415 καί
756 3371 797 3414 τα
785 3342 993 3431 ὑποζύγια,
1015 3339 1096 3430 μετά

89 3445 126 3514 δέ
138 3444 282 3527 τούτους
294 3443 434 3533 στρατός
448 3451 619 3515 παντοίων
633 3446 764 3514 ἐθνέων
780 3434 916 3528 άναμίξ,
932 3465 974 3509 ον
962 3435 1098 3510 ’διακε-
