<?xml version="1.0" encoding="UTF-8"?>
<!DOCTYPE html PUBLIC "-//W3C//DTD XHTML 1.0 Transitional//EN"
    "http://www.w3.org/TR/xhtml1/DTD/xhtml1-transitional.dtd">
<html xmlns="http://www.w3.org/1999/xhtml" xml:lang="en" lang="en">
 <head>
  <title>
</title>
<meta http-equiv="Content-Type" content="text/html;charset=utf-8" />
  <meta name='ocr-system' content='tesseract 3.04.00' />
  <meta name='ocr-capabilities' content='ocr_page ocr_carea ocr_par ocr_line ocrx_word'/>
</head>
<body>
  <div class='ocr_page' id='page_1' title='image "./herodotihistori00dietgoog_0577.png"; bbox 0 0 2500 3925; ppageno 0'>
   <div class='ocr_carea' id='block_1_1' title="bbox 280 225 1095 292">
    <p class='ocr_par' dir='ltr' id='par_1_1' title="bbox 280 225 1095 292">
     <span class='ocr_line' id='line_1_1' title="bbox 280 225 1095 292; baseline 0.017 -14"><span class='ocrx_word' id='word_1_1' title='bbox 280 260 290 278; x_wconf 76' lang='grc'><strong>.</strong></span> <span class='ocrx_word' id='word_1_2' title='bbox 352 225 833 290; x_wconf 61' lang='lat' dir='ltr'><strong><em>611³.wl.cA1&gt;.40—46.</em></strong></span> <span class='ocrx_word' id='word_1_3' title='bbox 1034 228 1095 292; x_wconf 80' lang='grc'><strong><em>145</em></strong></span> 
     </span>
    </p>
   </div>
   <div class='ocr_carea' id='block_1_2' title="bbox 84 376 1148 3602">
    <p class='ocr_par' dir='ltr' id='par_1_2' title="bbox 84 376 1145 2351">
     <span class='ocr_line' id='line_1_2' title="bbox 86 376 1094 508; baseline 0.003 -51"><span class='ocrx_word' id='word_1_4' title='bbox 86 384 244 458; x_wconf 72' lang='grc' dir='ltr'><strong><em>Καΐκου“</em></strong></span> <span class='ocrx_word' id='word_1_5' title='bbox 230 386 450 474; x_wconf 86' lang='grc' dir='ltr'><strong><em>ορμεύμενος,</em></strong></span> <span class='ocrx_word' id='word_1_6' title='bbox 465 384 581 470; x_wconf 85' lang='grc' dir='ltr'><strong><em>Κάνης</em></strong></span> <span class='ocrx_word' id='word_1_7' title='bbox 592 376 695 472; x_wconf 86' lang='grc' dir='ltr'><strong><em>ούρος</em></strong></span> <span class='ocrx_word' id='word_1_8' title='bbox 699 390 791 506; x_wconf 81' lang='grc' dir='ltr'><strong><em>ἐχριν</em></strong></span> <span class='ocrx_word' id='word_1_9' title='bbox 802 386 873 456; x_wconf 88' lang='grc' dir='ltr'><strong><em>ἐν’</em></strong></span> <span class='ocrx_word' id='word_1_10' title='bbox 854 399 1023 508; x_wconf 80' lang='grc' dir='ltr'><strong><em>αριστερῇ,</em></strong></span> <span class='ocrx_word' id='word_1_11' title='bbox 1038 395 1094 463; x_wconf 82' lang='grc' dir='ltr'><strong><em>διά</em></strong></span> 
     </span>
     <span class='ocr_line' id='line_1_3' title="bbox 86 478 1095 580; baseline 0.006 -27"><span class='ocrx_word' id='word_1_12' title='bbox 86 510 147 556; x_wconf 91' lang='grc' dir='ltr'><strong><em>του</em></strong></span> <span class='ocrx_word' id='word_1_13' title='bbox 132 483 329 572; x_wconf 78' lang='grc' dir='ltr'><strong><em>Ἀταρνέος</em></strong></span> <span class='ocrx_word' id='word_1_14' title='bbox 343 486 377 562; x_wconf 89' lang='grc' dir='ltr'><strong><em>ἐς</em></strong></span> <span class='ocrx_word' id='word_1_15' title='bbox 383 478 547 568; x_wconf 80' lang='grc' dir='ltr'><strong><em>Καρηνην</em></strong></span> <span class='ocrx_word' id='word_1_16' title='bbox 554 479 707 568; x_wconf 86' lang='grc' dir='ltr'><strong><em>πόλιυ,’</em></strong></span> <span class='ocrx_word' id='word_1_17' title='bbox 687 507 754 551; x_wconf 92' lang='grc' dir='ltr'><strong><em>απυ</em></strong></span> <span class='ocrx_word' id='word_1_18' title='bbox 742 480 807 554; x_wconf 74' lang='grc' dir='ltr'><strong><em>δέ</em></strong></span> <span class='ocrx_word' id='word_1_19' title='bbox 818 488 941 576; x_wconf 79' lang='grc' dir='ltr'><strong><em>ταύτης</em></strong></span> <span class='ocrx_word' id='word_1_20' title='bbox 956 489 1010 559; x_wconf 81' lang='grc' dir='ltr'><strong><em>διὰ</em></strong></span> <span class='ocrx_word' id='word_1_21' title='bbox 1023 491 1095 580; x_wconf 77' lang='grc' dir='ltr'><strong><em>Θή-</em></strong></span> 
     </span>
     <span class='ocr_line' id='line_1_4' title="bbox 85 577 1095 671; baseline 0.004 -19"><span class='ocrx_word' id='word_1_22' title='bbox 85 592 147 671; x_wconf 89' lang='grc' dir='ltr'><strong><em>βης</em></strong></span> <span class='ocrx_word' id='word_1_23' title='bbox 161 588 279 652; x_wconf 87' lang='grc' dir='ltr'><strong><em>πεδίου</em></strong></span> <span class='ocrx_word' id='word_1_24' title='bbox 294 580 491 666; x_wconf 78' lang='grc' dir='ltr'><strong><em>ἐπορεύετο,</em></strong></span> <span class='ocrx_word' id='word_1_25' title='bbox 509 577 765 668; x_wconf 87' lang='grc' dir='ltr'><strong><em>Ἀτραμύττειύν</em></strong></span> <span class='ocrx_word' id='word_1_26' title='bbox 781 609 817 651; x_wconf 92' lang='grc' dir='ltr'><strong><em>τε</em></strong></span> <span class='ocrx_word' id='word_1_27' title='bbox 832 585 932 656; x_wconf 82' lang='grc' dir='ltr'><strong><em>πόλιν</em></strong></span> <span class='ocrx_word' id='word_1_28' title='bbox 946 586 1030 656; x_wconf 55' lang='lat' dir='ltr'><strong><em>aar</em></strong></span> <span class='ocrx_word' id='word_1_29' title='bbox 1021 597 1095 656; x_wconf 84' lang='lat' dir='ltr'><strong><em>Av-</em></strong></span> 
     </span>
     <span class='ocr_line' id='line_1_5' title="bbox 85 677 1094 803; baseline 0.007 -54"><span class='ocrx_word' id='word_1_30' title='bbox 85 685 233 803; x_wconf 84' lang='grc' dir='ltr'><strong><em>τανδρον</em></strong></span> <span class='ocrx_word' id='word_1_31' title='bbox 251 677 314 769; x_wconf 76' lang='grc' dir='ltr'><strong><em>τὴν</em></strong></span> <span class='ocrx_word' id='word_1_32' title='bbox 333 683 524 765; x_wconf 75' lang='grc' dir='ltr'><strong><em>Πελασγίδα</em></strong></span> <span class='ocrx_word' id='word_1_33' title='bbox 540 680 846 802; x_wconf 80' lang='grc' dir='ltr'><strong><em>παραμειβόμενος·</em></strong></span> <span class='ocrx_word' id='word_1_34' title='bbox 868 709 930 771; x_wconf 95' lang='grc' dir='ltr'><strong><em>την</em></strong></span> <span class='ocrx_word' id='word_1_35' title='bbox 942 683 1038 773; x_wconf 82' lang='grc' dir='ltr'><strong><em>’Ἰδην</em></strong></span> <span class='ocrx_word' id='word_1_36' title='bbox 1058 689 1094 756; x_wconf 74' lang='grc' dir='ltr'><strong><em>δὲ</em></strong></span> 
     </span>
     <span class='ocr_line' id='line_1_6' title="bbox 85 777 1095 902; baseline 0.008 -52"><span class='ocrx_word' id='word_1_37' title='bbox 85 778 200 870; x_wconf 83' lang='grc' dir='ltr'><strong><em>λαβάν</em></strong></span> <span class='ocrx_word' id='word_1_38' title='bbox 219 778 289 860; x_wconf 88' lang='grc' dir='ltr'><strong><em>ἐς’</em></strong></span> <span class='ocrx_word' id='word_1_39' title='bbox 269 778 449 902; x_wconf 77' lang='grc' dir='ltr'><strong><em>αριστερην</em></strong></span> <span class='ocrx_word' id='word_1_40' title='bbox 469 794 563 866; x_wconf 81' lang='grc' dir='ltr'><strong><em>χεῖρα</em></strong></span> <span class='ocrx_word' id='word_1_41' title='bbox 582 777 635 866; x_wconf 82' lang='grc' dir='ltr'><strong><em>ἤιε</em></strong></span> <span class='ocrx_word' id='word_1_42' title='bbox 654 777 744 859; x_wconf 87' lang='grc' dir='ltr'><strong><em>ἐς</em></strong></span> <span class='ocrx_word' id='word_1_43' title='bbox 708 806 771 867; x_wconf 90' lang='grc' dir='ltr'><strong><em>την</em></strong></span> <span class='ocrx_word' id='word_1_44' title='bbox 795 779 917 852; x_wconf 86' lang='grc' dir='ltr'><strong><em>Ἰλιάδα</em></strong></span> <span class='ocrx_word' id='word_1_45' title='bbox 937 793 1095 875; x_wconf 75' lang='grc' dir='ltr'><strong><em>γῆνκαὶ</em></strong></span> 
     </span>
     <span class='ocr_line' id='line_1_7' title="bbox 85 875 1095 972; baseline 0.007 -24"><span class='ocrx_word' id='word_1_46' title='bbox 85 886 200 967; x_wconf 79' lang='grc' dir='ltr'><strong><em>πρῶτα</em></strong></span> <span class='ocrx_word' id='word_1_47' title='bbox 214 882 277 964; x_wconf 81' lang='grc' dir='ltr'><strong><em>μέν</em></strong></span> <span class='ocrx_word' id='word_1_48' title='bbox 290 876 355 946; x_wconf 83' lang='lat' dir='ltr'><strong><em>oc‘</em></strong></span> <span class='ocrx_word' id='word_1_49' title='bbox 337 877 404 947; x_wconf 86' lang='grc' dir='ltr'><strong><em>υπό</em></strong></span> <span class='ocrx_word' id='word_1_50' title='bbox 417 905 459 968; x_wconf 86' lang='grc' dir='ltr'><strong><em>τη</em></strong></span> <span class='ocrx_word' id='word_1_51' title='bbox 444 877 536 967; x_wconf 78' lang='grc' dir='ltr'><strong><em>’Ἴδη</em></strong></span> <span class='ocrx_word' id='word_1_52' title='bbox 549 877 656 946; x_wconf 88' lang='grc' dir='ltr'><strong><em>νύκτα</em></strong></span> <span class='ocrx_word' id='word_1_53' title='bbox 671 875 888 966; x_wconf 78' lang='grc' dir='ltr'><strong><em>ἀναμείναντι</em></strong></span> <span class='ocrx_word' id='word_1_54' title='bbox 905 891 1047 972; x_wconf 86' lang='grc' dir='ltr'><strong><em>βρονταί</em></strong></span> <span class='ocrx_word' id='word_1_55' title='bbox 1059 913 1095 954; x_wconf 90' lang='grc' dir='ltr'><strong><em>τε</em></strong></span> 
     </span>
     <span class='ocr_line' id='line_1_8' title="bbox 85 977 1095 1096; baseline 0.007 -51"><span class='ocrx_word' id='word_1_56' title='bbox 85 980 142 1046; x_wconf 78' lang='grc' dir='ltr'><strong><em>καὶ</em></strong></span> <span class='ocrx_word' id='word_1_57' title='bbox 134 984 340 1096; x_wconf 70' lang='grc' dir='ltr'><strong><em>πρηστῆρες</em></strong></span> <span class='ocrx_word' id='word_1_58' title='bbox 354 980 608 1062; x_wconf 87' lang='grc' dir='ltr'><strong><em>ἐπεσπίπτουσι,</em></strong></span> <span class='ocrx_word' id='word_1_59' title='bbox 624 983 685 1045; x_wconf 90' lang='grc' dir='ltr'><strong><em>καί</em></strong></span> <span class='ocrx_word' id='word_1_60' title='bbox 694 1003 770 1046; x_wconf 90' lang='grc' dir='ltr'><strong><em>τινα</em></strong></span> <span class='ocrx_word' id='word_1_61' title='bbox 788 977 897 1049; x_wconf 81' lang='grc' dir='ltr'><strong><em>αύτού</em></strong></span> <span class='ocrx_word' id='word_1_62' title='bbox 907 985 1012 1072; x_wconf 84' lang='grc' dir='ltr'><strong><em>ταύτη</em></strong></span> <span class='ocrx_word' id='word_1_63' title='bbox 1032 1003 1095 1052; x_wconf 87' lang='grc' dir='ltr'><strong><em>ου-</em></strong></span> 
     </span>
     <span class='ocr_line' id='line_1_9' title="bbox 84 1072 1145 1168; baseline 0.01 -27"><span class='ocrx_word' id='word_1_64' title='bbox 84 1099 168 1164; x_wconf 74' lang='grc' dir='ltr'><strong><em>ηνον</em></strong></span> <span class='ocrx_word' id='word_1_65' title='bbox 179 1072 297 1160; x_wconf 87' lang='grc' dir='ltr'><strong><em>ομιλον</em></strong></span> <span class='ocrx_word' id='word_1_66' title='bbox 307 1078 517 1163; x_wconf 86' lang='grc' dir='ltr'><strong><em>διέφθειραν</em></strong></span> <span class='ocrx_word' id='word_1_67' title='bbox 534 1073 755 1160; x_wconf 87' lang='grc' dir='ltr'><strong><em>Απικομένου</em></strong></span> <span class='ocrx_word' id='word_1_68' title='bbox 766 1076 802 1145; x_wconf 77' lang='lat'><strong><em>66</em></strong></span> <span class='ocrx_word' id='word_1_69' title='bbox 813 1103 874 1146; x_wconf 92' lang='grc' dir='ltr'><strong><em>του</em></strong></span> <span class='ocrx_word' id='word_1_70' title='bbox 884 1088 1029 1168; x_wconf 86' lang='grc' dir='ltr'><strong><em>στρατου</em></strong></span> <span class='ocrx_word' id='word_1_71' title='bbox 1040 1083 1094 1150; x_wconf 73' lang='grc' dir='ltr'><strong><em>ἐπὶ</em></strong></span> <span class='ocrx_word' id='word_1_72' title='bbox 1108 1097 1145 1154; x_wconf 71' lang='grc'><strong><em>43</em></strong></span> 
     </span>
     <span class='ocr_line' id='line_1_10' title="bbox 85 1171 1095 1267; baseline 0.008 -25"><span class='ocrx_word' id='word_1_73' title='bbox 85 1171 146 1242; x_wconf 87' lang='grc' dir='ltr'><strong><em>τδν</em></strong></span> <span class='ocrx_word' id='word_1_74' title='bbox 159 1173 438 1261; x_wconf 37' lang='grc' dir='ltr'><strong><em>Σκάμανδρονῇ</em></strong></span> <span class='ocrx_word' id='word_1_75' title='bbox 417 1201 456 1258; x_wconf 88' lang='grc' dir='ltr'><strong><em>ος</em></strong></span> <span class='ocrx_word' id='word_1_76' title='bbox 471 1181 603 1261; x_wconf 81' lang='grc' dir='ltr'><strong><em>πρῶτος</em></strong></span> <span class='ocrx_word' id='word_1_77' title='bbox 620 1181 797 1262; x_wconf 76' lang='grc' dir='ltr'><strong><em>ποταμῶν,</em></strong></span> <span class='ocrx_word' id='word_1_78' title='bbox 821 1176 930 1247; x_wconf 80' lang='grc' dir='ltr'><strong><em>ἐπείτε</em></strong></span> <span class='ocrx_word' id='word_1_79' title='bbox 950 1181 986 1248; x_wconf 86' lang='grc' dir='ltr'><strong><em>ἐκ</em></strong></span> <span class='ocrx_word' id='word_1_80' title='bbox 999 1187 1095 1267; x_wconf 85' lang='grc' dir='ltr'><strong><em>Σαρ-</em></strong></span> 
     </span>
     <span class='ocr_line' id='line_1_11' title="bbox 85 1269 1095 1363; baseline 0.005 -23"><span class='ocrx_word' id='word_1_81' title='bbox 85 1277 169 1341; x_wconf 86' lang='grc' dir='ltr'><strong><em>δίων</em></strong></span> <span class='ocrx_word' id='word_1_82' title='bbox 186 1269 390 1359; x_wconf 74' lang='grc' dir='ltr'><strong><em>ὁρμηθέντες</em></strong></span> <span class='ocrx_word' id='word_1_83' title='bbox 410 1275 628 1359; x_wconf 81' lang='grc' dir='ltr'><strong><em>ἐπεχείρησαν</em></strong></span> <span class='ocrx_word' id='word_1_84' title='bbox 646 1297 687 1361; x_wconf 88' lang='grc' dir='ltr'><strong><em>τη</em></strong></span> <span class='ocrx_word' id='word_1_85' title='bbox 672 1269 789 1363; x_wconf 79' lang='grc' dir='ltr'><strong><em>ὁδῷ,</em></strong></span> <span class='ocrx_word' id='word_1_86' title='bbox 811 1274 999 1344; x_wconf 75' lang='grc' dir='ltr'><strong><em>ἐπέλιπε</em></strong></span> <span class='ocrx_word' id='word_1_87' title='bbox 964 1302 1001 1345; x_wconf 93' lang='grc' dir='ltr'><strong><em>το</em></strong></span> <span class='ocrx_word' id='word_1_88' title='bbox 1022 1280 1095 1362; x_wconf 74' lang='grc' dir='ltr'><strong><em>ῥέε-</em></strong></span> 
     </span>
     <span class='ocr_line' id='line_1_12' title="bbox 85 1365 1096 1464; baseline 0.004 -26"><span class='ocrx_word' id='word_1_89' title='bbox 85 1381 176 1456; x_wconf 91' lang='grc' dir='ltr'><strong><em>θρον</em></strong></span> <span class='ocrx_word' id='word_1_90' title='bbox 190 1365 265 1437; x_wconf 75' lang='grc' dir='ltr'><strong><em>οὐδ’</em></strong></span> <span class='ocrx_word' id='word_1_91' title='bbox 280 1366 445 1458; x_wconf 81' lang='grc' dir='ltr'><strong><em>άπέηρησε</em></strong></span> <span class='ocrx_word' id='word_1_92' title='bbox 458 1376 499 1459; x_wconf 77' lang='grc' dir='ltr'><strong><em>τῇ</em></strong></span> <span class='ocrx_word' id='word_1_93' title='bbox 513 1377 651 1459; x_wconf 73' lang='grc' dir='ltr'><strong><em>στρατιῇ</em></strong></span> <span class='ocrx_word' id='word_1_94' title='bbox 664 1395 700 1440; x_wconf 87' lang='grc' dir='ltr'><strong><em>τε</em></strong></span> <span class='ocrx_word' id='word_1_95' title='bbox 717 1374 773 1440; x_wconf 84' lang='grc' dir='ltr'><strong><em>καλ</em></strong></span> <span class='ocrx_word' id='word_1_96' title='bbox 786 1387 872 1442; x_wconf 84' lang='grc' dir='ltr'><strong><em>τοῖσι</em></strong></span> <span class='ocrx_word' id='word_1_97' title='bbox 889 1375 1024 1464; x_wconf 80' lang='grc' dir='ltr'><strong><em>κτήνεσι</em></strong></span> <span class='ocrx_word' id='word_1_98' title='bbox 1037 1400 1096 1442; x_wconf 80' lang='grc' dir='ltr'><strong><em>πι-</em></strong></span> 
     </span>
     <span class='ocr_line' id='line_1_13' title="bbox 87 1465 1094 1560; baseline 0.005 -24"><span class='ocrx_word' id='word_1_99' title='bbox 87 1468 246 1554; x_wconf 87' lang='grc' dir='ltr'><strong><em>νόμενος,</em></strong></span> <span class='ocrx_word' id='word_1_100' title='bbox 262 1468 315 1536; x_wconf 80' lang='grc' dir='ltr'><strong><em>ἐπὶ</em></strong></span> <span class='ocrx_word' id='word_1_101' title='bbox 329 1474 452 1536; x_wconf 81' lang='grc' dir='ltr'><strong><em>τοῦτον</em></strong></span> <span class='ocrx_word' id='word_1_102' title='bbox 467 1465 581 1555; x_wconf 78' lang='grc' dir='ltr'><strong><em>δητόν</em></strong></span> <span class='ocrx_word' id='word_1_103' title='bbox 591 1465 744 1557; x_wconf 82' lang='grc' dir='ltr'><strong><em>ποταμὸν</em></strong></span> <span class='ocrx_word' id='word_1_104' title='bbox 756 1467 801 1549; x_wconf 82' lang='grc' dir='ltr'><strong><em>ὡς</em></strong></span> <span class='ocrx_word' id='word_1_105' title='bbox 815 1467 949 1540; x_wconf 77' lang='grc' dir='ltr'><strong><em>ἀπίκετο</em></strong></span> <span class='ocrx_word' id='word_1_106' title='bbox 961 1473 1094 1560; x_wconf 76' lang='grc' dir='ltr'><strong><em>Ξέρξης,</em></strong></span> 
     </span>
     <span class='ocr_line' id='line_1_14' title="bbox 86 1564 1093 1658; baseline 0.004 -24"><span class='ocrx_word' id='word_1_107' title='bbox 86 1571 121 1645; x_wconf 86' lang='grc' dir='ltr'><strong><em>ἐς</em></strong></span> <span class='ocrx_word' id='word_1_108' title='bbox 135 1564 173 1634; x_wconf 84' lang='grc' dir='ltr'><strong><em>τὸ</em></strong></span> <span class='ocrx_word' id='word_1_109' title='bbox 183 1567 342 1654; x_wconf 80' lang='grc' dir='ltr'><strong><em>Πριάμου</em></strong></span> <span class='ocrx_word' id='word_1_110' title='bbox 352 1570 533 1656; x_wconf 76' lang='grc' dir='ltr'><strong><em>Πέργαμον</em></strong></span> <span class='ocrx_word' id='word_1_111' title='bbox 543 1567 648 1656; x_wconf 87' lang='grc' dir='ltr'><strong><em>άνέβη</em></strong></span> <span class='ocrx_word' id='word_1_112' title='bbox 659 1572 778 1655; x_wconf 79' lang='grc' dir='ltr'><strong><em>ἵμερον</em></strong></span> <span class='ocrx_word' id='word_1_113' title='bbox 788 1574 873 1656; x_wconf 76' lang='grc' dir='ltr'><strong><em>ἐχειν</em></strong></span> <span class='ocrx_word' id='word_1_114' title='bbox 887 1571 1093 1658; x_wconf 84' lang='grc' dir='ltr'><strong><em>θηήσασθαι.</em></strong></span> 
     </span>
     <span class='ocr_line' id='line_1_15' title="bbox 87 1662 1095 1760; baseline 0.002 -24"><span class='ocrx_word' id='word_1_115' title='bbox 87 1662 303 1754; x_wconf 86' lang='grc' dir='ltr'><strong><em>θηησάμενος</em></strong></span> <span class='ocrx_word' id='word_1_116' title='bbox 319 1671 355 1736; x_wconf 74' lang='grc' dir='ltr'><strong><em>δὲ</em></strong></span> <span class='ocrx_word' id='word_1_117' title='bbox 368 1671 425 1738; x_wconf 79' lang='grc' dir='ltr'><strong><em>καί</em></strong></span> <span class='ocrx_word' id='word_1_118' title='bbox 438 1669 636 1754; x_wconf 75' lang='grc' dir='ltr'><strong><em>πυθόμενος</em></strong></span> <span class='ocrx_word' id='word_1_119' title='bbox 652 1671 792 1738; x_wconf 81' lang='grc' dir='ltr'><strong><em>ἐκείνων</em></strong></span> <span class='ocrx_word' id='word_1_120' title='bbox 807 1672 928 1739; x_wconf 81' lang='grc' dir='ltr'><strong><em>ἕκαστα</em></strong></span> <span class='ocrx_word' id='word_1_121' title='bbox 942 1677 983 1760; x_wconf 83' lang='grc' dir='ltr'><strong><em>τῇ</em></strong></span> <span class='ocrx_word' id='word_1_122' title='bbox 994 1667 1095 1756; x_wconf 87' lang='grc' dir='ltr'><strong><em>Ἀθη-</em></strong></span> 
     </span>
     <span class='ocr_line' id='line_1_16' title="bbox 87 1763 1095 1857; baseline 0 -22"><span class='ocrx_word' id='word_1_123' title='bbox 87 1777 166 1856; x_wconf 83' lang='grc' dir='ltr'><strong><em>ναίη</em></strong></span> <span class='ocrx_word' id='word_1_124' title='bbox 178 1774 220 1855; x_wconf 79' lang='grc' dir='ltr'><strong><em>τῇ</em></strong></span> <span class='ocrx_word' id='word_1_125' title='bbox 230 1763 343 1836; x_wconf 78' lang='grc' dir='ltr'><strong><em>Ἰλιάδι</em></strong></span> <span class='ocrx_word' id='word_1_126' title='bbox 358 1772 462 1838; x_wconf 84' lang='grc' dir='ltr'><strong><em>ίθυσε</em></strong></span> <span class='ocrx_word' id='word_1_127' title='bbox 475 1775 559 1856; x_wconf 88' lang='grc' dir='ltr'><strong><em>βούς</em></strong></span> <span class='ocrx_word' id='word_1_128' title='bbox 572 1775 695 1856; x_wconf 87' lang='grc' dir='ltr'><strong><em>χιλίας,</em></strong></span> <span class='ocrx_word' id='word_1_129' title='bbox 710 1767 790 1856; x_wconf 78' lang='grc' dir='ltr'><strong><em>γοδς</em></strong></span> <span class='ocrx_word' id='word_1_130' title='bbox 801 1771 838 1837; x_wconf 79' lang='grc' dir='ltr'><strong><em>δὲ</em></strong></span> <span class='ocrx_word' id='word_1_131' title='bbox 850 1775 884 1838; x_wconf 79' lang='lat' dir='ltr'><strong><em>oc</em></strong></span> <span class='ocrx_word' id='word_1_132' title='bbox 895 1771 997 1857; x_wconf 86' lang='grc' dir='ltr'><strong><em>μάγοι</em></strong></span> <span class='ocrx_word' id='word_1_133' title='bbox 1010 1782 1095 1838; x_wconf 77' lang='grc' dir='ltr'><strong><em>τολσι</em></strong></span> 
     </span>
     <span class='ocr_line' id='line_1_17' title="bbox 87 1865 1097 1955; baseline -0.001 -20"><span class='ocrx_word' id='word_1_134' title='bbox 87 1866 194 1955; x_wconf 75' lang='grc' dir='ltr'><strong><em>ἣρωσι</em></strong></span> <span class='ocrx_word' id='word_1_135' title='bbox 208 1867 351 1952; x_wconf 66' lang='grc' dir='ltr'><strong><em>ἐχέαντο.</em></strong></span> <span class='ocrx_word' id='word_1_136' title='bbox 374 1873 478 1936; x_wconf 77' lang='grc' dir='ltr'><strong><em>ταῦτα</em></strong></span> <span class='ocrx_word' id='word_1_137' title='bbox 490 1868 527 1938; x_wconf 74' lang='grc' dir='ltr'><strong><em>δὲ</em></strong></span> <span class='ocrx_word' id='word_1_138' title='bbox 537 1869 793 1955; x_wconf 88' lang='grc' dir='ltr'><strong><em>ποιησαμένοισι</em></strong></span> <span class='ocrx_word' id='word_1_139' title='bbox 807 1865 930 1946; x_wconf 83' lang='grc' dir='ltr'><strong><em>νυκτὸς</em></strong></span> <span class='ocrx_word' id='word_1_140' title='bbox 945 1866 1052 1954; x_wconf 80' lang='grc' dir='ltr'><strong><em>φόβος</em></strong></span> <span class='ocrx_word' id='word_1_141' title='bbox 1063 1868 1097 1944; x_wconf 84' lang='grc' dir='ltr'><strong><em>ἐς</em></strong></span> 
     </span>
     <span class='ocr_line' id='line_1_18' title="bbox 90 1964 1095 2056; baseline -0.001 -22"><span class='ocrx_word' id='word_1_142' title='bbox 90 1964 126 2035; x_wconf 82' lang='grc' dir='ltr'><strong><em>τὸ</em></strong></span> <span class='ocrx_word' id='word_1_143' title='bbox 138 1965 365 2052; x_wconf 81' lang='grc' dir='ltr'><strong><em>στρατόπεδον</em></strong></span> <span class='ocrx_word' id='word_1_144' title='bbox 376 1968 519 2035; x_wconf 88' lang='grc' dir='ltr'><strong><em>ἐνέπεσε.</em></strong></span> <span class='ocrx_word' id='word_1_145' title='bbox 536 1965 606 2053; x_wconf 81' lang='grc' dir='ltr'><strong><em>ἅμα</em></strong></span> <span class='ocrx_word' id='word_1_146' title='bbox 616 1965 723 2056; x_wconf 83' lang='grc' dir='ltr'><strong><em>ἡμέρη</em></strong></span> <span class='ocrx_word' id='word_1_147' title='bbox 735 1965 771 2035; x_wconf 70' lang='grc' dir='ltr'><strong><em>δὲ</em></strong></span> <span class='ocrx_word' id='word_1_148' title='bbox 782 1968 960 2051; x_wconf 83' lang='grc' dir='ltr'><strong><em>ἐπορεύετο</em></strong></span> <span class='ocrx_word' id='word_1_149' title='bbox 972 1968 1095 2033; x_wconf 84' lang='grc' dir='ltr'><strong><em>ἐνθεῦ-</em></strong></span> 
     </span>
     <span class='ocr_line' id='line_1_19' title="bbox 87 2058 1095 2153; baseline -0.001 -22"><span class='ocrx_word' id='word_1_150' title='bbox 87 2088 155 2150; x_wconf 88' lang='grc' dir='ltr'><strong><em>τεν,</em></strong></span> <span class='ocrx_word' id='word_1_151' title='bbox 171 2064 209 2131; x_wconf 85' lang='grc' dir='ltr'><strong><em>ἐν</em></strong></span> <span class='ocrx_word' id='word_1_152' title='bbox 220 2058 377 2153; x_wconf 75' lang='grc' dir='ltr'><strong><em>ἀριστερῇ</em></strong></span> <span class='ocrx_word' id='word_1_153' title='bbox 387 2062 450 2149; x_wconf 66' lang='grc' dir='ltr'><strong><em>μὲν</em></strong></span> <span class='ocrx_word' id='word_1_154' title='bbox 460 2061 617 2152; x_wconf 81' lang='grc' dir='ltr'><strong><em>άπέργιυν</em></strong></span> <span class='ocrx_word' id='word_1_155' title='bbox 625 2064 782 2135; x_wconf 85' lang='grc' dir='ltr'><strong><em>Ῥοίτειον</em></strong></span> <span class='ocrx_word' id='word_1_156' title='bbox 792 2065 892 2136; x_wconf 88' lang='grc' dir='ltr'><strong><em>πόλιν</em></strong></span> <span class='ocrx_word' id='word_1_157' title='bbox 903 2066 959 2133; x_wconf 80' lang='grc' dir='ltr'><strong><em>καὶ</em></strong></span> <span class='ocrx_word' id='word_1_158' title='bbox 968 2060 1095 2149; x_wconf 86' lang='grc' dir='ltr'><strong><em>Ὀφρύ-</em></strong></span> 
     </span>
     <span class='ocr_line' id='line_1_20' title="bbox 88 2160 1094 2257; baseline -0.003 -26"><span class='ocrx_word' id='word_1_159' title='bbox 88 2188 183 2231; x_wconf 87' lang='grc' dir='ltr'><strong><em>νειον</em></strong></span> <span class='ocrx_word' id='word_1_160' title='bbox 196 2163 252 2231; x_wconf 82' lang='grc' dir='ltr'><strong><em>καὶ</em></strong></span> <span class='ocrx_word' id='word_1_161' title='bbox 265 2163 467 2252; x_wconf 87' lang='grc' dir='ltr'><strong><em>Δάρδανον,</em></strong></span> <span class='ocrx_word' id='word_1_162' title='bbox 497 2160 582 2252; x_wconf 84' lang='grc' dir='ltr'><strong><em>ἥπερ</em></strong></span> <span class='ocrx_word' id='word_1_163' title='bbox 601 2162 643 2251; x_wconf 78' lang='grc' dir='ltr'><strong><em>δὴ</em></strong></span> <span class='ocrx_word' id='word_1_164' title='bbox 656 2162 785 2257; x_wconf 74' lang='grc' dir='ltr'><strong><em>Ἀβύδῳ</em></strong></span> <span class='ocrx_word' id='word_1_165' title='bbox 800 2161 948 2252; x_wconf 84' lang='grc' dir='ltr'><strong><em>ὄμονρός</em></strong></span> <span class='ocrx_word' id='word_1_166' title='bbox 962 2163 1042 2248; x_wconf 84' lang='grc' dir='ltr'><strong><em>ἐστι,</em></strong></span> <span class='ocrx_word' id='word_1_167' title='bbox 1057 2162 1094 2229; x_wconf 76' lang='grc' dir='ltr'><strong><em>ἐν</em></strong></span> 
     </span>
     <span class='ocr_line' id='line_1_21' title="bbox 87 2260 611 2351; baseline 0.006 -22"><span class='ocrx_word' id='word_1_168' title='bbox 87 2264 180 2350; x_wconf 73' lang='grc' dir='ltr'><strong><em>δεξιῇ</em></strong></span> <span class='ocrx_word' id='word_1_169' title='bbox 194 2260 232 2329; x_wconf 75' lang='grc' dir='ltr'><strong><em>δὲ</em></strong></span> <span class='ocrx_word' id='word_1_170' title='bbox 246 2262 414 2349; x_wconf 77' lang='grc' dir='ltr'><strong><em>Γέργιθας</em></strong></span> <span class='ocrx_word' id='word_1_171' title='bbox 431 2263 611 2351; x_wconf 85' lang='grc' dir='ltr'><strong><em>Τευκρούς.</em></strong></span> 
     </span>
    </p>

    <p class='ocr_par' dir='ltr' id='par_1_3' title="bbox 88 2357 1148 3539">
     <span class='ocr_line' id='line_1_22' title="bbox 167 2357 1144 2453; baseline -0.004 -20"><span class='ocrx_word' id='word_1_172' title='bbox 167 2358 256 2433; x_wconf 74' lang='grc' dir='ltr'><strong><em>Ἐπεί</em></strong></span> <span class='ocrx_word' id='word_1_173' title='bbox 266 2357 297 2428; x_wconf 91' lang='grc' dir='ltr'><strong><em>δ’</em></strong></span> <span class='ocrx_word' id='word_1_174' title='bbox 310 2364 466 2447; x_wconf 83' lang='grc' dir='ltr'><strong><em>ἐγένοντο</em></strong></span> <span class='ocrx_word' id='word_1_175' title='bbox 477 2364 515 2429; x_wconf 87' lang='grc' dir='ltr'><strong><em>ἐν</em></strong></span> <span class='ocrx_word' id='word_1_176' title='bbox 525 2358 667 2453; x_wconf 83' lang='grc' dir='ltr'><strong><em>Ἀβύδρε,</em></strong></span> <span class='ocrx_word' id='word_1_177' title='bbox 677 2360 823 2449; x_wconf 79' lang='grc' dir='ltr'><strong><em>ἠθέλησε</em></strong></span> <span class='ocrx_word' id='word_1_178' title='bbox 829 2365 951 2449; x_wconf 74' lang='grc' dir='ltr'><strong><em>Ξέρξης</em></strong></span> <span class='ocrx_word' id='word_1_179' title='bbox 962 2366 1096 2430; x_wconf 77' lang='grc' dir='ltr'><strong><em>ἰδέσθαι</em></strong></span> <span class='ocrx_word' id='word_1_180' title='bbox 1110 2376 1144 2429; x_wconf 79' lang='grc'><strong><em>44</em></strong></span> 
     </span>
     <span class='ocr_line' id='line_1_23' title="bbox 88 2456 1096 2546; baseline -0.006 -17"><span class='ocrx_word' id='word_1_181' title='bbox 88 2474 197 2529; x_wconf 82' lang='grc' dir='ltr'><strong><em>πάντα</em></strong></span> <span class='ocrx_word' id='word_1_182' title='bbox 210 2456 272 2525; x_wconf 82' lang='grc' dir='ltr'><strong><em>τδν</em></strong></span> <span class='ocrx_word' id='word_1_183' title='bbox 286 2459 440 2545; x_wconf 87' lang='grc' dir='ltr'><strong><em>στρατόν.</em></strong></span> <span class='ocrx_word' id='word_1_184' title='bbox 462 2461 519 2527; x_wconf 81' lang='grc' dir='ltr'><strong><em>καλ</em></strong></span> <span class='ocrx_word' id='word_1_185' title='bbox 531 2466 778 2546; x_wconf 80' lang='grc' dir='ltr'><strong><em>προεπεποίητο</em></strong></span> <span class='ocrx_word' id='word_1_186' title='bbox 793 2456 858 2545; x_wconf 80' lang='grc' dir='ltr'><strong><em>γάρ</em></strong></span> <span class='ocrx_word' id='word_1_187' title='bbox 875 2460 926 2525; x_wconf 75' lang='grc' dir='ltr'><strong><em>ἐπὶ</em></strong></span> <span class='ocrx_word' id='word_1_188' title='bbox 942 2464 1096 2525; x_wconf 80' lang='grc' dir='ltr'><strong><em>κολωνοῦ</em></strong></span> 
     </span>
     <span class='ocr_line' id='line_1_24' title="bbox 89 2555 1097 2649; baseline -0.005 -20"><span class='ocrx_word' id='word_1_189' title='bbox 89 2563 237 2647; x_wconf 86' lang='grc' dir='ltr'><strong><em>ἐπίτηδες</em></strong></span> <span class='ocrx_word' id='word_1_190' title='bbox 248 2555 354 2627; x_wconf 86' lang='grc' dir='ltr'><strong><em>αύτοῦ</em></strong></span> <span class='ocrx_word' id='word_1_191' title='bbox 364 2560 469 2648; x_wconf 88' lang='grc' dir='ltr'><strong><em>ταύτη</em></strong></span> <span class='ocrx_word' id='word_1_192' title='bbox 480 2564 664 2649; x_wconf 77' lang='grc' dir='ltr'><strong><em>προεξέδρη</em></strong></span> <span class='ocrx_word' id='word_1_193' title='bbox 677 2568 780 2631; x_wconf 87' lang='grc' dir='ltr'><strong><em>λίθου</em></strong></span> <span class='ocrx_word' id='word_1_194' title='bbox 790 2565 915 2627; x_wconf 84' lang='grc' dir='ltr'><strong><em>λευκοῦ</em></strong></span> <span class='ocrx_word' id='word_1_195' title='bbox 928 2561 1097 2645; x_wconf 83' lang='grc' dir='ltr'><strong><em>’ἐποίησαν</em></strong></span> 
     </span>
     <span class='ocr_line' id='line_1_25' title="bbox 89 2660 1096 2750; baseline -0.01 -15"><span class='ocrx_word' id='word_1_196' title='bbox 89 2666 126 2735; x_wconf 73' lang='grc' dir='ltr'><strong><em>δέ</em></strong></span> <span class='ocrx_word' id='word_1_197' title='bbox 137 2660 315 2750; x_wconf 82' lang='grc' dir='ltr'><strong><em>Ἀβυδηνοὶ</em></strong></span> <span class='ocrx_word' id='word_1_198' title='bbox 326 2662 561 2747; x_wconf 85' lang='grc' dir='ltr'><strong><em>έντειλαμένου</em></strong></span> <span class='ocrx_word' id='word_1_199' title='bbox 575 2661 741 2749; x_wconf 87' lang='grc' dir='ltr'><strong><em>πρότερον</em></strong></span> <span class='ocrx_word' id='word_1_200' title='bbox 753 2663 916 2748; x_wconf 81' lang='grc' dir='ltr'><strong><em>βασιλέος·</em></strong></span> <span class='ocrx_word' id='word_1_201' title='bbox 947 2662 1096 2737; x_wconf 82' lang='grc' dir='ltr'><strong><em>ἐνθαῦτα</em></strong></span> 
     </span>
     <span class='ocr_line' id='line_1_26' title="bbox 89 2754 1097 2848; baseline -0.006 -18"><span class='ocrx_word' id='word_1_202' title='bbox 89 2761 134 2841; x_wconf 74' lang='grc' dir='ltr'><strong><em>ὦς</em></strong></span> <span class='ocrx_word' id='word_1_203' title='bbox 147 2764 243 2847; x_wconf 71' lang='grc' dir='ltr'><strong><em>ἵζετο,</em></strong></span> <span class='ocrx_word' id='word_1_204' title='bbox 252 2758 418 2848; x_wconf 82' lang='grc' dir='ltr'><strong><em>κατορέων</em></strong></span> <span class='ocrx_word' id='word_1_205' title='bbox 433 2761 486 2830; x_wconf 82' lang='grc' dir='ltr'><strong><em>ἐπὶ</em></strong></span> <span class='ocrx_word' id='word_1_206' title='bbox 503 2767 560 2847; x_wconf 82' lang='grc' dir='ltr'><strong><em>τῆς</em></strong></span> <span class='ocrx_word' id='word_1_207' title='bbox 574 2758 689 2846; x_wconf 80' lang='grc' dir='ltr'><strong><em>ἠιόνος</em></strong></span> <span class='ocrx_word' id='word_1_208' title='bbox 705 2755 838 2844; x_wconf 87' lang='grc' dir='ltr'><strong><em>ἐθηέετο</em></strong></span> <span class='ocrx_word' id='word_1_209' title='bbox 853 2755 983 2828; x_wconf 81' lang='grc' dir='ltr'><strong><em>καὶτὸν</em></strong></span> <span class='ocrx_word' id='word_1_210' title='bbox 996 2754 1097 2839; x_wconf 75' lang='grc' dir='ltr'><strong><em>πεζὸν</em></strong></span> 
     </span>
     <span class='ocr_line' id='line_1_27' title="bbox 88 2854 1097 2945; baseline -0.008 -17"><span class='ocrx_word' id='word_1_211' title='bbox 88 2858 144 2928; x_wconf 83' lang='grc' dir='ltr'><strong><em>καλ</em></strong></span> <span class='ocrx_word' id='word_1_212' title='bbox 153 2856 213 2938; x_wconf 84' lang='grc' dir='ltr'><strong><em>τάς</em></strong></span> <span class='ocrx_word' id='word_1_213' title='bbox 223 2862 310 2936; x_wconf 88' lang='grc' dir='ltr'><strong><em>νέας.</em></strong></span> <span class='ocrx_word' id='word_1_214' title='bbox 323 2854 515 2943; x_wconf 85' lang='grc' dir='ltr'><strong><em>θηεύμενος</em></strong></span> <span class='ocrx_word' id='word_1_215' title='bbox 526 2858 563 2925; x_wconf 75' lang='grc' dir='ltr'><strong><em>δέ</em></strong></span> <span class='ocrx_word' id='word_1_216' title='bbox 574 2860 697 2945; x_wconf 79' lang='grc' dir='ltr'><strong><em>ἱμέρθη</em></strong></span> <span class='ocrx_word' id='word_1_217' title='bbox 708 2862 776 2925; x_wconf 78' lang='grc' dir='ltr'><strong><em>τάν</em></strong></span> <span class='ocrx_word' id='word_1_218' title='bbox 788 2862 877 2925; x_wconf 81' lang='grc' dir='ltr'><strong><em>νεύν</em></strong></span> <span class='ocrx_word' id='word_1_219' title='bbox 887 2854 1032 2943; x_wconf 80' lang='grc' dir='ltr'><strong><em>ἅμιλλαν</em></strong></span> <span class='ocrx_word' id='word_1_220' title='bbox 1042 2881 1097 2940; x_wconf 86' lang='grc' dir='ltr'><strong><em>γι-</em></strong></span> 
     </span>
     <span class='ocr_line' id='line_1_28' title="bbox 88 2954 1097 3045; baseline -0.007 -18"><span class='ocrx_word' id='word_1_221' title='bbox 88 2960 235 3045; x_wconf 86' lang='grc' dir='ltr'><strong><em>νομένην</em></strong></span> <span class='ocrx_word' id='word_1_222' title='bbox 246 2961 387 3027; x_wconf 87' lang='grc' dir='ltr'><strong><em>ίδέσθαι.</em></strong></span> <span class='ocrx_word' id='word_1_223' title='bbox 410 2959 481 3026; x_wconf 77' lang='grc' dir='ltr'><strong><em>ἐπεὶ</em></strong></span> <span class='ocrx_word' id='word_1_224' title='bbox 495 2954 528 3026; x_wconf 89' lang='grc' dir='ltr'><strong><em>δ’</em></strong></span> <span class='ocrx_word' id='word_1_225' title='bbox 545 2956 678 3044; x_wconf 82' lang='grc' dir='ltr'><strong><em>ἐγένετό</em></strong></span> <span class='ocrx_word' id='word_1_226' title='bbox 688 2984 725 3028; x_wconf 89' lang='grc' dir='ltr'><strong><em>τε</em></strong></span> <span class='ocrx_word' id='word_1_227' title='bbox 738 2960 793 3027; x_wconf 83' lang='grc' dir='ltr'><strong><em>καλ</em></strong></span> <span class='ocrx_word' id='word_1_228' title='bbox 805 2957 933 3025; x_wconf 86' lang='grc' dir='ltr'><strong><em>ἐνίκεον</em></strong></span> <span class='ocrx_word' id='word_1_229' title='bbox 942 2963 1097 3033; x_wconf 85' lang='grc' dir='ltr'><strong><em>Φοίνικες</em></strong></span> 
     </span>
     <span class='ocr_line' id='line_1_29' title="bbox 88 3052 1148 3147; baseline -0.006 -21"><span class='ocrx_word' id='word_1_230' title='bbox 88 3057 261 3142; x_wconf 74' lang='grc' dir='ltr'><strong><em>Σιδόνιοι,</em></strong></span> <span class='ocrx_word' id='word_1_231' title='bbox 278 3053 369 3143; x_wconf 81' lang='grc' dir='ltr'><strong><em>ἥσθη</em></strong></span> <span class='ocrx_word' id='word_1_232' title='bbox 383 3082 419 3125; x_wconf 90' lang='grc' dir='ltr'><strong><em>τε</em></strong></span> <span class='ocrx_word' id='word_1_233' title='bbox 429 3063 470 3147; x_wconf 74' lang='grc' dir='ltr'><strong><em>τῇ</em></strong></span> <span class='ocrx_word' id='word_1_234' title='bbox 480 3054 602 3146; x_wconf 83' lang='grc' dir='ltr'><strong><em>ἆμίλλη</em></strong></span> <span class='ocrx_word' id='word_1_235' title='bbox 611 3059 666 3126; x_wconf 77' lang='grc' dir='ltr'><strong><em>καί</em></strong></span> <span class='ocrx_word' id='word_1_236' title='bbox 677 3064 717 3147; x_wconf 78' lang='grc' dir='ltr'><strong><em>τῇ</em></strong></span> <span class='ocrx_word' id='word_1_237' title='bbox 728 3062 873 3145; x_wconf 77' lang='grc' dir='ltr'><strong><em>στρατιῇ.</em></strong></span> <span class='ocrx_word' id='word_1_238' title='bbox 900 3052 960 3135; x_wconf 80' lang='grc' dir='ltr'><strong><em>Ὡς</em></strong></span> <span class='ocrx_word' id='word_1_239' title='bbox 973 3054 1010 3123; x_wconf 66' lang='grc' dir='ltr'><strong><em>δὲ</em></strong></span> <span class='ocrx_word' id='word_1_240' title='bbox 1025 3052 1095 3141; x_wconf 78' lang='grc' dir='ltr'><strong><em>ὥρα</em></strong></span> <span class='ocrx_word' id='word_1_241' title='bbox 1110 3066 1148 3121; x_wconf 71' lang='grc' dir='ltr'><strong><em>λε</em></strong></span> 
     </span>
     <span class='ocr_line' id='line_1_30' title="bbox 89 3151 1099 3243; baseline -0.004 -18"><span class='ocrx_word' id='word_1_242' title='bbox 89 3155 198 3225; x_wconf 90' lang='grc' dir='ltr'><strong><em>πάντα</em></strong></span> <span class='ocrx_word' id='word_1_243' title='bbox 212 3153 275 3239; x_wconf 69' lang='grc' dir='ltr'><strong><em>μέν</em></strong></span> <span class='ocrx_word' id='word_1_244' title='bbox 287 3151 348 3221; x_wconf 82' lang='grc' dir='ltr'><strong><em>τὸν</em></strong></span> <span class='ocrx_word' id='word_1_245' title='bbox 354 3152 599 3243; x_wconf 75' lang='grc' dir='ltr'><strong><em>Ἑλλήσποντον</em></strong></span> <span class='ocrx_word' id='word_1_246' title='bbox 612 3154 679 3225; x_wconf 82' lang='grc' dir='ltr'><strong><em>ὑπὸ</em></strong></span> <span class='ocrx_word' id='word_1_247' title='bbox 695 3164 765 3225; x_wconf 79' lang='grc' dir='ltr'><strong><em>τῶν</em></strong></span> <span class='ocrx_word' id='word_1_248' title='bbox 780 3161 869 3224; x_wconf 77' lang='grc' dir='ltr'><strong><em>νεῶν</em></strong></span> <span class='ocrx_word' id='word_1_249' title='bbox 883 3151 1099 3241; x_wconf 80' lang='grc' dir='ltr'><strong><em>άποκεκρυμ·</em></strong></span> 
     </span>
     <span class='ocr_line' id='line_1_31' title="bbox 88 3251 1100 3344; baseline 0.002 -26"><span class='ocrx_word' id='word_1_250' title='bbox 88 3258 210 3343; x_wconf 83' lang='grc' dir='ltr'><strong><em>μεύρν,</em></strong></span> <span class='ocrx_word' id='word_1_251' title='bbox 227 3251 337 3330; x_wconf 82' lang='grc' dir='ltr'><strong><em>πάσας</em></strong></span> <span class='ocrx_word' id='word_1_252' title='bbox 349 3256 386 3320; x_wconf 78' lang='grc' dir='ltr'><strong><em>δὲ</em></strong></span> <span class='ocrx_word' id='word_1_253' title='bbox 398 3251 458 3333; x_wconf 82' lang='grc' dir='ltr'><strong><em>τάς</em></strong></span> <span class='ocrx_word' id='word_1_254' title='bbox 474 3251 577 3334; x_wconf 83' lang='grc' dir='ltr'><strong><em>άιιτάς</em></strong></span> <span class='ocrx_word' id='word_1_255' title='bbox 591 3258 647 3324; x_wconf 78' lang='grc' dir='ltr'><strong><em>καὶ</em></strong></span> <span class='ocrx_word' id='word_1_256' title='bbox 660 3253 701 3323; x_wconf 81' lang='grc' dir='ltr'><strong><em>τά</em></strong></span> <span class='ocrx_word' id='word_1_257' title='bbox 712 3252 907 3344; x_wconf 75' lang='grc' dir='ltr'><strong><em>Ἀβυδηνῶν</em></strong></span> <span class='ocrx_word' id='word_1_258' title='bbox 916 3256 1014 3323; x_wconf 88' lang='grc' dir='ltr'><strong><em>πεδία</em></strong></span> <span class='ocrx_word' id='word_1_259' title='bbox 1025 3254 1100 3322; x_wconf 89' lang='grc' dir='ltr'><strong><em>ἐπί·</em></strong></span> 
     </span>
     <span class='ocr_line' id='line_1_32' title="bbox 89 3349 1099 3440; baseline -0.005 -16"><span class='ocrx_word' id='word_1_260' title='bbox 89 3362 173 3424; x_wconf 75' lang='grc' dir='ltr'><strong><em>πλεα</em></strong></span> <span class='ocrx_word' id='word_1_261' title='bbox 184 3349 391 3438; x_wconf 84' lang='grc' dir='ltr'><strong><em>ιἰνθρύποεν,</em></strong></span> <span class='ocrx_word' id='word_1_262' title='bbox 403 3353 554 3422; x_wconf 82' lang='grc' dir='ltr'><strong><em>ἐνθαῦτα</em></strong></span> <span class='ocrx_word' id='word_1_263' title='bbox 562 3356 687 3440; x_wconf 73' lang='grc' dir='ltr'><strong><em>,Ξέρξης</em></strong></span> <span class='ocrx_word' id='word_1_264' title='bbox 699 3349 826 3420; x_wconf 81' lang='grc' dir='ltr'><strong><em>ἑαυτὸν</em></strong></span> <span class='ocrx_word' id='word_1_265' title='bbox 837 3349 1026 3437; x_wconf 88' lang='grc' dir='ltr'><strong><em>ἐμακάρισε,</em></strong></span> <span class='ocrx_word' id='word_1_266' title='bbox 1037 3374 1099 3436; x_wconf 82' lang='grc' dir='ltr'><strong><em>με·</em></strong></span> 
     </span>
     <span class='ocr_line' id='line_1_33' title="bbox 89 3445 1146 3539; baseline -0.008 -20"><span class='ocrx_word' id='word_1_267' title='bbox 89 3449 129 3519; x_wconf 82' lang='grc' dir='ltr'><strong><em>τά</em></strong></span> <span class='ocrx_word' id='word_1_268' title='bbox 147 3449 184 3518; x_wconf 71' lang='grc' dir='ltr'><strong><em>δὲ</em></strong></span> <span class='ocrx_word' id='word_1_269' title='bbox 197 3455 297 3517; x_wconf 84' lang='grc' dir='ltr'><strong><em>τοῦτο</em></strong></span> <span class='ocrx_word' id='word_1_270' title='bbox 312 3449 485 3539; x_wconf 83' lang='grc' dir='ltr'><strong><em>ἐδάκρυσε.</em></strong></span> <span class='ocrx_word' id='word_1_271' title='bbox 508 3448 648 3520; x_wconf 81' lang='grc' dir='ltr'><strong><em>Μαθύν</em></strong></span> <span class='ocrx_word' id='word_1_272' title='bbox 665 3453 704 3521; x_wconf 87' lang='grc' dir='ltr'><strong><em>δέ</em></strong></span> <span class='ocrx_word' id='word_1_273' title='bbox 715 3476 774 3537; x_wconf 88' lang='grc' dir='ltr'><strong><em>μιν</em></strong></span> <span class='ocrx_word' id='word_1_274' title='bbox 787 3445 1016 3537; x_wconf 82' lang='grc' dir='ltr'><strong><em>Ἀρτύβανοςὸ</em></strong></span> <span class='ocrx_word' id='word_1_275' title='bbox 1030 3446 1097 3516; x_wconf 85' lang='grc' dir='ltr'><strong><em>πά·</em></strong></span> <span class='ocrx_word' id='word_1_276' title='bbox 1109 3456 1146 3511; x_wconf 59' lang='grc' dir='ltr'><strong><em>λδ</em></strong></span> 
     </span>
    </p>

    <p class='ocr_par' dir='ltr' id='par_1_4' title="bbox 174 3545 960 3602">
     <span class='ocr_line' id='line_1_34' title="bbox 174 3545 960 3602; baseline -0.001 -1"><span class='ocrx_word' id='word_1_277' title='bbox 174 3561 274 3601; x_wconf 80' lang='lat' dir='ltr'><strong>mon.</strong></span> <span class='ocrx_word' id='word_1_278' title='bbox 297 3545 330 3602; x_wconf 87' lang='lat' dir='ltr'><strong><em>ss.</em></strong></span> <span class='ocrx_word' id='word_1_279' title='bbox 926 3550 960 3602; x_wconf 87' lang='lat' dir='ltr'><strong><em>lo</em></strong></span> 
     </span>
    </p>
   </div>
   <div class='ocr_carea' id='block_1_3' title="bbox 0 0 1257 3925">
    <p class='ocr_par' dir='ltr' id='par_1_5' title="bbox 0 0 1257 3925">
     <span class='ocr_line' id='line_1_35' title="bbox 0 0 1257 3925; baseline 0 0"><span class='ocrx_word' id='word_1_280' title='bbox 0 0 1257 3925; x_wconf 95' lang='lat' dir='ltr'><strong><em> </em></strong></span> 
     </span>
    </p>
   </div>
  </div>
 </body>
</html>
