2500 3925
182 236 247 306 258
579 236 828 295 HERODOTI

184 395 279 481 σιόδη
291 402 332 483 τῇ
345 394 462 481 γνιόμη
481 392 499 459 ό
513 390 650 479 Ὀτάνης
664 398 812 479 Πέρσησι
832 398 1005 480 ἰσονομίην
1019 393 1167 463 σπεύδων

183 500 334 578 ποιῆσαι,
352 494 440 570 ἔλεξε
456 492 489 568 ἐς
502 493 606 575 μέσον
619 488 747 558 αὐτοῖσι
771 492 865 559 τάδε·
881 489 1018 579 ’Ἀνδρος
1033 499 1168 560 στασιῶ-

184 616 253 675 ται,
278 592 361 675 δῆλα
384 585 449 673 γάρ
474 583 531 672 δὴ,
552 585 603 653 ὅτι
624 591 678 655 δεῖ
694 590 752 655 ἕνα
772 591 813 675 γέ
823 614 898 656 τινα
911 586 1024 676 ἡμέων
1039 593 1168 675 βασιλέα

186 688 359 772 γενέσθαι,
379 682 452 770 ἤτοι
466 682 578 773 πλήρη)
592 708 630 767 γε
644 686 803 771 λαχόντα,
820 680 842 770 ἢ
864 685 1115 770 ἐπιτρεψάντων
1127 691 1166 773 τῷ

183 782 341 866 Περσέων
354 779 479 867 πλήθει
491 777 550 846 τόν
565 776 609 846 άν
623 784 730 849 έκεῖνο
745 784 873 867 ἕληται,
887 778 910 868 ἢ
925 780 1008 870 άλλη
1028 785 1096 849 τινί
1111 808 1169 899 μη·

182 886 281 966 χανῇ·
307 876 371 965 ἐγύ
391 882 453 962 μέν
474 902 540 944 νον
561 875 642 963 ύμῖν
657 876 719 946 ούιι
735 882 990 966 ἐναγωνιεῦμαι·
1011 878 1091 947 οὔτε
1108 876 1168 965 γάρ

184 979 297 1065 άρχειν
310 975 387 1045 ούτε
402 976 561 1064 ἄρχεσθαι
576 980 698 1046 ἐθέλω·
714 982 766 1047 ἐπί
779 1004 886 1067 τοντω
905 980 941 1046 δ
956 977 1168 1097 ὑπεξίσταμαι

183 1084 239 1161 τῆς
260 1073 376 1161 ἀρχῆς,
392 1066 490 1142 ἐπ’
462 1100 489 1141 ω
504 1100 539 1141 τε
552 1072 599 1143 ύπ
604 1073 769 1154 ὀύδενός
786 1046 899 1162 ύμέόιν
919 1075 1077 1162 ἄρξομαι,
1098 1074 1167 1143 ούτι

184 1169 283 1249 αὐτὸς
307 1167 371 1256 ἐγώ
396 1169 473 1237 ούτε
494 1167 568 1238 οί’
549 1169 608 1238 απ’
633 1175 713 1257 ἐμεῦ
733 1198 754 1239 α
754 1176 796 1241 ίεὶ
819 1172 1000 1258 γινόμενοι.
1044 1171 1169 1238 Τούτου

185 1277 337 1344 εἴπαντος
350 1272 454 1333 ταῦτα
466 1264 510 1344 ὡς
524 1266 732 1353 σννεχάρεον
748 1293 765 1335 ο
767 1266 885 1348 ίδξέπλ
895 1268 1059 1352 τούτοισι,
1077 1260 1168 1342 οὗτος

184 1365 246 1453 μὲν
267 1362 308 1451 δή
333 1383 393 1449 σφι
417 1362 479 1430 οὐκ
500 1366 728 1451 ἐνηγωνίζετο,
746 1363 819 1435 ἄλλ’
842 1368 879 1433 έιι
898 1371 959 1432 τοῦ
975 1368 1081 1449 μέσον
1096 1388 1169 1431 τιατ·

184 1470 272 1549 ῆστο.
303 1464 358 1530 καί
377 1468 442 1528 νύν
463 1458 547 1546 αύτη
565 1458 587 1546 ἡ
607 1465 694 1547 οίιιίη
710 1466 867 1531 διατελέει
881 1462 990 1547 μούνη
1012 1462 1169 1545 ἐλευθέρη

185 1563 286 1627 ἐοῦσα
299 1562 472 1643 Περσέων,
492 1558 548 1625 καὶ
561 1556 694 1643 άρχεται
713 1567 856 1627 τοσαῦτα
872 1558 934 1626 ὅσα
949 1554 1033 1644 αύτη
1053 1559 1170 1637 ἐθέλει,

136 1669 171 1726 84
186 1655 311 1741 νόμους
326 1652 389 1721 ούιι
403 1652 653 1742 ὑπερβαίνουσα
667 1654 746 1733 τούς
756 1658 922 1742 Περσέων.
959 1660 1003 1723 Ol
1017 1657 1052 1721 δὲ
1065 1654 1170 1722 λοιποί

186 1758 253 1819 τῶν
267 1748 347 1819 ἐτιτόι
362 1752 600 1838 ἐβουλεύοντο,
619 1749 664 1830 ὡς
677 1754 812 1839 βασιλέα
827 1751 1017 1820 δικαιότατα
1031 1752 1167 1838 στήσον-

185 1876 247 1916 ται.
278 1855 336 1916 ιιαί
360 1868 420 1934 σφι
447 1854 537 1929 ἔδοξε
553 1846 672 1936 Ὀτάνη
693 1849 756 1933 μὲν
777 1850 832 1915 καί
851 1863 935 1917 τοῖσι
955 1845 1019 1915 άπὸ
1032 1844 1171 1915 Ὀτάνεω

186 1947 248 2021 (del
262 1947 481 2037 γινομένοισι,
505 1942 549 2032 ἢν
575 1948 608 2024 ἐς
631 1942 733 2014 ἄλλον
755 1941 913 2013 τινὰτῶν
936 1941 1017 2012 ἑπτά
1044 1940 1170 2033 ἐλθηὴ

184 2055 389 2136 βασιληίη,ε
375 2047 521 2173 ἐξαίρετα
543 2046 698 2111 δίδοσθαι
718 2043 842 2128 ἐσθῆτά
861 2067 897 2108 τε
910 2038 1072 2126 Μηδικὴν
1088 2048 1172 2118 ἐτεος

185 2147 325 2216 ἑκάστου
349 2148 404 2212 καλ
423 2143 485 2231 τὴν
503 2151 614 2212 πᾶσαν
635 2138 816 2228 δωρεην,
795 2166 815 2226 η
834 2147 960 2226 γίνεται
977 2141 1014 2207 ἐν
1026 2144 1173 2230 Πέρσησι

185 2242 369 2330 τιμιωτάτη.
399 2245 499 2308 τούδε
514 2241 603 2308 δέ“
570 2265 698 2307 εινειιεν
712 2235 955 2325 ἐβουλεύσαντό
972 2241 1005 2304 οί
1018 2240 1172 2304 δίδοσθαι

185 2347 303 2425 ταῦτα,
329 2338 381 2407 ὅτι
396 2336 576 2425 ἐβούλευσέ
587 2361 623 2403 τε
638 2341 766 2420 πρῶτος
786 2329 823 2401 τό
845 2339 979 2418 πρῆγμα
999 2333 1054 2400 καὶ
1076 2335 1172 2400 σννέ-

184 2455 283 2523 στησε
297 2433 427 2513 αύτούς.
443 2440 546 2501 ταῦτα
559 2432 621 2518 μὲν
638 2429 677 2517 δη
689 2428 854 2518 Οτανη
821 2432 854 2508 ἐ
856 2437 985 2516 αίρετα,
999 2428 1081 2496 τάδε
1097 2431 1172 2505 δὲές

185 2530 354 2603 τὸκοινόν
376 2530 595 2619 ἐβούλευσαν,
618 2530 771 2646 παριέναι
792 2524 876 2605 ἐς
840 2552 880 2594 τα
895 2527 1050 2612 βασιλήια
1066 2527 1174 2594 πάντα

184 2629 244 2700 τόν
258 2629 465 2718 βουλόμενον
477 2634 545 2746 τβν
559 2623 640 2693 ἑπτά
655 2623 737 2692 άνεν
751 2618 994 2740 ἐσαγγελέος,”
972 2648 1016 2709 ην
1031 2650 1079 2710 μη
1095 2649 1175 2709 τογ-

185 2729 270 2817 χάνη
292 2727 400 2796 εὕδων
425 2751 506 2812 μετα
529 2719 689 2810 γυναικός
712 2716 883 2840 βασιλεύς,
907 2721 1043 2805 γαμέειν
1070 2722 1108 2788 δε
1130 2745 1174 2839 μη

183 2830 304 2906 ἐξεῖναι
324 2823 469 2893 ἄλλοθεν
493 2847 539 2888 τω
525 2814 727 2907 ””βασιλέϊ
706 2845 726 2904 η
752 2821 788 2886 ἐκ
811 2824 878 2884 τῶν
898 2818 1176 2885 συνεπαναστάν-

148 2925 151 2931 ’
185 2951 262 2993 των.
283 2924 358 3007 περὶ
373 2922 460 2988 δὲ
420 2946 477 3005 της
490 2922 661 3006 βασιληίης
676 2914 917 3000 ἐβουλεύσαντο
932 2911 1120 2980 τοιόνδε”
1098 2938 1176 2980 οτεα

185 3019 229 3090 όν
243 3018 261 3089 ὁ
275 3024 373 3095 ιππος
386 3013 484 3104 ηλίου
502 3015 777 3089 ἐπανατέλλοντος
794 3034 922 3098 πρωτος
940 3011 1128 3100 φθέγξηται
1142 3015 1177 3078 ἐν

184 3145 230 3202 τῳ
216 3121 428 3202 προαστείῳ
449 3110 561 3179 αύτιόν
581 3108 844 3198 ἐπιβεβηκότων,
864 3113 986 3174 τοῦτον
1006 3112 1094 3194 ἔχειν
1115 3107 1177 3195 την

160 3226 161 3229 ’
185 3219 368 3300 βασιληίην.

137 3314 172 3370 86
256 3311 389 3394 Δαρείω
400 3296 472 3370 δὲ
449 3328 494 3390 ην
504 3297 720 3423 ίπιιοιιόμος’
701 3297 786 3387 ανὴρ
801 3297 965 3390 σοφός,
933 3307 979 3366 τῶ
991 3299 1124 3388 οὔνομα
1135 3327 1177 3388 ην

189 3399 349 3483 Οἰβάρης·
374 3396 458 3521 πρὸς
471 3404 591 3464 τοῦτον
605 3393 666 3465 τὸν
680 3395 804 3483 ἄνδρα,
830 3399 903 3465 ἐπεί
900 3421 936 3463 τε
955 3367 1178 3486 διελύθησαν,
