<?xml version="1.0" encoding="UTF-8"?>
<!DOCTYPE html PUBLIC "-//W3C//DTD XHTML 1.0 Transitional//EN"
    "http://www.w3.org/TR/xhtml1/DTD/xhtml1-transitional.dtd">
<html xmlns="http://www.w3.org/1999/xhtml" xml:lang="en" lang="en">
 <head>
  <title>
</title>
<meta http-equiv="Content-Type" content="text/html;charset=utf-8" />
  <meta name='ocr-system' content='tesseract 3.04.00' />
  <meta name='ocr-capabilities' content='ocr_page ocr_carea ocr_par ocr_line ocrx_word'/>
</head>
<body>
  <div class='ocr_page' id='page_1' title='image "./herodotihistori00dietgoog_0517.png"; bbox 0 0 2500 3925; ppageno 0'>
   <div class='ocr_carea' id='block_1_1' title="bbox 340 215 1082 280">
    <p class='ocr_par' dir='ltr' id='par_1_1' title="bbox 340 215 1082 280">
     <span class='ocr_line' id='line_1_1' title="bbox 340 215 1082 280; baseline 0.011 -8"><span class='ocrx_word' id='word_1_1' title='bbox 340 217 428 272; x_wconf 74' lang='grc' dir='ltr'><strong><em>ΗΒ.</em></strong></span> <span class='ocrx_word' id='word_1_2' title='bbox 460 215 507 271; x_wconf 79' lang='lat' dir='ltr'><strong><em>vl.</em></strong></span> <span class='ocrx_word' id='word_1_3' title='bbox 543 217 642 274; x_wconf 77' lang='lat' dir='ltr'><strong>cAP.</strong></span> <span class='ocrx_word' id='word_1_4' title='bbox 675 221 816 278; x_wconf 65' lang='grc' dir='ltr'><strong><em>σει-ει.</em></strong></span> <span class='ocrx_word' id='word_1_5' title='bbox 1041 215 1082 280; x_wconf 75' lang='grc'><strong><em>93</em></strong></span> 
     </span>
    </p>
   </div>
   <div class='ocr_carea' id='block_1_2' title="bbox 74 371 1195 3525">
    <p class='ocr_par' dir='ltr' id='par_1_2' title="bbox 74 371 1195 3525">
     <span class='ocr_line' id='line_1_2' title="bbox 79 371 1084 466; baseline 0.004 -24"><span class='ocrx_word' id='word_1_6' title='bbox 79 381 193 442; x_wconf 81' lang='grc' dir='ltr'><strong><em>Ταῦτα</em></strong></span> <span class='ocrx_word' id='word_1_7' title='bbox 202 371 243 461; x_wconf 77' lang='grc' dir='ltr'><strong><em>δή</em></strong></span> <span class='ocrx_word' id='word_1_8' title='bbox 251 373 360 442; x_wconf 89' lang='grc' dir='ltr'><strong><em>πάντα</em></strong></span> <span class='ocrx_word' id='word_1_9' title='bbox 372 374 585 443; x_wconf 75' lang='grc' dir='ltr'><strong><em>συνελθόντα</em></strong></span> <span class='ocrx_word' id='word_1_10' title='bbox 595 387 680 442; x_wconf 78' lang='grc' dir='ltr'><strong><em>τοῖσι</em></strong></span> <span class='ocrx_word' id='word_1_11' title='bbox 688 373 863 462; x_wconf 83' lang='grc' dir='ltr'><strong><em>Ἀργείοισι</em></strong></span> <span class='ocrx_word' id='word_1_12' title='bbox 874 379 985 466; x_wconf 86' lang='grc' dir='ltr'><strong><em>φόβον</em></strong></span> <span class='ocrx_word' id='word_1_13' title='bbox 995 403 1084 461; x_wconf 89' lang='grc' dir='ltr'><strong><em>παρ-</em></strong></span> 
     </span>
     <span class='ocr_line' id='line_1_3' title="bbox 78 470 1084 568; baseline 0.008 -28"><span class='ocrx_word' id='word_1_14' title='bbox 78 485 151 560; x_wconf 78' lang='grc' dir='ltr'><strong><em>εῖχε.</em></strong></span> <span class='ocrx_word' id='word_1_15' title='bbox 173 475 229 542; x_wconf 79' lang='grc' dir='ltr'><strong><em>καὶ</em></strong></span> <span class='ocrx_word' id='word_1_16' title='bbox 246 473 288 562; x_wconf 79' lang='grc' dir='ltr'><strong><em>δή</em></strong></span> <span class='ocrx_word' id='word_1_17' title='bbox 304 493 365 561; x_wconf 94' lang='grc' dir='ltr'><strong><em>σφι</em></strong></span> <span class='ocrx_word' id='word_1_18' title='bbox 380 470 465 559; x_wconf 83' lang='grc' dir='ltr'><strong><em>πρὸς</em></strong></span> <span class='ocrx_word' id='word_1_19' title='bbox 478 481 583 541; x_wconf 84' lang='grc' dir='ltr'><strong><em>ταῦτα</em></strong></span> <span class='ocrx_word' id='word_1_20' title='bbox 597 477 691 554; x_wconf 75' lang='grc' dir='ltr'><strong><em>ἔδοξε</em></strong></span> <span class='ocrx_word' id='word_1_21' title='bbox 703 483 750 568; x_wconf 73' lang='grc' dir='ltr'><strong><em>τῷ</em></strong></span> <span class='ocrx_word' id='word_1_22' title='bbox 764 476 885 565; x_wconf 88' lang='grc' dir='ltr'><strong><em>κήρυκι</em></strong></span> <span class='ocrx_word' id='word_1_23' title='bbox 900 486 969 565; x_wconf 78' lang='grc' dir='ltr'><strong><em>τόν</em></strong></span> <span class='ocrx_word' id='word_1_24' title='bbox 982 489 1084 548; x_wconf 88' lang='grc' dir='ltr'><strong><em>πολε-</em></strong></span> 
     </span>
     <span class='ocr_line' id='line_1_4' title="bbox 76 573 1082 661; baseline 0.006 -20"><span class='ocrx_word' id='word_1_25' title='bbox 76 581 164 660; x_wconf 88' lang='grc' dir='ltr'><strong><em>μίων</em></strong></span> <span class='ocrx_word' id='word_1_26' title='bbox 179 579 342 661; x_wconf 78' lang='grc' dir='ltr'><strong><em>χρᾶσθαι,</em></strong></span> <span class='ocrx_word' id='word_1_27' title='bbox 368 573 471 654; x_wconf 70' lang='grc' dir='ltr'><strong><em>δόξαν</em></strong></span> <span class='ocrx_word' id='word_1_28' title='bbox 485 575 525 640; x_wconf 78' lang='grc' dir='ltr'><strong><em>δέ</em></strong></span> <span class='ocrx_word' id='word_1_29' title='bbox 541 592 602 659; x_wconf 93' lang='grc' dir='ltr'><strong><em>σφι</em></strong></span> <span class='ocrx_word' id='word_1_30' title='bbox 624 576 761 642; x_wconf 76' lang='grc' dir='ltr'><strong><em>ἐποίευν</em></strong></span> <span class='ocrx_word' id='word_1_31' title='bbox 776 577 924 647; x_wconf 79' lang='grc' dir='ltr'><strong><em>τοιόνόε·</em></strong></span> <span class='ocrx_word' id='word_1_32' title='bbox 956 577 1082 658; x_wconf 83' lang='grc' dir='ltr'><strong><em>ὅκωςὸ</em></strong></span> 
     </span>
     <span class='ocr_line' id='line_1_5' title="bbox 76 670 1086 769; baseline 0.003 -28"><span class='ocrx_word' id='word_1_33' title='bbox 76 670 287 759; x_wconf 90' lang='grc' dir='ltr'><strong><em>Σπαρτιήτης</em></strong></span> <span class='ocrx_word' id='word_1_34' title='bbox 296 676 400 759; x_wconf 83' lang='grc' dir='ltr'><strong><em>κῆρυξ</em></strong></span> <span class='ocrx_word' id='word_1_35' title='bbox 408 679 633 759; x_wconf 89' lang='grc' dir='ltr'><strong><em>προσημαίνοι</em></strong></span> <span class='ocrx_word' id='word_1_36' title='bbox 642 679 988 769; x_wconf 81' lang='grc' dir='ltr'><strong><em>τιΛακεόαιμονίοισι,</em></strong></span> <span class='ocrx_word' id='word_1_37' title='bbox 993 680 1086 745; x_wconf 81' lang='grc' dir='ltr'><strong><em>ἐποί-</em></strong></span> 
     </span>
     <span class='ocr_line' id='line_1_6' title="bbox 77 767 1128 861; baseline 0.003 -21"><span class='ocrx_word' id='word_1_38' title='bbox 77 797 138 840; x_wconf 91' lang='grc' dir='ltr'><strong><em>ευν</em></strong></span> <span class='ocrx_word' id='word_1_39' title='bbox 158 773 214 839; x_wconf 80' lang='grc' dir='ltr'><strong><em>καὶ</em></strong></span> <span class='ocrx_word' id='word_1_40' title='bbox 228 775 262 839; x_wconf 88' lang='grc' dir='ltr'><strong><em>οί</em></strong></span> <span class='ocrx_word' id='word_1_41' title='bbox 277 769 418 856; x_wconf 82' lang='grc' dir='ltr'><strong><em>Ἀργείοι</em></strong></span> <span class='ocrx_word' id='word_1_42' title='bbox 434 767 542 837; x_wconf 83' lang='grc' dir='ltr'><strong><em>τόντό</em></strong></span> <span class='ocrx_word' id='word_1_43' title='bbox 556 777 665 839; x_wconf 86' lang='grc' dir='ltr'><strong><em>τοῦτο.</em></strong></span> <span class='ocrx_word' id='word_1_44' title='bbox 702 769 842 840; x_wconf 78' lang='grc' dir='ltr'><strong><em>Μαθάν</em></strong></span> <span class='ocrx_word' id='word_1_45' title='bbox 854 773 890 842; x_wconf 71' lang='grc' dir='ltr'><strong><em>δέ</em></strong></span> <span class='ocrx_word' id='word_1_46' title='bbox 904 772 922 842; x_wconf 84' lang='grc' dir='ltr'>ὁ</span> <span class='ocrx_word' id='word_1_47' title='bbox 934 776 1128 861; x_wconf 68' lang='grc' dir='ltr'><strong><em>Κλεομέ-σε</em></strong></span> 
     </span>
     <span class='ocr_line' id='line_1_7' title="bbox 74 866 1084 959; baseline 0.002 -20"><span class='ocrx_word' id='word_1_48' title='bbox 74 898 136 956; x_wconf 87' lang='grc' dir='ltr'><strong><em>νης</em></strong></span> <span class='ocrx_word' id='word_1_49' title='bbox 150 878 328 949; x_wconf 88' lang='grc' dir='ltr'><strong><em>ποιεῦντας</em></strong></span> <span class='ocrx_word' id='word_1_50' title='bbox 338 867 418 948; x_wconf 84' lang='grc' dir='ltr'><strong><em>τούς</em></strong></span> <span class='ocrx_word' id='word_1_51' title='bbox 428 867 598 955; x_wconf 75' lang='grc' dir='ltr'><strong><em>Ἀργείους</em></strong></span> <span class='ocrx_word' id='word_1_52' title='bbox 607 866 725 938; x_wconf 82' lang='grc' dir='ltr'><strong><em>ὁκοῖόν</em></strong></span> <span class='ocrx_word' id='word_1_53' title='bbox 737 897 769 938; x_wconf 92' lang='grc' dir='ltr'><strong><em>τι</em></strong></span> <span class='ocrx_word' id='word_1_54' title='bbox 779 869 968 958; x_wconf 84' lang='grc' dir='ltr'><strong><em>ὁσφέτερος</em></strong></span> <span class='ocrx_word' id='word_1_55' title='bbox 978 876 1084 959; x_wconf 80' lang='grc' dir='ltr'><strong><em>κῆρυξ</em></strong></span> 
     </span>
     <span class='ocr_line' id='line_1_8' title="bbox 76 965 1195 1059; baseline 0.004 -22"><span class='ocrx_word' id='word_1_56' title='bbox 76 969 246 1057; x_wconf 90' lang='grc' dir='ltr'><strong><em>σημήνειε,</em></strong></span> <span class='ocrx_word' id='word_1_57' title='bbox 261 969 482 1054; x_wconf 75' lang='grc' dir='ltr'><em>παραγγέλλει</em></span> <span class='ocrx_word' id='word_1_58' title='bbox 496 965 568 1055; x_wconf 87' lang='grc' dir='ltr'><strong><em>σφι,</em></strong></span> <span class='ocrx_word' id='word_1_59' title='bbox 582 965 666 1035; x_wconf 81' lang='grc' dir='ltr'><strong><em>ὅταν</em></strong></span> <span class='ocrx_word' id='word_1_60' title='bbox 680 969 842 1059; x_wconf 86' lang='grc' dir='ltr'><strong><em>σημήνηὸ</em></strong></span> <span class='ocrx_word' id='word_1_61' title='bbox 857 976 962 1058; x_wconf 83' lang='grc' dir='ltr'><strong><em>κῆρυξ</em></strong></span> <span class='ocrx_word' id='word_1_62' title='bbox 973 973 1086 1041; x_wconf 86' lang='grc' dir='ltr'><strong><em>ποιέε-</em></strong></span> <span class='ocrx_word' id='word_1_63' title='bbox 1188 981 1195 992; x_wconf 91' lang='grc'><em>’</em></span> 
     </span>
     <span class='ocr_line' id='line_1_9' title="bbox 76 1064 1086 1156; baseline 0.002 -20"><span class='ocrx_word' id='word_1_64' title='bbox 76 1079 158 1137; x_wconf 78' lang='grc' dir='ltr'><strong><em>σθαι</em></strong></span> <span class='ocrx_word' id='word_1_65' title='bbox 169 1067 318 1154; x_wconf 86' lang='grc' dir='ltr'><strong><em>ἀριστον,</em></strong></span> <span class='ocrx_word' id='word_1_66' title='bbox 334 1067 409 1135; x_wconf 88' lang='grc' dir='ltr'><strong><em>τότε</em></strong></span> <span class='ocrx_word' id='word_1_67' title='bbox 420 1064 653 1152; x_wconf 78' lang='grc' dir='ltr'><strong><em>ἀναλαβόντας</em></strong></span> <span class='ocrx_word' id='word_1_68' title='bbox 663 1065 703 1135; x_wconf 82' lang='grc' dir='ltr'><strong><em>τά</em></strong></span> <span class='ocrx_word' id='word_1_69' title='bbox 715 1067 802 1138; x_wconf 84' lang='grc' dir='ltr'><strong><em>ὅπλα</em></strong></span> <span class='ocrx_word' id='word_1_70' title='bbox 811 1073 950 1156; x_wconf 76' lang='grc' dir='ltr'><strong><em>χωρέειν</em></strong></span> <span class='ocrx_word' id='word_1_71' title='bbox 961 1073 994 1150; x_wconf 81' lang='grc' dir='ltr'><strong><em>ἐς</em></strong></span> <span class='ocrx_word' id='word_1_72' title='bbox 1006 1067 1086 1150; x_wconf 82' lang='grc' dir='ltr'><strong><em>τούς</em></strong></span> 
     </span>
     <span class='ocr_line' id='line_1_10' title="bbox 76 1168 1085 1257; baseline -0.004 -18"><span class='ocrx_word' id='word_1_73' title='bbox 76 1175 248 1257; x_wconf 86' lang='grc' dir='ltr'><strong><em>Αργείους.</em></strong></span> <span class='ocrx_word' id='word_1_74' title='bbox 277 1174 381 1235; x_wconf 78' lang='grc' dir='ltr'><strong><em>ταῦτα</em></strong></span> <span class='ocrx_word' id='word_1_75' title='bbox 398 1170 454 1235; x_wconf 83' lang='grc' dir='ltr'><strong><em>καὶ</em></strong></span> <span class='ocrx_word' id='word_1_76' title='bbox 468 1168 600 1252; x_wconf 75' lang='grc' dir='ltr'><strong><em>ἐγένετο</em></strong></span> <span class='ocrx_word' id='word_1_77' title='bbox 613 1169 763 1236; x_wconf 75' lang='grc' dir='ltr'><strong><em>ἐπιτελέα</em></strong></span> <span class='ocrx_word' id='word_1_78' title='bbox 784 1171 821 1236; x_wconf 83' lang='grc' dir='ltr'><strong><em>ἐκ</em></strong></span> <span class='ocrx_word' id='word_1_79' title='bbox 835 1176 904 1237; x_wconf 76' lang='grc' dir='ltr'><strong><em>τῶν</em></strong></span> <span class='ocrx_word' id='word_1_80' title='bbox 917 1173 1085 1238; x_wconf 77' lang='grc' dir='ltr'><strong><em>Λακεδαι-</em></strong></span> 
     </span>
     <span class='ocr_line' id='line_1_11' title="bbox 75 1263 1085 1357; baseline -0.003 -20"><span class='ocrx_word' id='word_1_81' title='bbox 75 1274 235 1357; x_wconf 70' lang='grc' dir='ltr'><strong><em>μονίων,</em></strong></span> <span class='ocrx_word' id='word_1_82' title='bbox 249 1265 388 1354; x_wconf 81' lang='grc' dir='ltr'><strong><em>ἀριστον</em></strong></span> <span class='ocrx_word' id='word_1_83' title='bbox 408 1263 474 1352; x_wconf 82' lang='grc' dir='ltr'><strong><em>γὰρ</em></strong></span> <span class='ocrx_word' id='word_1_84' title='bbox 494 1269 725 1352; x_wconf 77' lang='grc' dir='ltr'><strong><em>ποιευμένοισι</em></strong></span> <span class='ocrx_word' id='word_1_85' title='bbox 745 1281 831 1335; x_wconf 81' lang='grc' dir='ltr'><strong><em>τοῖσε</em></strong></span> <span class='ocrx_word' id='word_1_86' title='bbox 849 1265 1025 1352; x_wconf 85' lang='grc' dir='ltr'><strong><em>Ἀργείοισι</em></strong></span> <span class='ocrx_word' id='word_1_87' title='bbox 1048 1273 1085 1335; x_wconf 78' lang='grc' dir='ltr'><strong><em>ἐκ</em></strong></span> 
     </span>
     <span class='ocr_line' id='line_1_12' title="bbox 74 1363 1085 1453; baseline -0.001 -19"><span class='ocrx_word' id='word_1_88' title='bbox 74 1373 137 1435; x_wconf 83' lang='grc' dir='ltr'><strong><em>τοῦ</em></strong></span> <span class='ocrx_word' id='word_1_89' title='bbox 153 1365 365 1453; x_wconf 75' lang='grc' dir='ltr'><strong><em>κηρύγματος</em></strong></span> <span class='ocrx_word' id='word_1_90' title='bbox 381 1367 555 1452; x_wconf 79' lang='grc' dir='ltr'><strong><em>ἐπεκέατο,</em></strong></span> <span class='ocrx_word' id='word_1_91' title='bbox 576 1367 633 1433; x_wconf 78' lang='grc' dir='ltr'><strong><em>κοιλ</em></strong></span> <span class='ocrx_word' id='word_1_92' title='bbox 650 1363 797 1446; x_wconf 83' lang='grc' dir='ltr'><strong><em>πολλούς</em></strong></span> <span class='ocrx_word' id='word_1_93' title='bbox 818 1369 879 1452; x_wconf 76' lang='grc' dir='ltr'><strong><em>μὲν</em></strong></span> <span class='ocrx_word' id='word_1_94' title='bbox 894 1366 1085 1453; x_wconf 84' lang='grc' dir='ltr'><strong><em>ἐφόνευσαν</em></strong></span> 
     </span>
     <span class='ocr_line' id='line_1_13' title="bbox 75 1461 1083 1555; baseline 0 -22"><span class='ocrx_word' id='word_1_95' title='bbox 75 1463 206 1551; x_wconf 80' lang='grc' dir='ltr'><strong><em>αὐτόν,</em></strong></span> <span class='ocrx_word' id='word_1_96' title='bbox 221 1471 333 1555; x_wconf 76' lang='grc' dir='ltr'><strong><em>πολλῷ</em></strong></span> <span class='ocrx_word' id='word_1_97' title='bbox 344 1462 377 1532; x_wconf 77' lang='grc' dir='ltr'><strong><em>δ’</em></strong></span> <span class='ocrx_word' id='word_1_98' title='bbox 390 1470 438 1532; x_wconf 82' lang='grc' dir='ltr'><strong><em>έτι</em></strong></span> <span class='ocrx_word' id='word_1_99' title='bbox 452 1471 600 1542; x_wconf 79' lang='grc' dir='ltr'><strong><em>πλεῦνας</em></strong></span> <span class='ocrx_word' id='word_1_100' title='bbox 613 1466 648 1541; x_wconf 75' lang='grc' dir='ltr'><strong><em>ἐς</em></strong></span> <span class='ocrx_word' id='word_1_101' title='bbox 658 1461 695 1531; x_wconf 86' lang='grc' dir='ltr'><strong><em>τό</em></strong></span> <span class='ocrx_word' id='word_1_102' title='bbox 707 1461 807 1544; x_wconf 85' lang='grc' dir='ltr'><strong><em>ἀλσος</em></strong></span> <span class='ocrx_word' id='word_1_103' title='bbox 817 1465 1010 1553; x_wconf 80' lang='grc' dir='ltr'><strong><em>τοῦ’Ἁργου</em></strong></span> <span class='ocrx_word' id='word_1_104' title='bbox 1021 1492 1083 1534; x_wconf 72' lang='grc' dir='ltr'><strong><em>να·</em></strong></span> 
     </span>
     <span class='ocr_line' id='line_1_14' title="bbox 74 1561 1155 1651; baseline 0.001 -19"><span class='ocrx_word' id='word_1_105' title='bbox 74 1564 288 1651; x_wconf 88' lang='grc' dir='ltr'><strong><em>ταφυγόντας</em></strong></span> <span class='ocrx_word' id='word_1_106' title='bbox 308 1562 532 1649; x_wconf 81' lang='grc' dir='ltr'><strong><em>περιιζόμενοι</em></strong></span> <span class='ocrx_word' id='word_1_107' title='bbox 552 1562 755 1648; x_wconf 76' lang='grc' dir='ltr'><strong><em>ἐφύλασσον.</em></strong></span> <span class='ocrx_word' id='word_1_108' title='bbox 801 1561 979 1633; x_wconf 77' lang='grc' dir='ltr'><strong><em>Ἐυθεῦτεν</em></strong></span> <span class='ocrx_word' id='word_1_109' title='bbox 1005 1565 1042 1633; x_wconf 70' lang='grc' dir='ltr'><strong><em>όὲ</em></strong></span> <span class='ocrx_word' id='word_1_110' title='bbox 1062 1561 1125 1634; x_wconf 76' lang='grc' dir='ltr'><strong><em>ὁ79</em></strong></span> <span class='ocrx_word' id='word_1_111' title='bbox 1149 1563 1155 1569; x_wconf 61' lang='grc'><strong>’</strong></span> 
     </span>
     <span class='ocr_line' id='line_1_15' title="bbox 75 1657 1083 1750; baseline -0.001 -18"><span class='ocrx_word' id='word_1_112' title='bbox 75 1665 266 1749; x_wconf 80' lang='grc' dir='ltr'><strong><em>Κλεομένης</em></strong></span> <span class='ocrx_word' id='word_1_113' title='bbox 279 1665 388 1730; x_wconf 87' lang='grc' dir='ltr'><strong><em>ἐποίεε</em></strong></span> <span class='ocrx_word' id='word_1_114' title='bbox 400 1661 549 1729; x_wconf 81' lang='grc' dir='ltr'><strong><em>τοιόνόε·</em></strong></span> <span class='ocrx_word' id='word_1_115' title='bbox 572 1667 657 1746; x_wconf 80' lang='grc' dir='ltr'><strong><em>ἔχων</em></strong></span> <span class='ocrx_word' id='word_1_116' title='bbox 668 1657 877 1747; x_wconf 76' lang='grc' dir='ltr'><strong><em>αὐτομόλους</em></strong></span> <span class='ocrx_word' id='word_1_117' title='bbox 887 1660 1013 1750; x_wconf 73' lang='grc' dir='ltr'><strong><em>ἀνέρας</em></strong></span> <span class='ocrx_word' id='word_1_118' title='bbox 1027 1665 1083 1731; x_wconf 77' lang='grc' dir='ltr'><strong><em>καὶ</em></strong></span> 
     </span>
     <span class='ocr_line' id='line_1_16' title="bbox 74 1759 1084 1849; baseline -0.004 -18"><span class='ocrx_word' id='word_1_119' title='bbox 74 1760 335 1849; x_wconf 75' lang='grc' dir='ltr'><strong><em>πυνθανόμενος</em></strong></span> <span class='ocrx_word' id='word_1_120' title='bbox 349 1759 481 1830; x_wconf 90' lang='grc' dir='ltr'><strong><em>τούτων</em></strong></span> <span class='ocrx_word' id='word_1_121' title='bbox 495 1759 646 1840; x_wconf 78' lang='grc' dir='ltr'><strong><em>ἐξεκάλεε</em></strong></span> <span class='ocrx_word' id='word_1_122' title='bbox 662 1762 802 1846; x_wconf 81' lang='grc' dir='ltr'><strong><em>πέμπων</em></strong></span> <span class='ocrx_word' id='word_1_123' title='bbox 816 1761 964 1848; x_wconf 88' lang='grc' dir='ltr'><strong><em>κήρυκα,</em></strong></span> <span class='ocrx_word' id='word_1_124' title='bbox 980 1759 1084 1829; x_wconf 85' lang='grc' dir='ltr'><strong><em>ούνο-</em></strong></span> 
     </span>
     <span class='ocr_line' id='line_1_17' title="bbox 75 1854 1083 1948; baseline -0.002 -20"><span class='ocrx_word' id='word_1_125' title='bbox 75 1861 175 1946; x_wconf 84' lang='grc' dir='ltr'><strong><em>μαστὶ</em></strong></span> <span class='ocrx_word' id='word_1_126' title='bbox 188 1861 296 1945; x_wconf 79' lang='grc' dir='ltr'><strong><em>λέγειν</em></strong></span> <span class='ocrx_word' id='word_1_127' title='bbox 312 1865 381 1926; x_wconf 79' lang='grc' dir='ltr'><strong><em>τῶν</em></strong></span> <span class='ocrx_word' id='word_1_128' title='bbox 391 1854 552 1943; x_wconf 82' lang='grc' dir='ltr'><strong><em>’Λργείων</em></strong></span> <span class='ocrx_word' id='word_1_129' title='bbox 561 1855 641 1935; x_wconf 87' lang='grc' dir='ltr'><strong><em>τούς</em></strong></span> <span class='ocrx_word' id='word_1_130' title='bbox 656 1859 693 1924; x_wconf 90' lang='grc' dir='ltr'><strong><em>ἐν</em></strong></span> <span class='ocrx_word' id='word_1_131' title='bbox 705 1865 752 1948; x_wconf 74' lang='grc' dir='ltr'><strong><em>τῷ</em></strong></span> <span class='ocrx_word' id='word_1_132' title='bbox 765 1861 826 1948; x_wconf 79' lang='grc' dir='ltr'><strong><em>ἱρῷ</em></strong></span> <span class='ocrx_word' id='word_1_133' title='bbox 842 1855 1083 1944; x_wconf 81' lang='grc' dir='ltr'><strong><em>ἀπεργμένους,</em></strong></span> 
     </span>
     <span class='ocr_line' id='line_1_18' title="bbox 77 1952 1084 2044; baseline -0.005 -16"><span class='ocrx_word' id='word_1_134' title='bbox 77 1959 227 2041; x_wconf 77' lang='grc' dir='ltr'><strong><em>ἐξεκάλεε</em></strong></span> <span class='ocrx_word' id='word_1_135' title='bbox 241 1959 278 2026; x_wconf 75' lang='grc' dir='ltr'><strong><em>δὲ</em></strong></span> <span class='ocrx_word' id='word_1_136' title='bbox 292 1953 359 2044; x_wconf 82' lang='grc' dir='ltr'><strong><em>φάς</em></strong></span> <span class='ocrx_word' id='word_1_137' title='bbox 375 1953 490 2024; x_wconf 79' lang='grc' dir='ltr'><strong><em>αὐτόν</em></strong></span> <span class='ocrx_word' id='word_1_138' title='bbox 503 1960 591 2041; x_wconf 77' lang='grc' dir='ltr'><strong><em>ἔχειν</em></strong></span> <span class='ocrx_word' id='word_1_139' title='bbox 605 1952 645 2023; x_wconf 84' lang='grc' dir='ltr'><strong><em>τά</em></strong></span> <span class='ocrx_word' id='word_1_140' title='bbox 661 1953 802 2024; x_wconf 73' lang='grc' dir='ltr'><strong><em>ἄποινα</em></strong></span> <span class='ocrx_word' id='word_1_141' title='bbox 825 1954 949 2025; x_wconf 86' lang='grc' dir='ltr'><strong><em>άποινα</em></strong></span> <span class='ocrx_word' id='word_1_142' title='bbox 964 1959 1008 2025; x_wconf 73' lang='grc' dir='ltr'><strong><em>δέ</em></strong></span> <span class='ocrx_word' id='word_1_143' title='bbox 1015 1959 1084 2025; x_wconf 81' lang='grc' dir='ltr'><strong><em>ἐστι</em></strong></span> 
     </span>
     <span class='ocr_line' id='line_1_19' title="bbox 79 2048 1145 2143; baseline -0.003 -16"><span class='ocrx_word' id='word_1_144' title='bbox 79 2062 378 2143; x_wconf 79' lang='grc' dir='ltr'><strong><em>Πελοποννησίοισι</em></strong></span> <span class='ocrx_word' id='word_1_145' title='bbox 393 2055 456 2122; x_wconf 79' lang='grc' dir='ltr'><strong><em>δύο</em></strong></span> <span class='ocrx_word' id='word_1_146' title='bbox 472 2059 569 2141; x_wconf 81' lang='grc' dir='ltr'><strong><em>μνέαι</em></strong></span> <span class='ocrx_word' id='word_1_147' title='bbox 586 2058 782 2141; x_wconf 86' lang='grc' dir='ltr'><strong><em>τεταγμέναι</em></strong></span> <span class='ocrx_word' id='word_1_148' title='bbox 797 2054 871 2123; x_wconf 86' lang='grc' dir='ltr'><strong><em>κατ’</em></strong></span> <span class='ocrx_word' id='word_1_149' title='bbox 886 2055 995 2140; x_wconf 71' lang='grc' dir='ltr'><strong><em>ἀνδρα</em></strong></span> <span class='ocrx_word' id='word_1_150' title='bbox 1012 2062 1084 2142; x_wconf 85' lang='grc' dir='ltr'><strong><em>αίχ-</em></strong></span> <span class='ocrx_word' id='word_1_151' title='bbox 1142 2048 1145 2053; x_wconf 48' lang='grc'><strong>’</strong></span> 
     </span>
     <span class='ocr_line' id='line_1_20' title="bbox 75 2146 1084 2245; baseline -0.004 -21"><span class='ocrx_word' id='word_1_152' title='bbox 75 2157 231 2245; x_wconf 86' lang='grc' dir='ltr'><strong><em>μάλωτον</em></strong></span> <span class='ocrx_word' id='word_1_153' title='bbox 246 2156 396 2222; x_wconf 80' lang='grc' dir='ltr'><strong><em>ἐκτίνειν.</em></strong></span> <span class='ocrx_word' id='word_1_154' title='bbox 418 2150 502 2220; x_wconf 85' lang='grc' dir='ltr'><strong><em>κατά</em></strong></span> <span class='ocrx_word' id='word_1_155' title='bbox 513 2154 721 2239; x_wconf 89' lang='grc' dir='ltr'><strong><em>πεντήκοντα</em></strong></span> <span class='ocrx_word' id='word_1_156' title='bbox 732 2152 773 2241; x_wconf 75' lang='grc' dir='ltr'><strong><em>δή</em></strong></span> <span class='ocrx_word' id='word_1_157' title='bbox 787 2146 836 2222; x_wconf 82' lang='grc' dir='ltr'><strong><em>άν</em></strong></span> <span class='ocrx_word' id='word_1_158' title='bbox 846 2162 915 2222; x_wconf 76' lang='grc' dir='ltr'><strong><em>τῶν</em></strong></span> <span class='ocrx_word' id='word_1_159' title='bbox 926 2152 1084 2241; x_wconf 86' lang='grc' dir='ltr'><strong><em>Ἀργείων</em></strong></span> 
     </span>
     <span class='ocr_line' id='line_1_21' title="bbox 77 2249 1083 2339; baseline -0.002 -16"><span class='ocrx_word' id='word_1_160' title='bbox 77 2254 122 2334; x_wconf 81' lang='grc' dir='ltr'><strong><em>ὡς</em></strong></span> <span class='ocrx_word' id='word_1_161' title='bbox 135 2254 295 2333; x_wconf 76' lang='grc' dir='ltr'><strong><em>ἑκάστους</em></strong></span> <span class='ocrx_word' id='word_1_162' title='bbox 316 2252 559 2337; x_wconf 77' lang='grc' dir='ltr'><strong><em>ἐκκαλεύμενος</em></strong></span> <span class='ocrx_word' id='word_1_163' title='bbox 574 2249 593 2319; x_wconf 88' lang='grc' dir='ltr'>ὁ</span> <span class='ocrx_word' id='word_1_164' title='bbox 608 2255 800 2339; x_wconf 85' lang='grc' dir='ltr'><strong><em>Κλεομένης</em></strong></span> <span class='ocrx_word' id='word_1_165' title='bbox 817 2260 950 2323; x_wconf 85' lang='grc' dir='ltr'><strong><em>ἔκτεινε.</em></strong></span> <span class='ocrx_word' id='word_1_166' title='bbox 979 2260 1083 2321; x_wconf 86' lang='grc' dir='ltr'><strong><em>ταῦτα</em></strong></span> 
     </span>
     <span class='ocr_line' id='line_1_22' title="bbox 76 2348 1083 2444; baseline -0.003 -21"><span class='ocrx_word' id='word_1_167' title='bbox 76 2358 116 2423; x_wconf 80' lang='grc' dir='ltr'><strong><em>δέ</em></strong></span> <span class='ocrx_word' id='word_1_168' title='bbox 127 2381 194 2434; x_wconf 91' lang='grc' dir='ltr'><strong><em>κως</em></strong></span> <span class='ocrx_word' id='word_1_169' title='bbox 207 2354 369 2440; x_wconf 90' lang='grc' dir='ltr'><strong><em>γινόμενα</em></strong></span> <span class='ocrx_word' id='word_1_170' title='bbox 385 2351 543 2438; x_wconf 79' lang='grc' dir='ltr'><strong><em>ἐλελήθεε</em></strong></span> <span class='ocrx_word' id='word_1_171' title='bbox 561 2348 641 2429; x_wconf 84' lang='grc' dir='ltr'><strong><em>τούς</em></strong></span> <span class='ocrx_word' id='word_1_172' title='bbox 660 2350 799 2431; x_wconf 85' lang='grc' dir='ltr'><strong><em>λοιπούς</em></strong></span> <span class='ocrx_word' id='word_1_173' title='bbox 813 2350 893 2432; x_wconf 84' lang='grc' dir='ltr'><strong><em>τούς</em></strong></span> <span class='ocrx_word' id='word_1_174' title='bbox 914 2356 951 2420; x_wconf 82' lang='grc' dir='ltr'><strong><em>ἐν</em></strong></span> <span class='ocrx_word' id='word_1_175' title='bbox 966 2359 1012 2444; x_wconf 80' lang='grc' dir='ltr'><strong><em>τῷ</em></strong></span> <span class='ocrx_word' id='word_1_176' title='bbox 1027 2380 1083 2420; x_wconf 89' lang='grc' dir='ltr'><strong><em>τε-</em></strong></span> 
     </span>
     <span class='ocr_line' id='line_1_23' title="bbox 75 2448 1085 2540; baseline -0.001 -19"><span class='ocrx_word' id='word_1_177' title='bbox 75 2459 184 2540; x_wconf 71' lang='grc' dir='ltr'><strong><em>μένεϊ·</em></strong></span> <span class='ocrx_word' id='word_1_178' title='bbox 211 2449 269 2518; x_wconf 85' lang='grc' dir='ltr'><strong><em>άτε</em></strong></span> <span class='ocrx_word' id='word_1_179' title='bbox 284 2450 350 2536; x_wconf 83' lang='grc' dir='ltr'><strong><em>γάρ</em></strong></span> <span class='ocrx_word' id='word_1_180' title='bbox 364 2456 498 2518; x_wconf 84' lang='grc' dir='ltr'><strong><em>πυκνοῦ</em></strong></span> <span class='ocrx_word' id='word_1_181' title='bbox 518 2450 633 2529; x_wconf 80' lang='grc' dir='ltr'><strong><em>ἐόντος</em></strong></span> <span class='ocrx_word' id='word_1_182' title='bbox 647 2457 708 2518; x_wconf 84' lang='grc' dir='ltr'><strong><em>τοῦ</em></strong></span> <span class='ocrx_word' id='word_1_183' title='bbox 727 2448 844 2530; x_wconf 84' lang='grc' dir='ltr'><strong><em>ἀλσεος</em></strong></span> <span class='ocrx_word' id='word_1_184' title='bbox 858 2448 922 2518; x_wconf 88' lang='grc' dir='ltr'><strong><em>ούκ</em></strong></span> <span class='ocrx_word' id='word_1_185' title='bbox 933 2449 1038 2538; x_wconf 74' lang='grc' dir='ltr'><strong><em>όύρεον</em></strong></span> <span class='ocrx_word' id='word_1_186' title='bbox 1051 2457 1085 2521; x_wconf 82' lang='grc' dir='ltr'><strong><em>ολ</em></strong></span> 
     </span>
     <span class='ocr_line' id='line_1_24' title="bbox 76 2547 1084 2637; baseline -0.003 -16"><span class='ocrx_word' id='word_1_187' title='bbox 76 2552 171 2630; x_wconf 85' lang='grc' dir='ltr'><strong><em>ἐντός</em></strong></span> <span class='ocrx_word' id='word_1_188' title='bbox 185 2547 265 2628; x_wconf 86' lang='grc' dir='ltr'><strong><em>τούς</em></strong></span> <span class='ocrx_word' id='word_1_189' title='bbox 281 2548 375 2627; x_wconf 81' lang='grc' dir='ltr'><strong><em>ἐκτός</em></strong></span> <span class='ocrx_word' id='word_1_190' title='bbox 395 2548 415 2616; x_wconf 86' lang='grc' dir='ltr'><strong><em>ό</em></strong></span> <span class='ocrx_word' id='word_1_191' title='bbox 434 2576 466 2617; x_wconf 93' lang='grc' dir='ltr'><strong><em>τι</em></strong></span> <span class='ocrx_word' id='word_1_192' title='bbox 487 2554 673 2636; x_wconf 78' lang='grc' dir='ltr'><strong><em>ἔπρησσον,</em></strong></span> <span class='ocrx_word' id='word_1_193' title='bbox 695 2555 776 2633; x_wconf 90' lang='grc' dir='ltr'><strong><em>πρίν</em></strong></span> <span class='ocrx_word' id='word_1_194' title='bbox 796 2576 834 2635; x_wconf 86' lang='grc' dir='ltr'><strong><em>γε</em></strong></span> <span class='ocrx_word' id='word_1_195' title='bbox 849 2549 888 2637; x_wconf 78' lang='grc' dir='ltr'><strong><em>δή</em></strong></span> <span class='ocrx_word' id='word_1_196' title='bbox 908 2548 1021 2617; x_wconf 78' lang='grc' dir='ltr'><strong><em>αὐτῶν</em></strong></span> <span class='ocrx_word' id='word_1_197' title='bbox 1033 2576 1084 2629; x_wconf 89' lang='grc' dir='ltr'><strong><em>τις</em></strong></span> 
     </span>
     <span class='ocr_line' id='line_1_25' title="bbox 77 2641 1081 2738; baseline -0.003 -18"><span class='ocrx_word' id='word_1_198' title='bbox 77 2646 205 2738; x_wconf 80' lang='grc' dir='ltr'><strong><em>ἀναβάς</em></strong></span> <span class='ocrx_word' id='word_1_199' title='bbox 220 2650 272 2716; x_wconf 79' lang='grc' dir='ltr'><strong><em>ἐπὶ</em></strong></span> <span class='ocrx_word' id='word_1_200' title='bbox 295 2649 435 2733; x_wconf 81' lang='grc' dir='ltr'><strong><em>όένόρος</em></strong></span> <span class='ocrx_word' id='word_1_201' title='bbox 460 2653 589 2715; x_wconf 76' lang='grc' dir='ltr'><strong><em>κατεῖδε</em></strong></span> <span class='ocrx_word' id='word_1_202' title='bbox 608 2646 645 2715; x_wconf 86' lang='grc' dir='ltr'><strong><em>τὸ</em></strong></span> <span class='ocrx_word' id='word_1_203' title='bbox 660 2645 872 2732; x_wconf 87' lang='grc' dir='ltr'><strong><em>ποιεύμενον.</em></strong></span> <span class='ocrx_word' id='word_1_204' title='bbox 898 2644 960 2714; x_wconf 81' lang='grc' dir='ltr'><strong><em>οὐκ</em></strong></span> <span class='ocrx_word' id='word_1_205' title='bbox 978 2641 1027 2716; x_wconf 76' lang='grc' dir='ltr'><strong><em>ὦν</em></strong></span> <span class='ocrx_word' id='word_1_206' title='bbox 1043 2647 1081 2734; x_wconf 61' lang='grc' dir='ltr'><strong><em>δὴ</em></strong></span> 
     </span>
     <span class='ocr_line' id='line_1_26' title="bbox 76 2743 1126 2833; baseline -0.005 -13"><span class='ocrx_word' id='word_1_207' title='bbox 76 2757 124 2819; x_wconf 77' lang='grc' dir='ltr'><strong><em>ἔτι</em></strong></span> <span class='ocrx_word' id='word_1_208' title='bbox 139 2746 337 2832; x_wconf 88' lang='grc' dir='ltr'><strong><em>καλεόμενοι</em></strong></span> <span class='ocrx_word' id='word_1_209' title='bbox 352 2746 494 2833; x_wconf 85' lang='grc' dir='ltr'><strong><em>ἐξήισαν.</em></strong></span> <span class='ocrx_word' id='word_1_210' title='bbox 530 2744 696 2813; x_wconf 81' lang='grc' dir='ltr'><strong><em>Ἐ-νθαύτα</em></strong></span> <span class='ocrx_word' id='word_1_211' title='bbox 712 2743 752 2831; x_wconf 76' lang='grc' dir='ltr'><strong><em>δή</em></strong></span> <span class='ocrx_word' id='word_1_212' title='bbox 768 2744 787 2812; x_wconf 84' lang='grc' dir='ltr'>ὁ</span> <span class='ocrx_word' id='word_1_213' title='bbox 804 2748 995 2833; x_wconf 83' lang='grc' dir='ltr'><strong><em>Κλεομένης</em></strong></span> <span class='ocrx_word' id='word_1_214' title='bbox 1009 2749 1082 2815; x_wconf 84' lang='grc' dir='ltr'><strong><em>έκέ-</em></strong></span> <span class='ocrx_word' id='word_1_215' title='bbox 1092 2752 1126 2805; x_wconf 72' lang='grc'><strong><em>80</em></strong></span> 
     </span>
     <span class='ocr_line' id='line_1_27' title="bbox 76 2841 1081 2933; baseline -0.005 -16"><span class='ocrx_word' id='word_1_216' title='bbox 76 2858 153 2918; x_wconf 89' lang='grc' dir='ltr'><strong><em>λενε</em></strong></span> <span class='ocrx_word' id='word_1_217' title='bbox 167 2845 278 2913; x_wconf 90' lang='grc' dir='ltr'><strong><em>πάντα</em></strong></span> <span class='ocrx_word' id='word_1_218' title='bbox 292 2841 368 2912; x_wconf 82' lang='grc' dir='ltr'><strong><em>τινά</em></strong></span> <span class='ocrx_word' id='word_1_219' title='bbox 388 2850 457 2912; x_wconf 79' lang='grc' dir='ltr'><strong><em>τῶν</em></strong></span> <span class='ocrx_word' id='word_1_220' title='bbox 476 2844 639 2912; x_wconf 74' lang='grc' dir='ltr'><strong><em>εἱλωτέων</em></strong></span> <span class='ocrx_word' id='word_1_221' title='bbox 653 2845 820 2929; x_wconf 84' lang='grc' dir='ltr'><strong><em>περινέειν</em></strong></span> <span class='ocrx_word' id='word_1_222' title='bbox 833 2844 899 2933; x_wconf 78' lang='grc' dir='ltr'><strong><em>ὕλη</em></strong></span> <span class='ocrx_word' id='word_1_223' title='bbox 915 2845 953 2914; x_wconf 85' lang='grc' dir='ltr'><strong><em>τό</em></strong></span> <span class='ocrx_word' id='word_1_224' title='bbox 971 2846 1081 2932; x_wconf 81' lang='grc' dir='ltr'><strong><em>ἄλσος,</em></strong></span> 
     </span>
     <span class='ocr_line' id='line_1_28' title="bbox 76 2941 1082 3031; baseline -0.002 -16"><span class='ocrx_word' id='word_1_225' title='bbox 76 2954 145 3015; x_wconf 76' lang='grc' dir='ltr'><strong><em>τῶν</em></strong></span> <span class='ocrx_word' id='word_1_226' title='bbox 155 2947 191 3013; x_wconf 73' lang='grc' dir='ltr'><strong><em>δὲ</em></strong></span> <span class='ocrx_word' id='word_1_227' title='bbox 202 2946 417 3031; x_wconf 75' lang='grc' dir='ltr'><strong><em>πειθομένων</em></strong></span> <span class='ocrx_word' id='word_1_228' title='bbox 428 2948 588 3031; x_wconf 83' lang='grc' dir='ltr'><strong><em>ἐνέπρησε</em></strong></span> <span class='ocrx_word' id='word_1_229' title='bbox 599 2941 636 3010; x_wconf 83' lang='grc' dir='ltr'><strong><em>τό</em></strong></span> <span class='ocrx_word' id='word_1_230' title='bbox 649 2942 757 3022; x_wconf 88' lang='grc' dir='ltr'><strong><em>ἀλσος.</em></strong></span> <span class='ocrx_word' id='word_1_231' title='bbox 774 2948 956 3031; x_wconf 85' lang='grc' dir='ltr'><strong><em>καιομένου</em></strong></span> <span class='ocrx_word' id='word_1_232' title='bbox 970 2946 1006 3013; x_wconf 73' lang='grc' dir='ltr'><strong><em>δέ</em></strong></span> <span class='ocrx_word' id='word_1_233' title='bbox 1018 2946 1062 3031; x_wconf 79' lang='grc' dir='ltr'><strong><em>ήό</em></strong></span> <span class='ocrx_word' id='word_1_234' title='bbox 1065 2974 1082 3029; x_wconf 89' lang='grc' dir='ltr'><strong><em>η</em></strong></span> 
     </span>
     <span class='ocr_line' id='line_1_29' title="bbox 76 3041 1083 3131; baseline -0.001 -18"><span class='ocrx_word' id='word_1_235' title='bbox 76 3049 223 3130; x_wconf 85' lang='grc' dir='ltr'><strong><em>ἐπείρετο</em></strong></span> <span class='ocrx_word' id='word_1_236' title='bbox 238 3049 307 3110; x_wconf 77' lang='grc' dir='ltr'><strong><em>τῶν</em></strong></span> <span class='ocrx_word' id='word_1_237' title='bbox 321 3042 397 3111; x_wconf 79' lang='grc' dir='ltr'><strong><em>τινὰ</em></strong></span> <span class='ocrx_word' id='word_1_238' title='bbox 412 3041 620 3131; x_wconf 80' lang='grc' dir='ltr'><strong><em>αὐτομόλων,</em></strong></span> <span class='ocrx_word' id='word_1_239' title='bbox 636 3049 727 3121; x_wconf 90' lang='grc' dir='ltr'><strong><em>τίνος</em></strong></span> <span class='ocrx_word' id='word_1_240' title='bbox 745 3052 794 3128; x_wconf 74' lang='grc' dir='ltr'><strong><em>εἴη</em></strong></span> <span class='ocrx_word' id='word_1_241' title='bbox 810 3052 903 3112; x_wconf 78' lang='grc' dir='ltr'><strong><em>θεῶν</em></strong></span> <span class='ocrx_word' id='word_1_242' title='bbox 917 3042 954 3112; x_wconf 82' lang='grc' dir='ltr'><strong><em>τό</em></strong></span> <span class='ocrx_word' id='word_1_243' title='bbox 972 3042 1083 3131; x_wconf 79' lang='grc' dir='ltr'><strong><em>ἀλσυς,</em></strong></span> 
     </span>
     <span class='ocr_line' id='line_1_30' title="bbox 76 3139 1084 3229; baseline -0.004 -17"><span class='ocrx_word' id='word_1_244' title='bbox 76 3142 146 3212; x_wconf 73' lang='grc' dir='ltr'><strong><em>ὁόέ</em></strong></span> <span class='ocrx_word' id='word_1_245' title='bbox 160 3140 356 3228; x_wconf 77' lang='grc' dir='ltr'><strong><em>ἔφη”Αργου</em></strong></span> <span class='ocrx_word' id='word_1_246' title='bbox 368 3142 469 3211; x_wconf 79' lang='grc' dir='ltr'><strong><em>εἶναι·</em></strong></span> <span class='ocrx_word' id='word_1_247' title='bbox 483 3141 502 3211; x_wconf 86' lang='grc' dir='ltr'><strong><em>ό</em></strong></span> <span class='ocrx_word' id='word_1_248' title='bbox 515 3144 552 3211; x_wconf 76' lang='grc' dir='ltr'><strong><em>δὲ</em></strong></span> <span class='ocrx_word' id='word_1_249' title='bbox 563 3140 608 3221; x_wconf 78' lang='grc' dir='ltr'><strong><em>ὡς</em></strong></span> <span class='ocrx_word' id='word_1_250' title='bbox 617 3139 752 3229; x_wconf 79' lang='grc' dir='ltr'><strong><em>ἤκουσε,</em></strong></span> <span class='ocrx_word' id='word_1_251' title='bbox 764 3140 989 3223; x_wconf 82' lang='grc' dir='ltr'><strong><em>ἀναστενάξας</em></strong></span> <span class='ocrx_word' id='word_1_252' title='bbox 1000 3144 1084 3228; x_wconf 86' lang='grc' dir='ltr'><strong><em>μέγα</em></strong></span> 
     </span>
     <span class='ocr_line' id='line_1_31' title="bbox 77 3232 1084 3328; baseline -0.002 -19"><span class='ocrx_word' id='word_1_253' title='bbox 77 3240 164 3309; x_wconf 81' lang='grc' dir='ltr'><strong><em>εἶπε·</em></strong></span> <span class='ocrx_word' id='word_1_254' title='bbox 195 3232 235 3307; x_wconf 78' lang='grc' dir='ltr'><em>Ὦ</em></span> <span class='ocrx_word' id='word_1_255' title='bbox 249 3239 416 3311; x_wconf 78' lang='grc' dir='ltr'><strong><em>’Ἄπολλον</em></strong></span> <span class='ocrx_word' id='word_1_256' title='bbox 430 3241 622 3328; x_wconf 79' lang='grc' dir='ltr'><strong><em>χρηστήριε,</em></strong></span> <span class='ocrx_word' id='word_1_257' title='bbox 644 3234 667 3327; x_wconf 82' lang='grc' dir='ltr'><strong><em>ή</em></strong></span> <span class='ocrx_word' id='word_1_258' title='bbox 687 3241 839 3326; x_wconf 88' lang='grc' dir='ltr'><strong><em>μεγάλως</em></strong></span> <span class='ocrx_word' id='word_1_259' title='bbox 856 3266 897 3327; x_wconf 87' lang='grc' dir='ltr'><strong><em>με</em></strong></span> <span class='ocrx_word' id='word_1_260' title='bbox 912 3238 1084 3326; x_wconf 79' lang='grc' dir='ltr'><strong><em>ἠπάτηκας</em></strong></span> 
     </span>
     <span class='ocr_line' id='line_1_32' title="bbox 77 3335 1081 3426; baseline 0 -21"><span class='ocrx_word' id='word_1_261' title='bbox 77 3337 353 3426; x_wconf 67' lang='grc' dir='ltr'><strong><em>φάμενοςἍργος</em></strong></span> <span class='ocrx_word' id='word_1_262' title='bbox 363 3342 532 3426; x_wconf 85' lang='grc' dir='ltr'><strong><em>αίρήσειυ·</em></strong></span> <span class='ocrx_word' id='word_1_263' title='bbox 548 3342 783 3426; x_wconf 85' lang='grc' dir='ltr'><strong><em>συμβάλλομαι</em></strong></span> <span class='ocrx_word' id='word_1_264' title='bbox 796 3337 827 3405; x_wconf 77' lang='grc' dir='ltr'><strong><em>δ’</em></strong></span> <span class='ocrx_word' id='word_1_265' title='bbox 837 3338 966 3426; x_wconf 80' lang='grc' dir='ltr'><strong><em>ἐξήκειν</em></strong></span> <span class='ocrx_word' id='word_1_266' title='bbox 976 3364 1033 3423; x_wconf 87' lang='grc' dir='ltr'><strong><em>μοι</em></strong></span> <span class='ocrx_word' id='word_1_267' title='bbox 1044 3335 1081 3405; x_wconf 86' lang='grc' dir='ltr'><strong><em>τό</em></strong></span> 
     </span>
     <span class='ocr_line' id='line_1_33' title="bbox 77 3434 1122 3525; baseline -0.003 -21"><span class='ocrx_word' id='word_1_268' title='bbox 77 3434 284 3523; x_wconf 76' lang='grc' dir='ltr'><strong><em>χρηστήριον.</em></strong></span> <span class='ocrx_word' id='word_1_269' title='bbox 319 3435 414 3506; x_wconf 85' lang='grc' dir='ltr'><strong><em>Μετά</em></strong></span> <span class='ocrx_word' id='word_1_270' title='bbox 429 3441 466 3507; x_wconf 75' lang='grc' dir='ltr'><strong><em>δέ</em></strong></span> <span class='ocrx_word' id='word_1_271' title='bbox 484 3446 587 3507; x_wconf 86' lang='grc' dir='ltr'><strong><em>ταῦτα</em></strong></span> <span class='ocrx_word' id='word_1_272' title='bbox 602 3438 620 3506; x_wconf 90' lang='grc' dir='ltr'>ὁ</span> <span class='ocrx_word' id='word_1_273' title='bbox 635 3447 826 3525; x_wconf 81' lang='grc' dir='ltr'><strong><em>Κλεομένης</em></strong></span> <span class='ocrx_word' id='word_1_274' title='bbox 841 3436 903 3525; x_wconf 84' lang='grc' dir='ltr'><strong><em>τὴν</em></strong></span> <span class='ocrx_word' id='word_1_275' title='bbox 916 3440 978 3524; x_wconf 73' lang='grc' dir='ltr'><strong><em>μὲν</em></strong></span> <span class='ocrx_word' id='word_1_276' title='bbox 992 3440 1122 3507; x_wconf 74' lang='grc' dir='ltr'><strong><em>πλέωδ]</em></strong></span> 
     </span>
    </p>
   </div>
   <div class='ocr_carea' id='block_1_3' title="bbox 0 0 1254 3925">
    <p class='ocr_par' dir='ltr' id='par_1_3' title="bbox 0 0 1254 3925">
     <span class='ocr_line' id='line_1_34' title="bbox 0 0 1254 3925; baseline 0 0"><span class='ocrx_word' id='word_1_277' title='bbox 0 0 1254 3925; x_wconf 95' lang='lat' dir='ltr'><strong><em> </em></strong></span> 
     </span>
    </p>
   </div>
  </div>
 </body>
</html>
