2500 3925
379 243 561 302 mvm.
602 243 698 300 cAP.
727 247 819 299 1-6.
1047 240 1109 301 227
1221 268 1222 279 ι

99 418 158 501 τάς
171 412 312 507 Ἀφετάς
329 416 383 484 καὶ
401 419 553 502 στρατιῆς
565 409 694 482 ἅπαντα
709 414 804 501 πλέα,
823 414 893 484 ἐπεὶ
907 410 1037 485 αὐτοῖσι
1048 442 1109 487 πα·

100 517 144 610 μά
158 515 311 601 δόξαντά
325 512 499 606 πρήγματα
512 520 579 583 τῶν
592 511 774 605 βαρβάρων
787 511 946 603 άπέβαινε
959 508 981 604 ἢ
995 513 1038 596 ῦς
1052 512 1110 589 αῦ-

91 623 150 690 τοὶ
165 617 374 704 κατεδόκεον,
393 611 708 706 καταρρωδήσαντες
727 613 876 705 δρησμὸν
894 615 1110 703 ἐβουλεύοντο
1225 692 1227 713 2

100 719 167 791 ἆπό
191 725 251 790 τοῦ
272 715 478 806 ’Λρτεμισίον
502 723 567 787 ἔσω
592 719 625 798 ἐς
647 714 710 805 τήν
728 711 879 787 Ἐλλάδα.
914 715 1048 805 γνόντες
1073 723 1112 792 δέ
1226 717 1228 773 ³

101 848 206 912 σφεας
224 825 260 891 οἱ
275 818 421 908 Εὐβοέες
446 820 550 887 ταῦτα
566 820 831 905 βουλευομένους
850 819 980 889 ἐδέοντο
999 818 1110 909 Εόρυ·
1228 858 1230 903 3

101 921 228 1012 βιάδεω
245 937 441 1012 προσμεῖναι
458 917 580 1008 χρόνον
595 915 728 1007 ὀλίγον,
754 916 820 989 ἐστ’
841 912 884 988 ἂν
900 918 995 990 αὐτοὶ
1011 925 1111 993 τέκνα
1230 975 1231 1005 ,

65 1039 68 1049 “
101 1025 205 1095 τεκαὶ
217 1017 685 1104 τοδςοίκέταςόπεκθέωνται.
706 1015 752 1101 ὥς
766 1020 803 1090 δέ
816 1018 879 1100 οῦκ
892 1024 1041 1112 ἔπειθον,
1055 1052 1110 1114 με·

11 1149 12 1152 ’
100 1122 261 1212 ταβάντες
277 1123 336 1193 τὸν
355 1119 546 1211 Ἀθηναίων
569 1118 754 1212 στρατηγόν
775 1129 933 1192 πείθουσι
952 1134 1111 1213 Θεμιστο-
1232 1149 1233 1177 ³

100 1230 181 1296 κλέα
199 1225 252 1295 ἐπί
269 1226 383 1317 μισθῷ
393 1220 572 1314 τριήκοντα
582 1220 783 1311 ταλάντοισι,
798 1218 851 1293 ἐπ’
866 1213 942 1317 ᾦτε
954 1233 1111 1316 καταμεί-
1233 1244 1234 1251 ’

100 1354 218 1408 υαντες
236 1322 299 1416 πρό
316 1330 375 1413 τῆς
392 1323 539 1415 Εὐβοίης
556 1321 750 1413 ποιήσονται
768 1321 829 1413 τήν
846 1332 1041 1415 ναυμαχίην.
1074 1326 1109 1398 ‘0
1125 1337 1141 1388 ο

10 1449 13 1480 ι
102 1428 141 1498 δὲ
154 1429 394 1516 Θεμιστοκλέης
404 1423 482 1504 τοῦς
487 1421 650 1515 Ἓλληνας
663 1428 811 1515 ἐπισχεῖν
824 1416 890 1495 τόδε
902 1430 1021 1497 ποιέει·
1039 1424 1109 1499 Εῦ-

102 1526 248 1620 ρυβιάδη
264 1524 392 1597 τοῦτον
404 1528 473 1597 τοῖν
483 1527 662 1615 χρημάτων
673 1531 848 1616 μεταδιδοῖ
857 1528 955 1597 πέντε
967 1526 1111 1598 τάλαντα

103 1625 147 1710 άς
164 1626 246 1720 παρ’
260 1630 387 1698 ἑωυτοῦ
399 1630 507 1717 δῆθεν
520 1624 643 1710 διδοῦς.
672 1624 716 1707 ὦς
730 1628 771 1696 δέ
778 1631 813 1696 οἱ
827 1614 923 1710 οῦτος
935 1624 1110 1701 άυεπέπει-

105 1749 176 1800 στο·
201 1727 413 1820 Ἀδείμαντος
436 1723 500 1817 γάρ
522 1723 697 1800 όὨκάτου
713 1735 909 1818 Κορινθίων
931 1729 1110 1820 στρατηγὸς

13 1854 16 1866 ·
103 1835 170 1901 τῶν
187 1832 314 1901 λοιπῶν
329 1827 471 1920 ἤσπαιρε
483 1834 618 1918 μοῦνος,
638 1825 785 1919 φάμενος
799 1827 1063 1902 άποπλόσεσθαί
1075 1858 1110 1902 τι

12 1986 14 1991 ,
103 1929 167 2002 άπό
178 1934 239 2003 τοῦ
252 1926 458 2022 Ἀρτεμισίου
471 1933 526 2002 καὶ
538 1927 579 2002 οῦ
592 1932 824 2021 παραμενέειν·
843 1931 924 2020 πρὸς
938 1931 980 2022 δή
993 1937 1111 2004 τοῦτον

12 2031 17 2091 ἕ
104 2028 209 2104 εἶπεό
228 2035 467 2122 Θεμιστοκλέης
482 2031 660 2121 ἐπομόσας·
687 2028 738 2103 Οῦ
755 2031 800 2104 συ’
810 2061 849 2122 γε
865 2028 966 2122 ήμέας
979 2032 1109 2105 άπολεί·

13 2126 15 2137 ’
103 2151 194 2222 ψεις,
214 2138 290 2204 ἐπεί
302 2161 352 2203 τοι
367 2129 430 2223 ἐγῦ
449 2136 533 2223 μέζω
553 2137 644 2221 δῶρα
658 2131 771 2224 δάσω,
790 2129 812 2222 ή
828 2135 984 2221 βασιλεῦς
1001 2133 1044 2207 ῦν
1060 2163 1110 2205 τοι

103 2235 120 2306 ὁ
132 2233 265 2324 Μήδων
278 2237 417 2325 πέμψειε
427 2232 623 2308 ἀπολιπόντι
635 2233 711 2316 τοῦς
720 2231 921 2325 συμμάχους.
952 2234 1063 2308 Ταῦτά
1074 2263 1110 2306 τε

103 2335 169 2427 ἅμα
185 2334 326 2427 ήγόρευε
338 2339 394 2406 καί
409 2339 528 2426 πέμπει
543 2340 597 2409 ἐπί
611 2336 673 2427 τήν
685 2339 744 2408 νέα
757 2335 819 2425 τήν
830 2331 1042 2425 Ἀδειμάντου
1054 2336 1110 2406 τά·

17 2450 19 2485 ³
103 2449 206 2507 λαυτα
228 2433 392 2526 άργυρίον
414 2445 498 2529 τρία.
535 2428 630 2509 οῦτοί
651 2465 686 2508 τε
709 2434 751 2524 δή
774 2437 953 2523 πληγέντες
972 2436 1109 2526 δώροισι

17 2547 20 2560 “
104 2535 379 2626 ἀναπεπεισμένοι
391 2529 488 2626 ἦσαν,
499 2541 556 2608 καὶ
567 2554 651 2608 τοῖσι
661 2533 831 2624 Εὐβοεῦσι
841 2535 1039 2626 ἐκεχάριστο,
1052 2534 1110 2608 αό-

103 2638 158 2722 τός
174 2636 244 2709 τεῦ
264 2640 501 2729 Θεμιστοκλέης
519 2641 694 2727 ἐκέρδηνε,
719 2635 884 2708 ἐλάνθανε
901 2639 939 2708 δέ
955 2636 995 2708 τά
1012 2639 1111 2709 λοιπά

105 2748 200 2831 ἔχων,
218 2735 292 2808 ἄλλ’
311 2735 487 2829 ήπιστέατο
504 2745 539 2809 οί
551 2735 795 2828 μεταλαβόντες
813 2735 940 2811 τοῦτον
953 2746 1021 2810 τεόν
1033 2769 1110 2830 χρη·

104 2839 227 2932 μάτων,
256 2844 292 2911 έκ
309 2846 376 2911 τῶν
390 2837 560 2930 Ἀθηνέων
578 2844 693 2911 έλθείν
711 2843 764 2910 ἐπὶ
780 2842 827 2933 τῷ
843 2838 931 2934 λόγῳ
948 2840 1053 2934 τούτῳ
1071 2841 1109 2910 τά

104 2940 262 3032 νοήματα·

177 3039 273 3114 Οῦτω
295 3041 338 3131 δὴ
355 3041 551 3134 κατέμεινάν
572 3070 609 3113 τε
634 3047 670 3113 έν
686 3045 728 3132 τῇ
745 3039 874 3130 Εῦβοίη
892 3045 947 3112 καὶ
965 3041 1141 3132 ἔννομά-6

107 3167 217 3235 χησαυ.
252 3147 380 3233 ἐγένετο
398 3146 435 3215 δὲ
453 3136 534 3215 οἶδε·
575 3144 682 3212 ἐπείτε
702 3141 744 3231 δή
762 3147 794 3226 ἐς
811 3140 868 3224 τάς
883 3139 1019 3233 Ἀιγετδς
1032 3147 1107 3232 περί

108 3253 220 3335 δείλην
237 3253 367 3334 πρωληυ
388 3249 566 3335 γινομένην
582 3243 723 3316 άπίκατο
746 3249 781 3314 οί
794 3241 974 3334 βάρβαροι,
998 3245 1108 3316 πυθό-

107 3375 196 3437 μενοι
220 3347 282 3435 μὲν
299 3354 346 3416 ἔτι
364 3349 418 3416 καὶ
437 3344 598 3435 πρότερον
614 3348 692 3435 περὶ
708 3342 745 3414 τό
765 3341 969 3434 Ἀρτεμίσιον
985 3356 1107 3416 ναυλο-

107 3451 192 3538 χέειν
202 3448 280 3529 νέας
294 3442 486 3536 Ἑλληνίδας
498 3444 623 3537 όλίγας,
634 3446 708 3516 τότε
719 3446 756 3515 δέ
768 3444 863 3516 αὐτοὶ
876 3445 1015 3534 ίδόντες,
1029 3445 1108 3537 πρό·

107 3563 206 3639 θυμοι
224 3539 311 3638 ήσαν
328 3552 534 3640 ἐπιχειρέειν,
553 3561 586 3619 εί
598 3577 665 3629 κως
683 3551 789 3618 ἕλοιεν
806 3543 914 3629 αάτάς.
944 3553 981 3619 έκ
992 3549 1053 3640 μέν
1065 3546 1112 3635 δή

898 3653 930 3705 15
939 3651 955 3681 ⁸¹
