2500 3925
196 237 261 301 24⁴
568 246 819 306 HERODOTI

195 408 263 467 θεν
276 400 636 492 πορεύεσθαιῆρξανιο
648 412 682 478 οἱ
694 406 906 495 βάρβαροι,”
885 432 947 474 ενα
957 402 1077 477 αότου
1059 408 1204 489 διατρὶ
1232 364 1234 465 1

196 512 319 581 φαιτες
331 507 439 590 μῆνα,
453 504 491 571 ἐν
505 529 552 595 τφ
537 508 738 593 διέβαινον
747 501 830 587 ἐς
795 530 857 591 την
867 501 1063 595 Εάρόπησ,
1082 505 1123 573 ἐν
1134 486 1234 588 τρισ1

194 601 336 685 ἑτέροισι
349 603 429 687 μησί
441 603 597 688 ἐγένοντο
611 606 650 672 ἐν
663 629 703 693 τη
689 600 853 693 Ἀττικῇ,
867 599 1120 672 Καλλιόδεω”
1095 625 1234 689 αρχον-

193 723 251 777 τος
261 695 478 786 Ἀθηναίοισι.
500 704 557 772 καλ
570 707 720 790 αἱρέουσι
736 700 910 791 ἐρῆμον
874 730 912 773 το
928 702 1031 790 ἀστυ,
1049 708 1118 771 καί
1126 726 1204 777 τινας

192 792 329 882 ὀλίγους
339 795 533 883 εὑρίσκουσι
542 808 612 870 τόν
622 799 813 889 Ἀθηναίων
822 802 860 869 ἐν
869 806 916 893 τῷ
927 805 992 893 ἱρῷ
1005 799 1146 885 ἐόντας,
1160 826 1204 865 τε·

191 899 271 981 μίας
282 922 318 964 τε
330 903 392 966 τοῦ
406 902 485 986 ἱροῦ
497 900 553 968 καί
562 902 705 987 πένητας
716 896 934 988 ἀνθρώπους,
950 904 988 967 οἱ
997 896 1204 985 φραξάμενοι

193 988 256 1079 τὴν
266 989 452 1080 ἀκρόπολιν
461 995 593 1087 θόρησί
597 1022 634 1066 τε
647 999 702 1066 καὶ
713 995 842 1078 ξύλοισι
853 992 1033 1082 ἠμύνοντο
1046 991 1137 1072 τούς
1147 992 1204 1059 ἐτν

191 1090 309 1173 όντας,
330 1088 400 1178 ἀμα
419 1092 482 1179 μέν
500 1092 562 1163 ὑπ’
578 1092 757 1182 ἀσθενείης
777 1101 855 1183 βίον
869 1091 933 1163 οάκ
954 1093 1204 1181 ἐκχωρήσαντες

192 1192 226 1269 ἒε·
238 1198 432 1278 Σαλαμίνα,
453 1191 538 1281 πρός
560 1194 597 1266 δὲ
617 1192 714 1264 αότοὶ
730 1196 904 1275 δοκέοντες
924 1194 1158 1281 ἐξευρηκέναι
1177 1187 1203 1258 τὸ

191 1288 365 1379 μαντήϊον,
375 1288 414 1360 τὸ
424 1288 446 1379 ἡ
456 1299 573 1381 Πυθίη
583 1314 645 1381 σφι
657 1299 785 1381 ἔχρησε,
796 1289 834 1361 τό
848 1290 989 1373 ξύλινον
1000 1304 1122 1377 τεῖχος
1133 1288 1204 1357 ἀντ’·

190 1393 300 1456 λωτον
310 1392 464 1478 ἔσεσθαι,
480 1395 536 1460 καὶ
549 1389 632 1460 αὐτὸ
644 1389 685 1478 δὴ
696 1397 795 1459 τοῦτο
807 1387 893 1459 εἶναι
907 1387 946 1457 τό
961 1388 1204 1477 κρησφύγετον
1231 1414 1232 1425 2

140 1510 177 1565 ω
193 1483 277 1554 κατὰ
291 1484 329 1556 τό
344 1488 517 1579 μαντήιον,
533 1493 589 1561 καὶ
603 1490 646 1561 οὐ
659 1489 718 1571 τὰς
732 1492 818 1571 νέας.
841 1493 886 1559 Οἱ
900 1489 937 1559 111
949 1491 1094 1576 Πέρσαι
1107 1490 1203 1575 ἱζόμε

190 1608 245 1653 νοι
260 1585 314 1654 ἐπί
326 1584 388 1656 τόν
403 1597 584 1660 καταντίον
596 1597 656 1677 τῆς
669 1586 871 1675 ἀκροπόλιος
884 1585 1006 1675 ὄχθον,
1022 1586 1098 1658 τόν
1113 1585 1203 1672 Ἀθη
1231 1594 1232 1681 ¹

188 1696 278 1752 ναῖοι
291 1688 450 1757 καλέουσι
463 1687 597 1778 Ἀρηέον
610 1690 739 1776 πάγον,
754 1684 972 1771 ἐπολιόρκεον
987 1686 1135 1774 τρόπον
1148 1711 1200 1754 τοι·

187 1782 284 1853 όνόε·
302 1781 389 1865 ὅκως
398 1802 558 1859 στνπείον
570 1789 646 1876 περί
656 1784 736 1866 τούς
746 1781 879 1865 ὀιστοὺς
889 1786 1105 1871 περιθέντες
1118 1782 1201 1866 ἅψει-

187 1906 248 1968 αν,
268 1881 424 1964 έτόξευον
437 1888 472 1967 ἐς
483 1883 521 1955 τό
537 1885 685 1975 φράγμα.
706 1884 855 1953 ἐνθαῦτα
871 1877 1078 1970 Ἀθηναίων
1097 1886 1137 1951 οἱ
1152 1906 1201 1949 πο

186 1980 417 2069 λιορκεόμενοι
432 1982 523 2072 ὅμως
534 1982 723 2073 ἠμύνοντο,
740 1988 858 2069 καίπερ
874 1980 908 2060 ἐς
921 1976 959 2048 τό
979 1985 1139 2068 ἔσχατον
1153 2008 1201 2049 πα·

145 2093 149 2098 ’
185 2085 250 2148 κοῦ
266 2075 444 2166 ἀπιγμένοι
460 2086 516 2152 καί
534 2091 596 2153 τοῦ
612 2083 812 2169 ,φράγματος
826 2077 1106 2167 προδεδωκότος.
1134 2075 1201 2148 οάἱὶ

184 2174 308 2262 λόγους
322 2185 392 2247 τῶν
409 2183 711 2269 Πεισιστρατιδέων
727 2174 994 2265 προσφερόντων
1014 2179 1109 2264 περὶ
1130 2174 1204 2264 όμο-
1232 2199 1233 2279 ¹

183 2279 298 2361 λογίης
308 2276 512 2367 ἐνεδέκοντο,
520 2277 729 2367 ἀμυνόμενοι
740 2276 776 2346 δέ
786 2272 871 2344 ἀλλα
883 2270 1200 2364 τεάντεμηχανεον
1232 2303 1233 2380 ¹

182 2397 221 2440 το
234 2374 291 2442 καί
304 2370 346 2462 δὴ
357 2378 413 2445 καί
423 2379 636 2467 προσιόντων
645 2384 715 2446 τῶν
724 2373 908 2465 βαρβάρων
917 2369 1006 2459 πρὸς
1016 2372 1089 2456 τάς
1099 2375 1203 2451 πόλις
1232 2405 1233 2475 ¹

182 2469 397 2562 ὀλοιτρόχους
415 2475 558 2550 ἀπίεσαν
581 2478 667 2549 όστε
689 2479 818 2564 Ξέρξην
835 2474 889 2544 ίπ1
909 2473 1044 2562 χρόνον
1075 2475 1202 2565 συχνόν
1232 2493 1233 2584 ¹

134 2597 168 2652 σε
182 2571 338 2664 ἀπορὶησι
354 2580 528 2702 ἐνέχεσθαι
548 2577 591 2648 οά
605 2576 798 2665 όννάμενόν
818 2596 922 2662 σφεας
936 2575 1037 2645 έλεὶν.
1077 2577 1201 2670 Χρόνῳ

179 2671 214 2742 δ’
230 2677 268 2743 ἐκ
281 2700 351 2743 των
363 2673 503 2766 ἀπόρων
514 2680 624 2767 ἐφάνη
636 2678 679 2767 δή
688 2703 737 2756 τις
750 2678 864 2753 ἐσοόος
873 2685 959 2742 τοῖσι
968 2675 1199 2764 βαρβάροισι·

179 2775 252 2840 ἐβεε
267 2770 333 2860 γάρ
347 2772 431 2843 πατά
441 2802 480 2844 το
468 2774 703 2900 θεοπρόπιον
714 2781 826 2843 πᾶσαν
835 2798 898 2859 την
909 2768 1069 2862 Ἀττικην
1089 2802 1159 2896 την
1168 2777 1200 2842 ἐν

179 2895 220 2957 τη
205 2865 360 2961 ’ἠπείρῳ
372 2875 565 2958 γενέσθαι*
547 2901 614 2946 υπο
604 2875 784 2964 Πέρσησι.
806 2863 1022 2958 ἔμπροσθε
992 2897 1046 2940 ων
1057 2871 1135 2961 πρό
1148 2877 1198 2958 τῆς

178 2962 396 3057 ἀκροπόλιος,
419 2969 542 3044 όπισθε
556 2976 594 3045 δέ
608 2983 677 3044 τῶν
691 2974 825 3044 πυλέων
838 2970 948 3038 καὶ
907 2994 965 3056 της
979 2965 1143 3058 ἀνόδου,
1164 2995 1197 3085 τρ

178 3059 277 3150 11η*
234 3089 311 3134 οντε
330 3093 380 3148 τις
394 3069 629 3158 ἐφόλασσε’
585 3070 659 3142 σοι’
680 3069 724 3141 ἀν
744 3068 862 3158 ἤλπισε
882 3093 928 3154 μη
920 3065 1028 3136 κοτέ
1040 3094 1099 3148 τις
1114 3063 1195 3138 κατὰ

176 3165 280 3230 ταῦτα
294 3159 439 3255 ἀναβαίη
456 3165 669 3259 ἀνθρόπων,
691 3169 795 3256 ταότη
807 3162 982 3254 ἀνὶβησάν
995 3191 1093 3246 τινες
1113 3163 1194 3235 κατά

176 3252 213 3325 τὸ
228 3255 304 3342 ἱρὸν
317 3270 376 3350 τῆς
389 3267 564 3353 Κέκροπος
577 3265 750 3358 θυγατρός
767 3261 974 3353 Ἀγλαύρου,
996 3271 1116 3334 καίτοι
1134 3291 1193 3352 περ

176 3349 395 3446 ἀποκρήμνου
408 3362 522 3445 ἐόντος
532 3374 594 3436 τοῦ
607 3360 798 3454 χείρονός
812 3363 848 3430 (11
859 3355 1005 3429 είδον’
962 3357 1094 3441 αντούς
1108 3360 1192 3432 ἀνα-

175 3455 357 3538 βεβηκότας
370 3457 428 3527 οἱ’
422 3470 593 3550 Αθηναῖοι
609 3460 716 3533 ἐπὶ
684 3488 746 3550 την
766 3457 967 3548 ἀκρόπολιν,
993 3459 1085 3525 οἱ
1046 3484 1119 3546 μεν
1138 3461 1191 3546 ἐρ-
