2500 3925
333 213 420 269 ΗΒ.
453 211 499 267 vl.
535 212 634 269 σαν.
668 217 808 274 νει-ει.
1033 210 1075 275 93

71 377 185 439 Ταῦτα
195 369 235 458 δή
243 369 352 440 πάντα
364 370 577 439 συνελθόντα
587 383 672 438 τοῖσι
680 369 855 458 Ἀργείοισι
866 374 978 461 φόβον
988 398 1076 456 παρ-

70 483 141 558 εῖχε.
165 473 222 538 καλ
238 470 280 559 δή
297 488 358 558 σφι
372 467 456 554 πρός
470 477 575 538 ταῦτα
589 473 683 551 ἐδοξε
695 479 742 563 τῷ
755 471 878 560 κήρυκι
892 482 962 562 τήν
975 483 1077 543 πολε-

68 579 155 657 μίων
171 576 335 658 χρᾶσθαι,
359 569 462 650 δόξαν
477 571 517 637 δέ
534 590 595 655 σφι
616 572 753 638 ἐποίευν
768 573 916 642 τοιόνδε·
948 573 1035 654 ὅκως
1056 572 1075 642 ό

68 668 280 757 Σπαρτιήτης
288 673 393 755 κῆρυξ
400 675 624 756 προσημαίνοι
635 675 981 763 τιΛακεδαιμονίοισι,
985 675 1078 740 ἐποί-

69 795 130 838 ευν
150 770 254 836 καλοί
270 765 410 853 Ἀργεῖοι
427 763 535 834 τώυτό
548 775 658 835 τοῦτο.
694 766 835 837 Μαθων
845 769 883 838 δέ
896 768 915 839 ὁ
926 770 1121 857 Κλεομέ-78

68 895 129 954 νης
143 875 321 945 ποιεῦντας
330 864 411 945 τούς
421 863 590 952 Ἀργείους
600 863 717 934 ὁκοῖόν
729 894 761 934 τι
771 865 961 954 ὁσφέτερος
970 871 1077 955 κῆρυξ

69 966 239 1055 σημήνειε,
254 967 475 1052 παραγγέλλει
489 963 560 1052 σ’φι,
575 962 659 1032 όταν
672 964 834 1055 σημήυηὸ
849 971 954 1052 κῆρυξ
965 968 1078 1035 ποιέε-
1180 976 1188 986 ’

69 1076 151 1134 σθαι
162 1064 310 1151 ἄριστον,
326 1065 401 1132 τότε
412 1061 645 1148 ἀναλαβόντας
655 1061 696 1131 τά
707 1062 795 1133 ὅπλα
804 1068 944 1152 χωρέειν
953 1069 987 1145 ἐς
998 1063 1078 1144 τοὺς

68 1172 241 1254 Αργείους.
269 1172 374 1233 ταῦτα
391 1166 446 1232 καὶ
461 1165 591 1248 ἐγένετο
606 1165 755 1231 ἐπιτελέα
776 1166 896 1232 ἐκτῶν
909 1168 1078 1234 Λακεδαι-

68 1273 227 1355 μονίων,
242 1263 380 1350 ἄριστον
401 1260 466 1349 γάρ
486 1264 717 1348 ποιευμένοισι
737 1276 824 1330 τοῖσι
841 1260 1018 1348 Ἀργείοισι
1041 1267 1077 1329 ἐκ

67 1371 129 1432 τοῦ
146 1361 358 1451 κηρύγματος
374 1363 547 1448 ἐπεκέατο,
568 1363 625 1429 καὶ
642 1359 790 1441 πολλοὺς
810 1364 871 1447 μὲν
886 1361 1078 1449 ἐφόνευσαν

68 1461 199 1548 αὐτῶν,
214 1468 326 1552 πολλῷ
337 1457 370 1528 δ’
383 1465 431 1528 έτι
445 1465 593 1539 πλεῦνας
605 1462 640 1538 ἐς
649 1456 687 1526 τό
700 1456 800 1539 άλσος
810 1469 871 1528 τοῦ
877 1460 1003 1548 ’Ἁργον
1014 1487 1076 1528 κα-

67 1561 281 1647 ταφυγόντας
301 1558 524 1644 περιιζόμενοι
544 1556 748 1644 ἐφύλασσον.
794 1556 971 1628 Ἐνθεῦτεν
998 1560 1035 1628 δέ
1055 1556 1118 1629 ὁ79
1141 1558 1148 1564 ’

68 1662 259 1746 Κλεομένης
273 1661 380 1726 ἐποίεε
393 1657 541 1726 τοιόνδε·
564 1662 650 1742 ἔχων
660 1652 869 1743 αὐτομόλους
880 1655 1006 1745 ἄνδρας
1020 1660 1076 1725 καὶ

67 1757 328 1846 πυνθανόμενος
343 1755 473 1825 τούτων
488 1756 638 1835 ἐξεκάλεε
654 1758 795 1842 πέμπων
809 1757 956 1844 κήρυκα,
972 1755 1077 1825 οὖνο-

68 1857 167 1942 μαστὶ
181 1858 289 1941 λέγων
305 1862 374 1924 τῶν
384 1851 544 1940 Ἀργείων
554 1851 634 1931 τούς
648 1855 745 1945 ἐντῷ
758 1858 819 1943 ίρςό
834 1851 1075 1939 ἀπεργμένους,

70 1955 219 2038 ἐξεκάλεε
233 1956 271 2023 δὲ
285 1951 352 2041 φάς
369 1950 482 2021 αὐτῶν
496 1957 583 2038 ἔχειν
597 1949 638 2020 τά
653 1949 795 2021 άποινα·
818 1950 942 2020 άποινα
956 1956 1001 2022 δέ
1007 1954 1076 2020 ἐστι

72 2058 371 2139 Πελοποννησίοισι
386 2051 449 2119 όάο
465 2056 561 2137 μνέαι
579 2055 775 2137 τεταγμέναι
790 2049 863 2119 κατ’
879 2051 987 2136 ἄνδρα
1004 2058 1040 2120 αί
1057 2090 1076 2101 -

69 2153 224 2241 μάλωτον
239 2153 389 2219 ἐκτίνειν.
411 2146 495 2216 κατά
506 2150 713 2237 πεντήκοντα
725 2148 765 2237 δή
779 2142 829 2218 όν
838 2158 908 2217 τῶν
919 2148 1077 2235 Ἀργείων

70 2251 114 2331 ὡς
129 2251 288 2329 ἑκάστους
309 2248 552 2334 ἐκκαλεύμενος
568 2245 585 2315 ὁ
601 2251 792 2335 Κλεομένης
809 2256 943 2319 ἔκτεινε.
972 2256 1076 2317 ταῦτα

69 2354 109 2422 δέ
121 2378 187 2431 κως
201 2350 362 2435 γινόμενα
377 2347 535 2435 ἐλελήθεε
554 2345 634 2425 τούς
652 2346 792 2427 λοιποός
806 2347 886 2427 τοὺς
906 2352 945 2416 ἐν
959 2356 1006 2439 τῷ
1020 2375 1076 2416 τε-

69 2456 177 2537 μένεϊ·
204 2446 262 2515 άτε
277 2446 343 2532 γάρ
357 2452 491 2515 πυκνοῦ
511 2446 626 2525 ἐόντος
639 2453 700 2514 τοῦ
720 2444 837 2526 άλσεος
850 2444 915 2513 οόκ
925 2444 1031 2532 άρεον
1043 2452 1077 2515 οἱ

69 2548 164 2627 ἐντός
179 2543 258 2624 τούς
274 2544 368 2623 ἐκτός
388 2544 408 2612 ὅ
427 2572 459 2612 τι
480 2550 666 2631 ἔπρησσον,
687 2551 769 2630 πρίν
789 2571 827 2630 γε
842 2544 881 2631 δή
901 2544 1014 2613 αὐτῶν
1026 2572 1077 2625 τις

70 2643 198 2735 άναβάς
213 2646 265 2712 ἐπὶ
289 2645 428 2731 δένδρος
453 2649 582 2711 κατεῖδε
601 2642 638 2710 τὸ
653 2641 865 2727 ποιεόμενον.
891 2640 953 2710 οὐκ
971 2635 1020 2710 τόν
1036 2642 1075 2729 δή

70 2752 118 2815 ἐτι
133 2742 330 2828 καλεόμενοι
345 2742 488 2828 ἐξήισαν.
523 2740 690 2809 Ἐνθαῦτα
705 2739 745 2824 δή
761 2739 779 2807 ὁ
797 2744 988 2829 Κλεομένης
1002 2744 1119 2810 ἐκέ-80

69 2854 146 2914 λευε
161 2841 271 2910 πάντα
286 2837 361 2908 τινά
381 2846 450 2907 τῶν
470 2839 632 2908 εἱλωτέων
646 2841 813 2924 περινέειν
826 2839 892 2928 ὕλη
909 2841 946 2910 τό
963 2841 1074 2926 άλσος,

69 2949 138 3011 τῶν
148 2942 184 3009 δὲ
196 2942 410 3026 πειθομένων
421 2944 581 3027 ἐνέπρησε
593 2936 630 3005 τό
642 2937 750 3017 άλσος.
768 2944 949 3026 καιομένου
964 2941 999 3007 δὲ
1011 2940 1075 3026 ήδη

69 3045 216 3126 ἐπείρετο
231 3044 300 3105 τῶν
314 3036 390 3107 τινά
405 3036 613 3127 αὐτομόλων,
630 3044 720 3117 τίνος
738 3048 787 3123 εἴη
803 3047 897 3107 θεῶν
910 3038 948 3108 τό
965 3037 1076 3125 άλσος,

70 3138 139 3209 ὁόὲ
153 3136 350 3224 ἔφη”Αργου
361 3137 463 3206 εἶναι·
477 3136 495 3206 ὁ
509 3139 545 3206 δὲ
557 3135 601 3217 ὡς
610 3135 745 3224 ἤκουσε,
758 3135 982 3218 ἀναστενάξας
993 3139 1077 3223 μέγα

71 3236 157 3306 εἶπε·
188 3230 228 3303 Ὠ
242 3235 410 3304 ’Ἄπολλον
424 3237 616 3323 χρηστήριε,
637 3230 660 3323 ή
681 3237 832 3322 μεγάλως
849 3262 891 3323 με
906 3232 1078 3320 ήπάτηκας

71 3334 220 3423 φάμενος
226 3333 346 3421 ’Ἁργος
357 3338 525 3422 αἱρήσειν·
542 3337 776 3422 συμβάλλομαι
789 3333 821 3401 δ’
831 3333 960 3421 ἐξήκειν
970 3358 1027 3417 μοι
1037 3331 1075 3400 τό

71 3431 277 3521 χρηστήριον.
313 3432 407 3502 Μετά
423 3437 459 3503 δὲ
478 3442 580 3503 ταῦτα
595 3434 613 3504 ὁ
628 3443 820 3520 Κλεομένης
835 3431 897 3519 τήν
910 3433 972 3518 μὲν
986 3435 1115 3501 πλέωὸ]
