2500 3925
160 207 201 271 84
298 191 302 198 '
546 210 782 268 Ηειιοοοτι

162 375 394 469 γάράποθάνη
403 378 559 466 βασιλεός
569 384 854 466 Λακεδαιμονίων,
870 383 907 448 ἐκ
915 378 1090 480 πάσηςοδεί
1098 390 1177 451 Λα-

164 486 372 569 κεδαίμονος,
385 481 486 568 χωρὶς
497 482 745 567 Σπαρτιητέων,
759 474 892 572 άριδμῷ
909 485 979 550 τοῖν
992 487 1178 568 περιοίκων

163 575 394 668 άναγκαστοός
404 583 437 660 ές
446 580 482 648 τό
496 585 596 668 κῆδος
608 581 708 648 ίέναι·
721 580 851 649 τοότων
860 574 910 649 όν
918 582 975 649 καὶ
986 588 1057 650 τόν
1070 585 1177 650 είλω-

162 677 1175 769 τέωνκαλαότῶνΣπαρτιητέωνέπεόινσνλλεχθέωσιἐςτόυτό

163 783 284 850 πολλαὶ
300 782 455 870 χιλιάδες,
474 781 622 869 σύμμιγα
638 787 714 871 τῇσι
729 782 862 868 γυναιξὶ
879 781 1063 851 κόπτονταί
1076 809 1113 850 τε
1131 781 1175 849 τά

161 882 296 968 μέτωπα
305 880 1177 973 προθόμωςκαὶοίμωγῇδιαχρέονταιάπλέιφ,φάμε-

160 1009 215 1050 νοι
230 981 290 1049 τόν
303 981 452 1050 ὕστατον
463 985 527 1050 αίελ
543 979 796 1066 ἀπογενόμενον
808 987 878 1048 τόν
891 986 1073 1069 βασιλέων,
1087 991 1175 1052 τοῦ·

160 1108 220 1150 τον
234 1079 275 1167 δὴ
291 1082 449 1165 γενέσθαι
464 1079 610 1164 άριστον.
634 1076 672 1157 ὃς
686 1074 718 1146 δ’
734 1075 779 1146 όν
792 1081 830 1146 ἐν
844 1082 978 1172 πολέμφ
988 1088 1057 1150 τῶν
1070 1090 1175 1170 βασι-

160 1186 247 1251 λέων
261 1179 436 1269 ἀποθάνῃ,
450 1182 557 1272 τοότφ
573 1183 609 1249 δὲ
624 1184 765 1249 είδωλον
781 1180 1005 1262 σκευάσαντες
1019 1186 1057 1251 έν
1070 1191 1174 1273 κλίνῃ

160 1275 201 1349 εὖ
217 1284 406 1371 ἐστρωμένη
421 1282 609 1369 ἐκφέρουσι.
633 1280 736 1350 ἐπεὰν
752 1283 789 1349 δὲ
802 1282 953 1366 θάψωσι,
967 1281 1073 1369 ἀγορὴ
1089 1289 1173 1352 δέκα

159 1379 311 1468 ἡμερέων
322 1379 385 1450 οόκ
399 1385 531 1452 ἵσταταί
538 1402 609 1469 σφι,
628 1378 704 1450 οὐδ’
721 1379 915 1467 ἀρχαιρεσίη
925 1387 1067 1463 συνίζει,
1083 1379 1172 1449 όλλά

112 1506 145 1560 59
161 1485 345 1551 πενθέουσι
355 1482 477 1562 ταότας
486 1481 545 1562 τάς
556 1481 688 1570 ἡμέρας.
702 1484 941 1567 Συμφέρονται
952 1478 989 1547 δέ
1000 1479 1081 1548 ἄλλο
1092 1480 1173 1547 τόδε

104 1650 106 1656 ,
159 1597 244 1652 τοῖσι
258 1584 422 1672 Πέρσησι·
449 1580 552 1650 ἐπεάν
568 1579 804 1657 ἀποθανόντος
824 1585 886 1647 τοῦ
902 1581 1055 1665 βασιλέος
1069 1576 1173 1657 ἄλλος

160 1683 325 1766 ἐνίστηται
347 1683 522 1768 βασιλεύς,
546 1673 684 1758 οὖτοςὸ
709 1675 809 1745 έσιοδν
830 1679 1009 1761 ἐλευθεροῖ
1025 1675 1116 1755 ὅστις
1137 1703 1173 1744 τι

159 1781 398 1862 Σπαρτιητέων
412 1785 458 1868 τῷ
472 1773 636 1865 βασιλέίῆ
650 1783 696 1867 τῷ
711 1780 859 1865 δημοσίῳ
874 1772 1006 1860 ὤφειλε.
1029 1777 1068 1842 έν
1078 1773 1110 1841 δ’
1124 1769 1171 1842 αὖ

157 1875 306 1967 Πέρσησι
324 1872 341 1944 ὁ
364 1875 600 1962 κατιστάμενος
618 1872 777 1964 βασιλευς
796 1871 857 1940 τόν
877 1874 1170 1960 προοφειλόμενον

109 2003 144 2057 ρο
159 1976 270 2062 φόρον
285 1983 388 2062 μετίει
402 1984 476 2066 τῇσι
496 1978 610 2046 πόλισι
627 1977 762 2065 πόσησι.
805 1978 1048 2061 Σνμφέρονται
1063 1978 1100 2044 δὲ
1112 1980 1171 2045 καὶ

158 2075 237 2142 τάδε
254 2080 465 2160 Αἰγυπτίοισι
479 2076 757 2162 Λακεδαιμόνιοι·
780 2078 815 2142 οί
826 2075 971 2160 κήρυκες
986 2073 1100 2143 αὐτῶν
1112 2079 1170 2144 καὶ

158 2172 297 2259 αὐληταὶ
317 2177 372 2243 καὶ
392 2176 545 2262 μάγειροι
561 2179 753 2244 ἐκδέκονται
771 2172 831 2253 τάς
852 2183 1020 2259 πατρωίας
1039 2181 1168 2264 τέχνας,

157 2276 213 2340 καὶ
227 2270 372 2359 αὐλητής
388 2300 424 2341 τε
444 2273 593 2361 αὐλητέω
613 2282 740 2361 γίνεται
757 2277 812 2342 καὶ
831 2274 991 2359 μάγειρος
1004 2284 1169 2364 μαγείρου

156 2372 211 2438 καὶ
222 2374 326 2457 κῆρυξ
336 2371 498 2457 κη’ρυκος·
513 2372 555 2442 οὗ
566 2372 650 2443 κατά
661 2381 929 2461 λαμπροφωνίην
939 2378 1168 2462 ἐπιτιθέμενοι

156 2469 252 2538 άλλοι
267 2473 372 2556 σφέας
386 2480 647 2560 παρακληίουσι,
666 2470 751 2541 άλλά
765 2470 849 2539 κατά
864 2471 905 2539 τὰ
920 2474 1044 2557 πάτρια
1057 2478 1170 2542 ἐπιτε-
1247 2469 1248 2492 ’

156 2570 279 2638 λέουσι.
303 2570 482 2657 ταῦταμὲν
497 2570 537 2659 δὴ
553 2571 643 2640 οὕτω
660 2577 795 2657 γίνεται,
960 2636 971 2645 ,
1246 2603 1247 2670 η

106 2692 136 2746 (51
243 2676 364 2737 ΤΟΤΕ
383 2669 420 2737 δέ
440 2668 501 2738 τόν
520 2674 711 2757 Κλεομένεα
732 2670 831 2737 έόντα
852 2671 890 2735 έν
910 2677 950 2760 τῇ
970 2677 1094 2760 Λίγίνη
1109 2678 1166 2742 καὶ

156 2766 254 2837 κοινά
270 2766 451 2858 τῇἘλλάδι
483 2766 597 2854 ἀγαθά
618 2769 907 2856 προεργαζόμενον
928 2768 946 2835 ὁ
962 2756 1166 2856 Δημάρητος
1245 2761 1246 2848 ί

156 2869 297 2953 διέβαλε,
312 2863 375 2935 οὐκ
385 2871 594 2954 Αἰγινητέων
605 2866 695 2934 οὕτω
706 2868 902 2953 κηδόμενος,
918 2864 963 2947 ὥς
974 2870 1097 2961 φθόνῳ
1109 2875 1164 2938 καί

58 2998 64 3004 ·
155 2963 220 3051 άγη
230 2963 417 3051 χρεόμενος.
431 2968 622 3052 Κλεομένης
633 2964 838 3051 δὲνοστήσας
848 2963 1053 3053 ἆτ’νίίγίνης
1063 2971 1164 3053 έβοό-
1244 2927 1246 3028 ί

156 3073 233 3132 λενε
248 3063 308 3131 τόν
319 3064 525 3151 Δημάρητον
540 3070 667 3131 παῦσαι
680 3071 738 3148 της
751 3071 939 3151 βασιληίης,
956 3065 1012 3132 διά
1026 3073 1163 3153 πρῆγμα
1243 3091 1244 3148 η

155 3163 287 3230 τοιόνδε
304 3166 457 3247 ἐπίβασιν
474 3166 507 3241 ές
524 3161 630 3231 αὐτόν
644 3162 859 3249 ποιεόμενος·
878 3163 1051 3249 Ἀρίστωνι
1064 3176 1162 3254 βασι-

155 3262 288 3330 λεύοντι
303 3265 340 3327 έν
350 3262 491 3350 Σπάρτη
504 3266 559 3331 καὶ
570 3263 714 3349 γήμαντι
724 3278 887 3349 γυναῖκας
897 3266 961 3333 δύο
972 3271 1087 3346 παῖδες
1098 3265 1160 3335 σι’νκ
1242 3284 1244 3385 η

154 3362 316 3443 ἐγίνοντο.
340 3365 395 3429 καὶ
406 3359 448 3428 οὐ
464 3360 529 3447 γάρ
545 3363 810 3447 συνεγινώσκετο
822 3361 923 3442 αὐτός
933 3365 1064 3433 τούτων
1074 3364 1157 3434 εἶναι

154 3465 273 3537 αἴτιος,
289 3461 403 3543 γαμέει
418 3467 532 3565 τρίτην
546 3477 699 3544 γυναῖκα.
723 3457 788 3531 ὦδε
802 3465 840 3532 δὲ
851 3466 973 3551 γαμέει.
995 3459 1040 3548 ἦν
1055 3469 1090 3532 οἱ
1101 3473 1158 3546 φί-
