2500 3925
350 244 439 302 ΜΒ.
460 244 493 299 11.
528 243 626 300 ολν.
663 245 818 303 ιιε-ιιε,
1030 232 1091 297 10³

96 406 264 487 Ηφαίστου
290 398 538 489 βασιλεύσαντα
565 395 705 487 (οὐδένα
730 395 797 485 γάρ
818 397 943 485 χρόνον
968 392 1092 466 οἷοίτε

95 491 171 586 ἦσαν
196 500 281 570 ἀνευ
305 500 461 585 βασιλέος
490 500 700 581 διαιτᾶσθαι)
730 496 910 583 ἐστήσαντο
938 495 1090 565 δυόδεκα

93 599 256 685 βασιλέας,
277 593 432 665 δυῶδειια
446 600 566 680 μοίρας
581 592 764 681 δασάμενοι
779 602 955 680 Αίγνπτον
968 599 1090 661 πᾶσαν.

92 686 179 762 οὗτοι
200 696 378 779 ἐπιγαμίας
400 691 623 778 ποιησόμενοι
645 695 843 780 ἐβασίλευον
867 691 1001 778 νόμοισι
1021 715 1093 758 τοι-

93 796 157 860 σίδε
175 791 369 878 χρεόμενοι,
399 789 483 876 μήτε
505 791 694 877 καταιρέειν
709 786 876 877 ἀλλήλους
892 788 974 877 μήτε
989 789 1092 856 πλέον

93 916 120 956 τι
132 894 286 977 δίζησθαι
297 893 386 974 ἔχειν
399 884 459 955 τόν
473 887 590 974 ἕτερον
604 894 667 955 τοῦ
684 888 810 976 ἑτέρου,
826 886 915 957 είναί
921 912 957 954 τε
971 893 1092 973 φίλους

92 985 127 1053 τά
148 985 303 1073 μα’λιστα.
339 988 447 1052 τῶνδε
474 984 511 1053 δὲ
540 988 671 1055 εἵνεκεν
696 984 776 1065 τοὺς
801 986 928 1074 νόμους
952 984 1094 1062 τούτους

92 1086 273 1170 ἐποιεῦντο,
288 1088 431 1169 ἰσχυρῶς
441 1086 727 1169 περιστέλλοντες·
750 1083 927 1173 ἐκέχρηστό
941 1104 1001 1171 σφι
1016 1078 1089 1152 κατ’

91 1178 187 1267 ἀρχάς
201 1177 323 1249 αὐτίκα
338 1183 581 1267 ἐνισταμένοισι
596 1185 630 1258 ές
643 1177 702 1259 τάς
718 1187 920 1267 τυραννίδας
935 1180 996 1251 τάν
1011 1188 1093 1268 χαλ-

91 1282 144 1368 κέη
158 1279 265 1367 φιάλη
279 1284 459 1346 σπείσαντα
475 1273 589 1345 αὐτῶν
608 1279 646 1344 έν
667 1284 713 1369 τῷ
733 1283 795 1368 ίρςδ
816 1288 877 1348 τοῦ
896 1278 1091 1368 Ἡφαίστου,

92 1384 207 1444 τοῦτον
232 1373 365 1463 ἀπάσης
388 1374 605 1464 βασιλεύσειν
628 1376 820 1462 Αίγύπτον·
846 1379 879 1457 ές
903 1375 969 1464 γάρ
990 1374 1030 1463 δὴ
1051 1371 1091 1443 τά

93 1475 196 1543 πάντα
216 1473 273 1560 ίρά
291 1479 522 1562 συνελέγοντο.
565 1476 632 1543 Καὶ
653 1474 695 1562 δη’
710 1494 770 1561 σφι
785 1475 986 1563 μνημόσυνα
1000 1477 1092 1555 ἔδοξε
1111 1488 1161 1545 148

92 1578 243 1642 λιπέσθαι
258 1580 374 1662 κοινῇ,
400 1573 503 1655 δόξαν
520 1576 561 1641 δέ
573 1592 634 1660 σφι
649 1572 849 1661 ἐποιήσαντο
867 1574 1090 1663 λαβύρινθον,

92 1670 199 1759 ὀλίγον
212 1670 299 1760 ὑπὲρ
314 1679 373 1759 τῆς
386 1678 504 1759 λίμνης
517 1678 575 1757 τῆς
589 1678 735 1761 Μοίριος
755 1671 839 1743 κατά
856 1677 1092 1760 Κροκοδείλων

93 1776 292 1859 καλεομένην
312 1772 413 1841 πόλιν
432 1768 577 1857 μάλιστά
601 1797 645 1859 κη
665 1778 838 1858 κείμενον·
860 1769 922 1839 τόν
942 1767 1007 1857 έγῶ
1027 1768 1091 1855 ἤδη

95 1868 178 1937 εἶδον
193 1870 301 1956 λόγου
313 1871 409 1957 μέζω.
454 1873 487 1935 εί
499 1868 566 1953 γάρ
580 1893 629 1947 τις
644 1866 684 1935 τά
700 1871 733 1949 έξ
752 1866 922 1955 Ἑλλήνων
935 1866 1043 1953 τείχεά
1058 1892 1093 1933 τε

94 1971 143 2036 καὶ
158 1975 266 2057 ἔργων
279 1965 441 2048 ἀπόδεξιν
461 1972 712 2054 συλλογίσαιτο,
741 1966 922 2047 ἐλάσσονος
934 1967 1045 2037 πόνον
1058 1993 1094 2035 τε

93 2059 132 2132 ἀν
147 2071 200 2135 καί
213 2067 366 2154 δαπόνης
383 2072 505 2154 φανείη
520 2065 619 2134 έόντα
641 2073 703 2134 τοῦ
723 2073 937 2155 λαβυρίνθου
952 2066 1092 2135 τούτου·

93 2172 192 2232 καίτοι
206 2162 381 2251 ἀξιόλογός
394 2190 434 2250 γε
454 2165 509 2232 καί
530 2160 548 2230 ὁ
567 2165 605 2231 έν
622 2160 749 2254 Ἑφέσφ
766 2163 834 2232 ἐστὶ
853 2161 935 2250 νηδς
951 2167 1007 2232 καί
1022 2161 1041 2232 ὁ
1056 2166 1093 2234 έν

95 2261 201 2354 Σόμφ.
243 2256 334 2350 ἦσαν
350 2261 414 2350 μέν
429 2289 495 2330 ννν
510 2265 565 2331 καὶ
580 2267 617 2330 αί
629 2267 814 2349 πυραμίδες
835 2263 940 2351 λόγον
959 2262 1094 2349 μέζονες

95 2354 145 2430 miz
158 2369 301 2431 πολλῶν
312 2360 435 2448 έκάστη
452 2358 585 2444 αὐτέων
601 2359 806 2448 Ἑλληνικῶν
827 2367 936 2449 έργων
956 2366 1011 2432 καὶ
1033 2389 1087 2452 με·

97 2461 202 2544 γάλων
216 2457 371 2547 ἀνταξίη,
394 2457 412 2529 ὁ
430 2463 466 2528 δέ
482 2457 522 2546 δὴ
537 2461 747 2547 λαβύρινθος
762 2463 817 2530 καὶ
831 2459 890 2541 τάς
904 2466 1093 2550 πυραμίδας

97 2556 302 2647 ὑπερβάλλει.
342 2566 405 2628 τοῦ
428 2558 494 2645 γάρ
521 2559 677 2626 δυῶδειια
697 2559 761 2645 μέν
785 2564 847 2628 είσι
871 2557 971 2628 αύλαλ
990 2560 1093 2628 κατά-

97 2675 210 2742 στεγοι,
227 2651 405 2724 ἀντίπυλοι
420 2652 601 2745 ἀλλήλησι,
624 2659 658 2736 ἓξ
672 2656 736 2742 μὲν
748 2653 833 2744 πρδς
845 2656 987 2746 βορέην,
1008 2662 1042 2738 ἓξ
1057 2657 1093 2726 δὲ

97 2747 172 2835 πρὸς
190 2751 293 2819 νότον
312 2752 549 2839 τετραμμέναι,
572 2751 744 2838 συνεχέες·
772 2767 879 2841 τοίχος
904 2753 941 2822 δὲ
966 2758 1093 2835 ἔξωθεν

100 2846 195 2931 ἀυτός
214 2870 319 2936 σφεας
354 2851 534 2937 περιέργει.
564 2850 729 2938 οἰκήματα
746 2849 778 2920 δ’
794 2858 902 2922 ένεστι
912 2851 1042 2939 διπλόα,
1052 2849 1093 2920 τά

99 2948 152 3030 μέν
173 2943 338 3033 ὑπόγαια,
371 2945 412 3015 τά
428 2949 466 3016 δέ
485 2949 635 3036 μετέωρα
657 2945 710 3018 εἰτ’
732 2951 905 3032 έκείνοισι,
932 2955 1093 3034 τρισχίλια

96 3045 247 3140 ἀριθμὸν,
267 3056 502 3122 πεντακοσίων
514 3053 571 3122 καὶ
584 3056 704 3141 χιλίων
717 3049 868 3141 έκάτερα.
896 3046 938 3118 τά
951 3052 1014 3136 μέν
1027 3075 1094 3117 νυν

97 3155 229 3244 μετέωρα
250 3160 322 3224 τῶν
343 3153 536 3242 οίιιημάτων
558 3151 658 3224 αύτοί
677 3179 714 3222 τε
741 3149 890 3244 (ὁρέομεν
912 3148 1092 3238 διεξιόντες

99 3257 144 3322 καί
162 3254 254 3330 αὐτοὶ
276 3257 487 3346 θηησάμενοι
508 3259 669 3346 λέγομεν,
689 3253 730 3324 τά
750 3255 788 3326 δέ
810 3250 924 3324 αύτῶν
943 3248 1092 3340 ὑπόγαια

100 3355 209 3443 λόγοισι
231 3360 511 3448 ἐπυνθανόμεθα.
542 3366 578 3429 οί
594 3357 659 3448 γάρ
679 3360 880 3436 ἐπεστεῶτες
893 3359 961 3425 τῶν
981 3361 1090 3442 Αίγν-

99 3469 189 3529 ττίων
203 3461 381 3532 δεικνύναι
395 3459 479 3532 αύτά
491 3458 651 3552 ὀύδαμῶς
665 3457 809 3548 ἤθελον,
825 3457 968 3547 φάμενοι
983 3457 1092 3544 θήκας

167 3581 265 3620 mon.
283 3565 305 3618 1.
904 3563 939 3617 1³
