2500 3925
324 203 410 261 LIB.
443 203 490 260 IX.
525 203 622 260 cAP.
660 209 744 264 79-
758 211 801 266 83
1000 204 1064 272 327

24 371 111 431 τοῦ
138 365 280 452 χαλκέου
301 359 505 441 ἐπεστειδς”
482 379 621 448 αγχιστα
639 369 700 429 τοῦ
720 371 854 454 βωμοῦ,
880 371 936 436 καί
955 377 1001 460 τῷ
1025 373 1062 439 έν

24 468 211 550 Ολυμπίη
225 467 297 552 θεῷ
312 456 529 545 ἐξελόντες,’
511 457 569 525 απ’
582 451 605 546 ἦ
606 461 825 549 ςδεκόπηχυυ
838 465 982 550 χάλκεον
991 474 1060 536 Δία

27 557 237 648 ἀνέθηκαν,
252 562 307 628 καὶ
318 585 363 650 τςο
349 560 415 627 ἐν
427 556 549 648 Ἰσθμῷ
563 556 680 648 θεῷ,’
661 556 719 625 απ’
732 552 771 647 ἧς
781 562 969 650 ἑπτάπηχυς
979 565 1061 650 χόλ-

24 662 326 738 ὀτεοςΠοσειδέων
334 627 510 744 ἐξεγένετο,
521 662 625 724 ταῦτα
633 658 846 738 ἐξελόντες
809 687 849 727 τα
860 660 959 730 λοιποὶ
972 669 1060 732 διαι-

24 761 169 844 ὲρέουτο
183 759 239 826 καὶ
257 761 378 844 ἔλαβον
392 758 525 824 ἕκαστοι
536 761 605 822 τῶν
617 752 703 836 ἀξιοι
717 748 814 845 ἦσαν,
831 761 887 827 καί
900 757 959 839 τάς
974 770 1059 830 παλ-

29 853 156 934 λακὰς
171 861 238 923 τόν
249 855 408 942 Περσέων
419 849 545 922 καὶτὸν
559 850 686 940 χρυσόν
701 856 757 922 καὶ
768 852 828 922 τόν
839 853 990 945 ἀργυρον
1003 863 1059 926 καὶ

24 954 137 1022 ’ἄλλα
152 951 302 1040 χρήματά
317 978 353 1020 τε
375 952 431 1020 καὶ
446 947 620 1037 ὑποζύγια.
647 948 730 1019 Ὅσα
747 956 809 1038 μέν
828 981 895 1022 νυν
911 959 1058 1042 ἐξαίρετα

24 1065 135 1120 Ιαοῖσι
149 1047 363 1137 ἀριστεύσασι
378 1046 491 1116 αὐτῶν
508 1051 546 1116 ἐν
559 1055 746 1138 Πλαταιῇσι
761 1050 884 1138 ἐδόθη,
906 1050 949 1120 οὐ
963 1055 1058 1142 λέγε·

26 1177 97 1217 ται
115 1147 201 1235 πρός
212 1147 380 1236 οὐδαμῶν,
397 1149 501 1215 δοκέω
513 1143 544 1214 δ’
560 1151 664 1233 ἔγωγε
675 1148 730 1216 καὶ
741 1147 888 1217 τοότοισι
900 1154 1054 1237 δοθῆναι.

24 1253 226 1338 ιΠαυσανίη
242 1249 278 1317 δὲ
291 1249 401 1316 πάντα
415 1248 495 1314 δέκα
509 1247 665 1333 ἐξαιρέθη
679 1271 715 1313 τε
728 1249 784 1315 καί
798 1247 920 1336 ἐδόθη,
936 1263 1057 1334 γυναί-

24 1372 120 1432 οιες,
138 1348 251 1430 ἵπποι,
267 1345 423 1429 τάλαντα,
442 1343 594 1429 κάμηλοι,
614 1339 659 1420 ὡς
673 1344 710 1410 δέ
725 1341 834 1422 οὕτως
849 1343 955 1412 καὶτὰ
970 1342 1055 1415 ἀλλα

24 1442 207 1532 ,χρήματα
230 1444 370 1530 Λέγεται
381 1442 417 1510 δέ
427 1441 572 1510 καλτόδε
585 1444 756 1528 γενέσθαι,
775 1438 820 1521 ὡς
829 1445 952 1530 ,Ξέρξης
967 1443 1053 1531 φεύ·
1070 1461 1104 1516 62

24 1569 119 1631 ,γιον
134 1545 171 1609 ἐκ
188 1548 245 1628 τῆς
253 1538 410 1620 Ἑλλάδος
422 1544 608 1630 Μαρδονίῳ
622 1537 686 1626 τὴν
699 1539 909 1628 κατασκευὴν
919 1548 1055 1610 καταλί-

31 1668 102 1712 ποι
115 1637 178 1728 τὴν
192 1642 335 1709 ἑαυτοῦ·
357 1645 558 1726 Παυσανίην
569 1633 618 1706 όν
629 1636 769 1725 ὁρέοντα
779 1637 842 1724 τὴν
852 1644 1054 1728 Μαρδονίου

24 1735 258 1827 ,κατασκευὴν
276 1746 389 1829 χρυσῷ
410 1764 446 1806 τε
465 1739 520 1806 καὶ
539 1733 678 1827 ἀργύρῳ
700 1738 756 1804 καί
776 1736 1053 1823 παραπετάσμασι

24 1845 226 1920 ξποικίλοισι
246 1843 555 1926 κατεσκευασμένην
577 1844 733 1906 κελεῦσαι
753 1837 832 1915 τούς
853 1862 888 1904 τε
911 1835 1054 1926 ἀρτοκό-

24 1961 132 2023 ρπους
155 1933 309 2017 καὶτοὺς
330 1935 514 2021 ὀψοποιοὺς
535 1934 618 2005 κατόι
640 1931 745 2005 ταότά
766 1933 850 2004 κατδ
867 1939 1055 2027 Μαρδονίῳ

25 2046 186 2123 ,δείπνου
196 2038 470 2125 παρασκευάζειν.
484 2035 528 2117 ὡς
538 2038 574 2105 δέ
585 2036 802 2123 κελευόμενοι
814 2029 908 2105 οὗτοι
919 2037 1055 2105 ἐποίευν

25 2143 169 2223 ταῦτα,
191 2138 341 2204 ἐνθαῦτα
362 2134 422 2205 τόν
435 2141 636 2223 Παυσανίην
656 2134 773 2204 ἰδόντα
789 2143 904 2215 κλίνας
920 2162 956 2205 τε
970 2162 1055 2223 χρυ-

25 2240 123 2319 σέας
139 2235 194 2303 καλ
209 2231 374 2323 ἀργυρέας
389 2227 429 2304 εὖ
446 2237 652 2322 ἐστρωμένας
669 2236 724 2302 καί
743 2234 904 2321 τραπέζας
917 2260 953 2302 τε
970 2258 1054 2320 χρυ-

34 2339 124 2412 σέας
143 2334 198 2400 καὶ
215 2329 381 2421 ἀργυρέας
404 2337 459 2404 καὶ
479 2331 697 2424 παρασκευὴν
717 2336 969 2421 μεγαλοπρεπέα
992 2340 1053 2401 τοῦ

38 2440 205 2518 δείπνου,
223 2431 474 2520 ἐκπλαγέντα
437 2460 478 2501 τα
492 2440 695 2520 προκείμενα
706 2430 821 2519 ἀγαθοὶ
835 2439 990 2501 κελεῦσαι
1002 2434 1054 2499 ἐπὶ

36 2539 165 2627 γέλωτι
176 2528 255 2611 τούς
266 2558 393 2601 εωυτου
379 2534 585 2621 διηκόνους
594 2532 1054 2620 ααρασκευόσαιΛακωνικόυ

39 2642 195 2708 δεῖπνον.
221 2656 266 2706 ως
282 2629 371 2697 δὲ
332 2657 389 2717 της
403 2637 524 2717 θοίνης
538 2622 769 2719 ποιηθείσης
745 2657 790 2719 ην
803 2629 931 2700 πολλὸν
944 2658 982 2701 το
970 2630 1054 2719 μέ-

36 2756 120 2818 σου,
131 2725 191 2796 τόν
201 2735 401 2816 Παυσανίην
413 2730 602 2818 γελάσαντα
612 2731 892 2816 μεταπέμψασθαι
902 2756 970 2800 των
978 2728 1054 2802 Ελ-

36 2833 160 2920 λήνων
174 2850 253 2906 τους
267 2825 482 2916 στρατηγοός,
499 2827 739 2897 συνελθόντων
753 2827 790 2896 δὲ
802 2828 933 2897 τούτων
948 2835 1053 2901 είπείυ

38 2932 106 3001 τὸν
119 2932 328 3013 Παυσανίην,
345 2926 524 2995 δεικνύντα
539 2928 573 3005 ἐς
588 2927 747 3013 ἑκατέρην
760 2932 823 2994 τοῦ
838 2931 977 2997 δείπνου
990 2926 1054 3015 τὴν

37 3024 277 3115 παρασκευήν·
291 3022 603 3114 ’ἈνδρεςἝλληυες,
615 3029 722 3094 τῶνδε
734 3028 863 3095 είνεκεν
873 3025 938 3114 ἐγώ
949 3024 1053 3113 ὑμέας

38 3123 250 3211 συνήγαγον,
262 3124 469 3212 βουλόμενος
480 3122 561 3213 ὑμῖν
571 3132 634 3194 τοῦ
640 3124 766 3213 Μήδου
776 3123 839 3213 τὴν
850 3124 1052 3216 ἀφροσύνην

40 3228 152 3308 δέξαι,
168 3220 205 3300 ὃς
218 3220 350 3307 τοιήνδε
365 3226 497 3293 δίαιταν
511 3228 595 3311 έχων
604 3216 692 3311 ἦλθε
706 3225 739 3303 ἐς
748 3220 850 3312 ἡμέας
861 3223 951 3293 οὕτω
962 3223 1054 3309 ὀιζυ-

40 3322 112 3416 ρὴν
127 3326 260 3407 ἔχοντας
275 3316 552 3410 ἀπαιρησόμενος.
578 3329 692 3391 Ταῦτα
706 3324 768 3410 μὲν
782 3330 982 3411 Παυσανίην
996 3332 1053 3394 λέ-

40 3446 137 3515 γεται
148 3422 253 3487 εἰπεῖν
263 3415 347 3506 πρὸς
358 3417 437 3500 τούς
446 3419 652 3510 στρατηγούς
662 3419 914 3513 τῶνἙλλήνων,
923 3421 1052 3517 ὑστέρη)
1064 3440 1103 3498 8ο
