2500 3925
355 231 442 286 ιιιι.
477 229 525 285 ιιι.
559 227 658 286 οιιι).
691 229 831 288 εε-ω.
963 181 965 186 ’
1058 222 1099 284 εο

78 397 148 470 ,λος
163 396 231 458 των
247 392 488 477 Σπαρτιητέων
508 383 611 474 ἀνὴρ,
635 392 682 476 τῷ
697 387 894 472 προσεκέετο
908 391 975 452 τῶν
989 382 1100 454 άστοίν

89 484 260 572 μάλισταὸ
273 485 441 573 Ἀρίστων.
465 485 573 576 τούτφ
584 490 630 575 τῷ
642 482 741 572 άυδρλ
755 483 913 570 ἐτύγχανε
924 486 1026 552 ἐοῦσα
1036 511 1099 570 γυ-
1167 529 1172 538 ·

91 582 133 672 νὴ
148 591 305 672 καλλίστη
321 592 438 675 μακρῷ
450 586 566 652 τῶνέν
577 582 719 672 Σπάρτῃ
733 589 916 670 γυναικῶν,
930 584 1099 651 καὶταῦτα

90 685 205 770 μέντοι
220 693 304 753 καλλ
319 704 379 770 στη
395 687 428 764 ἐξ
442 689 611 770 ἀἰσχίστης
626 684 800 769 γενομένη.
824 686 948 752 ἐοῦσαν
961 683 1027 771 γάρ
1041 710 1100 770 μιν

89 781 127 852 τδ
146 783 233 863 εἶδος
244 782 434 872 φλαύρηυὴ
448 782 574 869 τροφὸς
584 781 703 870 αὐτῆς,
720 779 772 851 οἷα
786 781 981 870 άνθράπων
992 809 1027 851 τε
1042 780 1101 852 ὀλ-

89 887 175 971 βίων
182 889 357 971 θυγατέρα
366 886 422 952 καὶ
433 883 588 950 δυσειδέα
600 884 734 969 ἐοῦσαν,
748 881 833 971 πρὸς
843 884 879 952 δὲ
890 885 946 952 καὶ
956 882 1100 969 δρέουσα

89 977 170 1059 τούς
182 982 303 1066 γονέας
318 980 499 1070 συμφορὴν
513 978 549 1049 τδ
562 979 649 1059 εἶδος
660 978 762 1068 αὐτῆς
773 985 1005 1070 ποιευμένους,
1017 988 1100 1050 ταῦ-

88 1105 131 1146 τα
150 1080 272 1146 έκαστα
293 1087 452 1164 μαθοῦσα
468 1078 682 1168 ἐπιφράζεται
696 1079 826 1148 τοιάδε·
857 1078 976 1168 ἐφόρεε
992 1078 1099 1167 αὐτὴν

89 1173 156 1244 άνᾶ
171 1184 284 1244 πᾶσαν
297 1176 426 1266 ἡμέρην
441 1180 474 1256 ἐς
487 1175 525 1245 τὸ
542 1184 600 1265 τῆς
608 1175 741 1265 Ἑλένης
758 1177 849 1262 ίρύν·
876 1176 912 1247 τὰ
929 1176 960 1246 δ’
980 1183 1048 1262 ἐστὶ
1062 1180 1099 1246 ἐν

87 1281 129 1363 τῇ
136 1274 295 1364 Θεράπνη
308 1277 507 1365 καλευμένη,
519 1275 649 1362 ὕπερθε
660 1281 720 1342 τοῦ
728 1282 892 1368 Φοιβηίου
903 1282 996 1364 ἱροῦ·
1012 1275 1099 1356 ὅκως

89 1375 126 1441 δὲ
140 1375 276 1452 ἐνείκειε
289 1372 310 1462 ἡ
321 1377 464 1461 τροφός,
479 1373 564 1460 πρός
574 1399 610 1441 τε
624 1371 781 1460 τάγαλμα
795 1376 867 1459 ἵστη
882 1377 937 1444 καλ
952 1378 1098 1445 ἐλίσσετο

88 1469 152 1558 τὴν
165 1468 252 1539 θεὸν
266 1469 452 1552 ἀπαλλάξαι
469 1479 527 1560 τῆς
540 1477 751 1560 δυσμορφίης
765 1469 803 1540 τδ
820 1478 964 1544 παιδίου.
988 1479 1043 1543 καλ
1057 1473 1098 1561 δή

89 1596 165 1639 κοτε
179 1568 327 1659 άπιούση
341 1573 379 1639 ἐκ
390 1577 450 1639 τοῦ
461 1575 538 1658 ίροῦ
548 1578 588 1660 τῇ
602 1577 716 1662 τροφῷ
728 1585 873 1657 γυναῖκα
883 1576 1012 1660 λέγεται
1026 1577 1098 1642 ἐπι·
1143 1629 1144 1632 .
1169 1598 1182 1604 ·

90 1675 256 1754 φανῆναι,
273 1671 494 1755 ἐπιφανεῖσαν
508 1671 545 1737 δὲ
559 1672 754 1756 ἐπείρεσθαί
766 1695 842 1758 μιν,
865 1669 885 1739 ὅ
901 1696 933 1739 τι
949 1675 1043 1759 φέρει
1061 1674 1097 1739 ἐν

89 1775 129 1857 τῇ
143 1765 290 1855 ἀγκάλη,
304 1763 361 1836 καί
373 1764 436 1856 τὴν
450 1767 595 1855 φράσαι,
616 1764 662 1846 ὡς
675 1771 811 1835 παιδίον
826 1772 957 1856 φορέει·
984 1765 1046 1854 τὴν
1061 1771 1098 1837 δὲ

88 1873 247 1936 κελεῦσαί
259 1873 296 1955 οί
306 1872 408 1955 δέξαι,
435 1865 495 1954 την
511 1866 548 1934 δὲ
563 1864 605 1933 οὐ
619 1865 743 1951 φάναι·
765 1863 969 1954 ἀπειρῆσθαι
984 1866 1049 1953 γάρ
1066 1871 1100 1935 οἱ

88 1972 126 2036 ἐκ
136 1975 205 2035 τῶν
217 1972 428 2054 γειναμένων
437 1970 555 2055 μηδενί
569 1965 814 2034 ἐπιδεικνύναι·
835 1964 949 2053 τὴν-δὲ
963 1966 1097 2043 πάντως

89 2068 197 2155 έωητῇ
207 2066 360 2134 κελεύειν
374 2068 536 2147 ἐπιδέξαι·
558 2063 724 2154 ὁρέουσαν
736 2066 772 2132 δὲ
786 2061 848 2149 τὴν
862 2076 1006 2150 γυναῖκα
1021 2064 1096 2148 περὶ

87 2169 218 2231 πολλοῦ
232 2164 602 2251 ποιευμένηνίδέσθαι,
623 2161 712 2232 οὕτω
727 2161 768 2251 δὴ
785 2161 848 2250 τὴν
860 2158 990 2251 τροφὸν
1006 2162 1096 2241 δέξαι

87 2258 125 2329 τδ
140 2265 293 2329 παιδίον·
314 2260 378 2349 τὴν
392 2264 428 2330 δὲ
438 2268 642 2345 καταψῶσαν
652 2269 714 2330 τοῦ
723 2265 861 2331 παιδίου
871 2262 933 2350 τὴν
944 2256 1093 2348 κεφαλὴν

88 2360 193 2446 εἶπαι,
215 2358 260 2438 ὡς
276 2363 507 2431 καλλιστεύσει
527 2367 662 2429 πασέων
678 2368 746 2429 τῶν
762 2364 798 2429 ἐν
817 2360 959 2450 Σπάρτη
975 2386 1097 2446 γυναι·

86 2469 167 2532 κάν.
191 2458 256 2527 άπὸ
271 2462 334 2547 μὲν
348 2459 388 2549 δὴ
399 2464 522 2551 ταύτης
535 2471 592 2551 τῆς
604 2462 729 2551 ἡμέρης
739 2476 936 2547 μεταπεσεῖν
948 2461 985 2530 τδ
999 2461 1093 2540 εἶδος.

87 2562 202 2650 γαμέει
217 2563 254 2628 δὲ
270 2560 312 2649 δή
325 2588 385 2647 μιν
405 2565 438 2642 ἐς
451 2564 565 2649 γάμου
585 2561 679 2649 ὥρην
699 2558 905 2647 ἀπικομένην
919 2560 1059 2650 Ἀγητος
1076 2558 1094 2630 ὁ

84 2664 267 2749 Ἀλκείδεω,
280 2655 379 2741 οὗτος
390 2659 430 2749 δὴ
442 2660 461 2728 ὁ
473 2668 533 2729 τοῦ
543 2658 740 2747 Ἀρίστωνος
752 2664 856 2745 φίλος.
878 2657 946 2749 Τδυ
959 2662 995 2729 δὲ
1005 2658 1095 2748 Ἀρί·
1109 2668 1143 2724 θλ

86 2779 197 2828 στωνα
212 2764 319 2841 ἔκνιζε
333 2758 398 2847 άρα
412 2766 470 2847 τῆς
483 2755 644 2846 γυναικὸς
657 2756 779 2843 ταύτης
802 2762 898 2845 ἔρως·
944 2765 1095 2846 μηχανᾶ-

86 2883 139 2925 ται
153 2855 195 2944 δὴ
209 2859 339 2929 τοιάδε·
360 2856 462 2938 αὐτός
476 2884 512 2926 τε
525 2865 572 2948 τῷ
588 2860 721 2948 έταίρφ,
736 2863 797 2925 τοῦ
807 2850 882 2945 ἦνῆ
893 2856 981 2945 γυνὴ
997 2854 1093 2943 αὕτη,

85 2954 283 3026 ὑποδέκεται
301 2962 447 3045 δωτίνην
461 2958 584 3026 δύσειν
599 2963 668 3025 των
685 2960 811 3026 ἑαυτοῦ
825 2957 963 3026 πάντων
977 2958 1030 3043 έν,
1055 2954 1091 3025 τό

86 3050 129 3120 άν
147 3050 247 3133 αύτός
262 3056 388 3134 ἐκεῖνος
403 3058 532 3143 ἕληται,
550 3057 605 3122 καλ
615 3051 676 3122 τδν
689 3056 820 3138 ἑταῖρον
835 3057 947 3147 ἑωυτῷ
961 3056 1093 3123 ἐκέλευε

86 3149 245 3230 ὡσαύτως
261 3150 323 3239 τήν
337 3150 458 3241 ὁμοίην
472 3154 613 3223 διδόναι.
636 3150 654 3221 ὁ
671 3155 707 3221 δὲ
717 3150 818 3221 οὐδὲν
829 3156 992 3240 φοβηθεὶς
1007 3149 1093 3238 άμφῖ

74 3256 124 3340 ’τῇ
137 3251 284 3336 γυναικὶ,
301 3250 410 3338 ὁρέων
421 3255 545 3320 έοῦσαν
555 3254 611 3319 καλ
620 3249 792 3335 Ἀρίστωνι
807 3263 962 3335 γυναῖκα,
977 3275 1094 3316 καται-
1128 3282 1131 3289 ·

85 3354 152 3421 νέει
166 3358 287 3420 ταῦτα·
314 3355 368 3422 ἐπὶ
384 3354 532 3422 τούτοισι
554 3352 591 3421 δέ
604 3351 727 3441 ὅρκους
747 3348 926 3436 ἐπήλασαν.
957 3343 1040 3433 μετά
1056 3346 1093 3414 δέ

83 3453 185 3535 αύτός
198 3481 234 3523 τε
250 3452 441 3541 ὁἈρίστων
455 3460 560 3524 έδωκε
574 3460 691 3541 τοῦτο,
713 3450 733 3520 ὅ
746 3477 777 3518 τι
792 3448 833 3536 δὴ
849 3440 910 3537 ἦν,
931 3443 968 3517 τδ
987 3449 1091 3517 εἵλετο
