2500 3925
339 231 423 287 LIB.
454 230 502 286 vl.
536 231 636 287 GAP.
668 233 810 289 81-85.
1039 227 1081 292 95

64 392 208 481 ’Λργεῑοι
218 392 282 476 μέν
288 415 355 457 νυν
366 384 423 457 διά
429 394 534 455 ταῦτα
541 387 733 473 Κλεομένεά
745 406 827 473 φασι
837 391 984 475 μανέντα
995 387 1080 462 ἀπο-
1093 409 1127 464 84

70 495 189 562 λέσθαι
204 496 330 575 κακῶς,
353 483 449 556 αύτοὶ
463 487 500 556 δὲ
515 492 728 574 Σπαρτιῆτα(
743 507 825 573 φασι
846 491 882 558 ἐκ
902 493 1079 585 δαιμονίου

69 591 133 678 μέν
146 585 286 666 ούδενδς
299 593 447 674 μανῆναι
458 585 660 672 Κλεομένεα,
672 585 830 674 Σκύθῃσι
844 588 880 656 δὲ
894 585 1078 678 ὁμιλήσαν-

68 689 110 756 τά
125 713 184 774 μιν
204 683 437 772 ἀκρητοπότην
458 685 618 771 γενέσθω
640 685 697 752 καί
719 684 756 751 ἐκ
775 685 899 755 τούτου
918 696 1074 777 μανῆναι.

68 786 211 865 Σκύθας
222 782 288 872 γάρ
298 780 379 864 τούς
392 783 551 871 νομάδας,
571 782 680 851 ἐπείτε
694 800 755 868 σφι
765 793 913 873 Δαρείου
924 790 1077 876 ἐσβαλεῖν

68 888 102 965 ές
116 885 180 972 τήν
193 882 324 970 χώρην,
339 879 422 970 μετὰ
432 887 537 950 ταῦτα
547 882 728 967 μεμονέναι
739 908 798 968 μιν
809 890 976 972 τίσασθαι,
992 889 1076 974 πέμ-

70 999 197 1068 φαντας
208 982 244 1052 δδ
255 983 461 1071 έςΣπάρτηυ
475 987 665 1068 συμμαχίην
675 1007 711 1050 τε
725 985 910 1071 ποιέεσθαι,
925 990 981 1057 καί
994 1007 1079 1056 συν-

68 1091 245 1170 τίθεσθαι,
261 1079 307 1162 ὡς
319 1077 429 1170 χρεόν
443 1090 494 1167 είη
512 1076 637 1161 αὐτούς
650 1081 713 1166 μὲν
733 1079 812 1161 τούς
828 1082 971 1164 Σκύθας
985 1081 1077 1172 παρά

66 1192 179 1255 Φᾶσιν
192 1180 345 1269 ποταμόν
358 1188 480 1270 πειρᾶν
495 1182 529 1268 ές
543 1177 605 1267 τήν
619 1177 780 1268 Μηδικήν
795 1185 958 1271 ἐσβαλεῖν,
973 1186 1078 1271 σφέας

67 1288 106 1356 δὲ
124 1281 204 1364 τούς
226 1281 439 1372 Σπαρτιήτας
465 1281 616 1352 κελεύειν
639 1284 672 1362 ἐξ
692 1280 832 1368 Ἐφέσου
852 1279 1077 1370 ὁρμεομένους

68 1383 265 1472 ἀναβαίνειν
275 1384 330 1450 καλ
343 1386 472 1451 ἔπειτεν
483 1384 516 1460 ές
530 1377 637 1449 τόυτδ
654 1377 817 1450 ἀπαντᾶν.
838 1384 1028 1469 Κλεομένεα
1040 1383 1078 1451 δὲ

67 1486 204 1569 λέγουσι
218 1477 373 1567 ἡκόντων
391 1484 460 1548 τῶν
474 1482 643 1549 Σκυθέων
658 1482 711 1550 έπὶ
731 1485 835 1548 ταῦτα
856 1475 1002 1568 ὁμιλέειν
1016 1501 1077 1568 σφι

68 1580 232 1669 μεζόνως,
254 1576 431 1665 ὁμιλέοντα
446 1580 483 1648 δὲ
499 1585 628 1667 μᾶλλον
648 1586 709 1648 τοῦ
730 1580 931 1667 ἱκνεομένου
953 1591 1077 1667 μαθεῖν
1107 1649 1109 1652 .

67 1675 132 1765 τήν
152 1675 399 1765 ἀκρητοποσίην
420 1675 502 1765 παρ’
521 1677 649 1748 αὐτόν·
677 1681 714 1747 έκ
731 1679 854 1748 τούτου
875 1680 911 1750 δέ
931 1685 1080 1768 μανῆναί

16 1853 20 1858 ,
69 1804 129 1867 μιν
143 1783 315 1863 νομίζουσι
330 1783 546 1865 Σπαρτιῆται.
570 1783 608 1847 ἔκ
622 1785 745 1862 τετοῦ,
762 1775 806 1858 ὡς
820 1779 913 1848 αὐτοὶ
929 1782 1075 1865 λέγουσι,

71 1875 172 1952 ἐπεὰν
182 1877 366 1965 ζωρότερον
379 1877 567 1964 βούλωνται
579 1890 686 1964 πιεῖν,
704 1873 943 1946 Ἐπισκύθισον
957 1879 1056 1964 λόγου

69 1998 112 2045 σι.
143 1977 232 2046 οὕτω
252 1975 293 2064 δή
315 1983 521 2064 Σπαρτιῆται
545 1974 586 2046 τά
613 1978 689 2065 περὶ
709 1980 899 2065 Κλεομένεα
923 1977 1074 2062 λέγουσι·

69 2076 142 2161 ἐμοὶ
156 2075 192 2142 δέ
206 2076 315 2143 δοκέει
328 2081 416 2143 τίσιν
428 2074 555 2162 ταύτην
571 2072 590 2144 δ
606 2077 798 2162 Κλεομένης
813 2072 1003 2165 Δημαρήτῳ
1020 2075 1076 2140 έκ-

69 2188 166 2244 τίσαι.
377 2198 381 2203 ’

156 2275 422 2364 Τελευτήσαντος
437 2278 474 2345 δὲ
487 2280 709 2363 Κλεομένεος,
732 2272 961 2355 ὡς’έπύθοντο
975 2278 1074 2358 Αίγι-
1087 2290 1121 2345 85

68 2382 181 2463 νῆται,
199 2380 347 2462 ἔπεμπον
364 2378 397 2456 ές
411 2375 574 2463 Σπάρτην
594 2372 757 2463 ἀγγέλους
777 2375 1075 2461 καταβωσομένους

68 2478 278 2561 Λευτυχίδεω
289 2478 442 2562 περὶτῶν
452 2474 657 2565 ένἈθήνησι
667 2473 805 2563 ὁμήρων
817 2476 991 2561 ἐχομένων.
1004 2479 1075 2541 Λα-

69 2571 276 2659 κεδαιμόνιοι
287 2573 323 2641 δὲ
334 2574 548 2661 δικαστήριον
558 2571 806 2660 συναγαγόντες
817 2576 969 2657 έγυωσαν
979 2595 1075 2659 περι-

69 2674 232 2759 υβρίσθαι
242 2670 423 2758 Αἰγινήτας
434 2669 501 2740 ὑπὸ
507 2676 730 2757 Λευτυχίδεω,
742 2676 801 2739 καί
807 2696 866 2756 μιν
876 2672 1074 2758 κατέκριναν

68 2776 207 2841 ἔκδοτον
221 2768 365 2857 ἄγεσθαι
374 2774 407 2851 ές
418 2781 564 2859 Λίγιναν
574 2769 648 2841 ἀντὶ
663 2779 731 2841 τῶν
741 2774 779 2841 έν
789 2768 948 2863 Ἀθήνησι
960 2774 1075 2862 ἐχομέ-

69 2897 139 2938 νων
154 2868 311 2958 ἀνδρύν.’
328 2871 520 2956 μελλόντων
541 2873 577 2941 δέ
596 2871 692 2960 ἀγειν
711 2878 779 2940 τῶν
794 2875 1000 2961 Αἰγινητέων
1015 2872 1075 2941 τὸν

69 2972 277 3057 Λευτυχίδην
293 2968 365 3039 εἶπέ
375 2989 438 3057 σφι
449 2975 612 3057 Θεασίδης
625 2968 644 3038 ὁ
655 2972 890 3059 Λεωπρέπεος,
906 2970 972 3041 έδν
983 2973 1020 3040 έν
1035 2978 1075 3059 τῆ

69 3067 209 3156 Σπόρτη
223 3068 359 3156 δόκιμος
373 3066 477 3157 ἀνήρ·
501 3077 542 3156 Τί
550 3069 717 3158 βούλεσθε
728 3072 865 3155 ποιέειν,
881 3068 1001 3157 ἀνδρες
1011 3075 1076 3137 Αί-

68 3176 217 3259 γινῆταις
237 3168 445 3260 τὸνβασιλέα
460 3179 528 3240 τῶν
538 3173 777 3259 Σπαρτιητέων
787 3175 925 3239 ἔκδοτον
935 3164 1074 3255 γευόμε-

68 3295 131 3339 νον
151 3265 218 3339 ὑπό
240 3276 308 3338 τῶν
328 3274 515 3359 πολιητέων
535 3269 647 3357 ἀγεινς
670 3276 700 3339 εί
713 3275 779 3338 νῦν
799 3264 883 3357 ὀργῆ
898 3266 1074 3354 χρεόμενοι

69 3377 220 3458 ἔγνωσαν
236 3368 325 3437 οὕτω
338 3378 562 3458 Σπαρτιῆται,
578 3368 665 3449 ὅκως
677 3371 710 3449 έξ
721 3364 862 3453 ὑστέρης
875 3364 922 3453 μή
936 3391 968 3433 τι
982 3362 1073 3453 ὑμῖν,

69 3465 112 3557 ῆν
128 3474 233 3539 ταῦτα
253 3467 437 3558 πρήσσητε,
458 3468 685 3557 παντόλεθρον
706 3464 813 3536 κακδν
833 3467 866 3545 ές
882 3462 944 3553 τῆν
962 3464 1074 3554 χύρην
