2500 3925
355 321 440 377 ιιο.
471 318 492 377 1.
527 318 624 378 σιν.
663 324 800 381 ιι-οε
1035 320 1078 388 10

74 480 110 547 έν
125 485 166 569 τῇ
179 477 288 568 χώρη,
310 474 348 556 ὃς
363 475 403 545 τά
419 484 499 566 ἔργα
515 481 716 564 διαφθείρει.
746 483 869 547 τοῦτον
882 478 1078 566 προθυμεό-

74 603 172 664 μενοι
199 580 285 647 ἕλετν
311 575 353 645 οῦ
374 577 561 663 δυνάμεθα.
601 580 670 643 νῦν
693 567 743 643 ἀν
764 578 1001 663 προσδεόμεθά
1015 600 1078 647 σευ

74 673 135 743 τόν
157 678 261 743 παῖδα
281 676 336 743 καὶ
356 674 501 761 λογάδας
522 679 658 761 νεηνίας
678 676 733 742 καὶ
758 675 864 755 κτένας
884 680 1079 764 συμπέμψαι

74 772 174 862 ἡμῖν,
201 770 246 853 ἀς
265 772 308 842 ἀν
328 799 387 862 μιν
411 776 572 861 ἐξέλωμεν
592 775 633 843 έκ
651 779 710 859 τῆς
729 773 846 861 κόρης·
890 780 936 845 OC
952 774 1015 862 μδν
1035 772 1077 861 δὴ

74 872 207 943 τοῦτον
222 875 370 961 ἐδέοντο,
393 881 537 962 Κροίσος
557 872 594 942 δδ
618 873 840 960 μνημονεύων
858 882 920 943 τοῦ
941 871 1079 964 ὀνείρου

74 972 114 1041 τά
130 979 212 1041 ἔπεα
227 974 322 1058 ἔλεγέ
333 992 394 1059 σφι
413 973 508 1043 τάδε·
545 969 675 1051 Παιδὸς
690 972 753 1059 μὲν
768 975 844 1058 πέρι
857 981 919 1041 τοῦ
935 976 1018 1061 ἐμοῦ
1031 969 1077 1061 μὴ

73 1074 248 1157 μνησθῆτε
263 1074 326 1137 ἔτι·
348 1067 390 1139 οῦ
403 1067 469 1158 γάρ
486 1066 530 1138 ἀν
544 1068 630 1156 ὑμῖν
641 1071 888 1158 συμπέμψαιμι·
912 1070 1078 1158 νεόγαμός

74 1196 109 1238 τε
122 1167 190 1255 γάρ
212 1170 280 1238 ἐστι
295 1171 351 1237 καλ
364 1168 469 1237 ταῦτά
486 1173 521 1238 οί
533 1174 599 1237 νῦν
622 1169 722 1254 μέλει.
752 1171 876 1237 Λυδῦυ
891 1171 1004 1254 μέντοι
1017 1176 1076 1238 λο-

76 1269 181 1351 γάδας
197 1266 303 1337 καὶτὸ
319 1272 519 1356 κυνηγέσιον
533 1274 601 1337 πᾶν
617 1268 820 1354 συμπέμψω,
834 1271 889 1336 καλ
903 1266 1077 1337 διακελεῦ-

75 1387 176 1453 σομαι
202 1380 288 1435 τοῖσι
314 1371 403 1435 ἰοῦσι
421 1365 507 1436 εἶναι
524 1364 569 1445 ὡς
581 1365 868 1452 προθυμοτάτοισι
887 1373 1078 1447 συνεξελεῖν

76 1464 158 1554 ὑμῖν
170 1462 210 1533 τδ
227 1470 351 1551 θηρίον
372 1467 408 1535 ἐκ
427 1471 485 1553 τῆς
504 1465 623 1553 κόρης.
653 1470 769 1531 Ταῦτα
790 1461 960 1549 ἀμείψατο.
991 1462 1121 1545 ἀπο-εγ

78 1566 270 1653 ηρεομένων
290 1562 327 1633 δὲ
346 1565 494 1634 τούτοισι
513 1572 582 1633 τῦν
602 1570 731 1633 Μυσῦν
746 1565 964 1651 ἐπεισέρχεται
981 1562 999 1634 ὁ
1014 1571 1076 1632 τοῦ

79 1669 229 1748 Κροίσου
245 1674 322 1741 παις
339 1658 490 1749 ἀνηκοάς
512 1668 580 1730 τῶν
597 1664 728 1730 ἐδέοντο
743 1665 778 1730 οί
790 1669 914 1731 Μυσοί.
948 1660 992 1731 οῦ
1008 1688 1076 1749 φα-

78 1764 181 1849 μένου
205 1762 242 1829 δέ
262 1769 323 1830 τοῦ
339 1769 487 1846 Κροίσου
510 1762 570 1830 τόν
592 1788 631 1848 γε
646 1760 750 1831 παλδά
771 1781 832 1847 σφι
853 1764 1074 1849 συμπέμψειν,

81 1864 164 1946 λέγει
178 1855 265 1945 πρὸς
278 1854 383 1928 αὐτὸν
398 1858 417 1930 ὁ
434 1867 567 1949 νεηνίης
584 1862 678 1932 τάδε·
706 1854 746 1929 Ὦ
762 1860 885 1945 πάτερ,
902 1858 943 1928 τά
958 1860 1075 1930 κόλλι-

79 1979 136 2026 στα
150 1955 318 2043 πρότερόν
332 1985 408 2028 κοτε
421 1964 477 2029 καὶ
489 1959 709 2048 γενναιότατα
721 1956 802 2048 ἡμῖν
815 1950 860 2048 ἦν
881 1965 915 2038 ές
926 1984 963 2027 τε
976 1960 1076 2028 πολέ·

80 2083 161 2143 μους
177 2059 231 2125 καλ
254 2059 288 2136 ἐς
301 2055 406 2144 ἀγρας
422 2065 616 2144 φοιτέοντας
633 2055 846 2145 εὐδοκιμέειν.
878 2065 944 2125 νῦν
959 2057 996 2127 δέ
1011 2053 1075 2144 ἀμ-

81 2159 229 2242 φοτέρων
243 2182 285 2244 με
298 2157 427 2228 τοῦτον
443 2155 646 2246 ἀποκληίσας
660 2163 752 2245 έχεις,
768 2157 845 2227 οῦτε
859 2156 935 2226 τινὰ
949 2162 1074 2243 δειλίην

80 2283 133 2341 μοι
152 2253 306 2339 παριδάν
326 2255 404 2325 οῦτε
425 2255 583 2345 ἀθυμίην.
621 2263 688 2325 νῦν
710 2282 745 2325 τε
764 2259 869 2325 τέοισί
881 2281 922 2343 με
935 2251 996 2342 χρὴ
1012 2252 1075 2341 ὅμ-

80 2373 156 2439 μασι
171 2359 204 2432 ές
218 2377 254 2421 τε
268 2351 396 2442 ἀγορὴν
411 2361 466 2424 καλ
482 2357 514 2436 ἐξ
534 2351 661 2443 ἀγορῆς
680 2357 855 2442 φοιτέοντα
874 2360 1073 2440 φαίνεσθαις

81 2466 165 2530 κοῖος
185 2452 248 2538 μέν
271 2466 424 2536 τιςτολσι
437 2453 613 2542 πολιήτῃσι
628 2452 715 2533 δόξω
730 2449 831 2538 εἶναι,
854 2464 945 2530 κοίος
968 2452 1008 2519 δέ
1024 2474 1074 2529 τις

81 2555 116 2636 τῇ
130 2548 285 2642 νεογάμφ
298 2559 438 2636 γυναικί
441 2580 451 2634 3
466 2560 548 2644 κοίφ
562 2551 596 2620 δέ
615 2553 725 2637 έκείνη
741 2549 830 2630 δόξει
843 2546 942 2636 ἀνδρὶ
955 2568 1073 2616 συνοι-

83 2651 183 2732 κέεινς
205 2651 261 2738 ἐμὲ
279 2644 329 2720 ἀν
343 2646 422 2738 σῦῆ
440 2657 533 2738 μέτες
550 2654 638 2721 ίέναι
654 2652 707 2719 ἐπὶ
718 2645 782 2737 τὴν
795 2647 926 2738 θήρην,
944 2642 967 2735 ἢ
984 2646 1074 2738 λόγφ

83 2744 276 2838 ἀνάπεισον,
305 2748 391 2830 ὅπως
413 2776 470 2839 μοι
493 2748 620 2839 ἀμείνω
640 2752 707 2818 ἐστὶ
727 2757 831 2819 ταῦτα
850 2745 940 2818 οῦτοι
959 2747 1075 2817 ποιεῦ-

83 2871 167 2928 μενα.
193 2844 376 2936 Ἀμείβεται
390 2855 535 2934 Κροῖσος
545 2873 593 2916 τοι
602 2852 691 2919 σίδε·
713 2841 752 2915 Ὠ
767 2861 838 2934 παλ,
853 2846 931 2916 οῦτε
946 2851 1073 2935 δειλίην
1082 2863 1119 2920 δσ

83 2945 153 3016 οὔτε
167 2946 247 3018 ἀλλο
263 2946 364 3018 οῦδὲν
378 2947 476 3036 ἄχαρι
492 2955 592 3036 παριδ
598 2949 646 3018 όν
661 2975 714 3017 τοι
727 2950 830 3017 ποιέω
843 2954 963 3033 ταῦτα,
988 2945 1072 3016 ἀλλά

83 3069 132 3127 μοι
153 3044 227 3130 ὄψις
248 3042 385 3134 ὀνείρου
405 3049 443 3116 έν
463 3056 510 3140 τῷ
530 3047 630 3139 ῦπυηι
652 3051 810 3118 ἐπιστᾶσα
830 3052 893 3133 ἔφη
908 3066 946 3114 σε
960 3043 1071 3131 ὀλιγο-

81 3142 210 3226 χρόνιον
225 3149 377 3214 ίσεσθαι·
395 3142 461 3214 ὑπὸ
478 3143 542 3233 γάρ
559 3152 677 3234 αἰχμῆς
692 3146 844 3230 σιδηρέης
858 3139 1068 3212 ἀπολέεσθαι.

81 3238 157 3328 πρός
180 3234 230 3312 ἀν
257 3239 319 3331 τὴν
345 3241 425 3326 ὄψιν
450 3244 574 3332 ταότηυ
597 3247 660 3314 τόν
682 3268 718 3311 τε
742 3240 852 3328 γόμου
876 3265 928 3308 τοι
951 3247 1070 3308 τοῦτον
1118 3265 1123 3277 ·

82 3342 217 3409 ἔσπευσα
238 3344 294 3411 καλ
317 3343 370 3410 ἐπὶ
392 3339 432 3412 τά
455 3339 784 3431 παραλαμβανόμενα
798 3334 862 3405 οῦκ
875 3334 1070 3424 ἀποπέμπω,

81 3436 227 3527 φυλακὴν
250 3444 353 3527 ἔχων,
375 3449 409 3508 εί
427 3467 494 3522 κως
515 3446 679 3528 δυναίμην
702 3440 756 3507 έπὶ
775 3442 833 3522 τῆς
851 3436 930 3520 ἐμῆς
944 3450 982 3501 ⁰⁶
996 3433 1072 3517 έόλν·

82 3540 256 3623 διακλέψαι.
296 3533 343 3620 είς
365 3539 431 3628 γάρ
458 3567 515 3629 μοι
539 3548 665 3628 μοῦνος
690 3534 864 3622 τυγχάνεις
887 3528 953 3680 ξίὲν
977 3543 1069 3604 παῖε·
