2500 3925
146 229 199 298 ,56
535 237 787 330 HERQDOTI

151 409 232 484 γον,
254 399 338 484 μέγα
353 423 404 464 τοι
419 403 566 484 γίνεται,
588 399 645 464 καί
666 396 822 486 δεύτερα,
844 393 889 485 ήν
908 401 946 468 σὲ
962 400 1107 486 ἐκεῖνος,
1131 392 1178 464 τὸ

152 494 197 583 μή
211 499 360 582 γίνοιτο,
375 494 436 564 ὑπ’
455 495 615 583 ἀξιόχρεω
633 499 689 564 καὶ
700 494 889 566 ἀποθανεῖν
898 496 1017 586 ἡμίσεα
1029 521 1177 587 συμφο-

152 594 210 681 ρή·
226 591 328 681 ἡμέας
340 594 377 663 δὲ
387 592 468 673 τούς
478 591 646 681 ὑπηρέτας
660 597 802 682 ἑτέροισί
812 623 848 664 τε
859 595 1042 687 ὑπηρέτῃσι
1056 617 1177 684 προσ-

150 693 316 775 φέρεσθαι
336 690 497 780 καὶπρὸς
519 695 642 779 ἵππου,
663 697 725 760 τοῦ
745 691 789 760 σύ
812 691 872 772 τάς
886 694 1036 781 μηχανὰς
1057 697 1178 782 μηδὲν

151 797 323 879 φοβηθῇς·
347 794 409 877 έγιι
424 791 493 876 γάρ
504 816 557 858 τοι
567 787 775 877 ὑποδέκομαι
790 792 836 879 μή
849 821 908 879 μιν
922 793 1048 881 ἀνδρός
1064 801 1116 862 ἔτι
1130 819 1175 878 γε

88 913 138 966 112
151 885 295 974 μηδενός
314 887 499 973 στήσεσθαι
515 891 679 956 έναντίου.
723 895 835 956 Ταῦτα
858 889 944 977 εἷπε,
967 895 1023 960 καὶ
1038 917 1175 977 μεταυ-

150 993 226 1056 τίκα
237 988 416 1073 συνέμισγε
427 979 468 1054 τά
479 986 687 1072 στρατόπεδα
698 992 779 1075 πεζή
788 989 844 1054 καὶ
854 994 970 1074 νηυσί·
988 991 1093 1074 νηυσὶ
1104 991 1178 1074 μέν

151 1083 337 1163 νυνἼωυες
347 1082 446 1171 ἀαροι
456 1083 635 1171 γενόμενοι
646 1084 773 1170 ταύτην
781 1081 844 1170 τήν
854 1082 983 1171 ἡμέρην
994 1082 1175 1172 ὑπερεβά-

151 1193 251 1254 λοντο
272 1179 352 1262 τούς
373 1189 550 1270 Φοίνικας,
574 1185 631 1250 καὶ
651 1181 783 1250 τούτων
801 1182 927 1268 Σάμιοι
946 1180 1178 1269 ἠρίστευσαν·

151 1287 231 1370 πεζή
245 1281 298 1368 δδ,
315 1277 359 1359 ὡς
372 1288 548 1368 συνῆλθον
557 1278 599 1348 τά
610 1280 834 1368 στρατόπεδα,
849 1282 1066 1366 συμπεσόντα
1081 1279 1175 1367 έμά-

149 1407 266 1467 χουτο,
289 1377 373 1448 κατὰ
394 1379 431 1448 δέ
444 1378 525 1458 τούς
544 1375 751 1467 στρατηγούς
771 1376 983 1468 ἀμφοτέρους
996 1380 1079 1448 τάδε
1095 1380 1174 1464 ένί-

149 1507 240 1551 νετο·
268 1478 312 1560 ὡς
328 1482 557 1568 προσεφέρετο
577 1477 662 1563 πρός
681 1477 742 1547 τόν
760 1475 968 1566 ’Θνήσιλονό
987 1476 1174 1566 Ἀρτύβιος

149 1580 202 1647 έπί
218 1584 284 1646 τοῦ
295 1582 401 1646 ίππου
415 1577 613 1665 κατήμενος,
626 1574 644 1644 ὁ
656 1574 838 1665 Ὀνήσιλος,
850 1575 933 1646 κατὰ
946 1578 1170 1665 συνεθήκατο

148 1684 195 1765 τῷ
207 1673 416 1763 ὑπασπιστῇ,
435 1681 527 1744 παίει
547 1675 828 1762 προσφερόμενον
843 1671 949 1742 αύτδν
963 1671 1025 1742 τόν
1041 1671 1169 1762 Ἀρτύ-

147 1783 235 1863 βιον,
248 1774 467 1863 ἐπιβαλόντος
478 1774 515 1843 δδ
529 1781 591 1843 τοῦ
601 1777 709 1842 ἵππου
717 1772 798 1853 τούς
807 1776 914 1854 πόδας
925 1778 978 1843 έπδ
987 1773 1052 1862 τήν
1063 1773 1170 1863 Ὀνη-

148 1879 245 1942 σίλου
260 1871 400 1962 ἀσπίδα,
427 1874 620 1944 ένθαῦταὸ
651 1873 724 1961 Κάρ
749 1870 906 1967 δρεπάνῳ
930 1874 1057 1962 πλήξας
1073 1874 1171 1944 ἀπα-

148 1974 266 2061 ράσσει
277 1980 339 2041 τοῦ
353 1977 460 2042 ίππου
475 1971 557 2052 τούς
567 1973 682 2052 πόδας.
712 1969 884 2059 Ἀρτύβιος
898 1975 961 2058 μὲν
971 1974 1013 2061 δή
1026 1974 1045 2044 ὁ
1058 1989 1171 2099 στρα-

146 2068 247 2157 τηγὸς
261 2077 330 2138 των
344 2068 535 2157 Περσέων
520 2094 657 2160 ομου
593 2077 672 2137 τῶ
687 2073 780 2161 ἵππω
793 2076 906 2138 πίπτει
920 2070 1027 2142 αύτοῦ
1042 2075 1169 2164 ταύτῃ,

84 2186 135 2241 113
146 2169 345 2255 μαχομένων
359 2169 397 2234 δέ
410 2171 466 2235 καὶ
483 2175 552 2235 τῶν
567 2165 681 2236 αλλων
690 2138 895 2256 Στήσήνωρ,
910 2172 1080 2255 τύραννος
1095 2172 1170 2242 έών

145 2271 315 2354 Κουρίου,
336 2270 493 2352 προδιδοῖ
509 2270 595 2350 έχων
612 2264 760 2350 δύναμιν
776 2263 913 2349 ἀνδρῶν
931 2272 1008 2357 περὶ
1029 2270 1168 2340 ἑωυτόν

146 2361 188 2431 ού
200 2362 354 2451 σμικρήν.
371 2367 406 2433 οί
415 2363 451 2431 δὲ
458 2355 675 2451 Κουριέες
632 2388 726 2430 ουτοι
737 2367 891 2449 λέγονται
902 2363 1007 2434 εἶναι’
1001 2376 1168 2456 Αργείων

144 2459 289 2530 ἀποικοι.
313 2461 512 2548 προδόντων
524 2462 562 2528 δέ
571 2466 823 2549 τωνΚουριέων
834 2459 954 2532 αυτίκα
965 2470 1022 2535 καὶ
1035 2467 1166 2539 τάΣα-

144 2570 309 2650 λαμινίων
329 2562 572 2651 πολεμιστήρια
592 2560 725 2650 ἀρματα
744 2558 852 2629 τύντό
869 2577 955 2631 τοῖσι
969 2572 1166 2650 Κουριεῦσι

144 2664 284 2731 ἐποίεον.
314 2664 506 2749 γινομένων
534 2658 571 2729 δδ
596 2660 729 2728 τούτων
756 2662 994 2749 κατυπέρτεροι
1014 2658 1107 2751 ήσαν
1129 2672 1171 2736 οί

142 2761 270 2849 Πέρσαι
285 2767 354 2827 τῶν
363 2767 537 2848 Κυπρίων.
562 2759 791 2847 τετραμμένου
801 2760 839 2825 δὲ
848 2766 911 2826 τοῦ
925 2769 1166 2847 στρατοπέδου

142 2858 238 2927 ἀλλοι
248 2884 284 2925 τε
296 2862 418 2926 ἔπεσον
428 2860 548 2927 πολλοὶ
558 2860 615 2926 καὶ
626 2855 668 2944 δή
679 2859 735 2925 καὶ
745 2855 917 2945 Ὀνήσιλός
927 2885 962 2928 τε
974 2858 1163 2950 όΧέρσιος,

141 2956 245 3041 ἀςπερ
283 2955 346 3045 τήν
359 2964 527 3046 Κυπρίων
547 2953 733 3025 ἀπόστασιν
748 2960 885 3043 ἔπρηξε,
908 2958 963 3025 καὶ
983 2955 1002 3027 ό
1018 2967 1166 3028 Σολίων

139 3053 297 3143 βασιλεύς
308 3053 603 3145 Ἀριστόκυπροςὸ
619 3057 857 3143 Φιλοκύπρου,
880 3059 1104 3146 Φιλοκύπρου
1122 3064 1163 3128 δὲ

137 3154 277 3242 τούτου,
293 3151 355 3221 τόν
367 3155 528 3226 Σόλωνὸ
546 3153 725 3243 Ἀθηναῖος
738 3153 945 3240 ἀπικόμενος
960 3158 994 3235 ές
1008 3157 1163 3245 Κύπρον

76 3266 126 3321 114
136 3254 173 3321 έν
188 3256 281 3320 ἔπεσι
295 3262 407 3325 αίνεσε
429 3257 610 3345 τυράννων
624 3255 777 3341 μάλιστα.
815 3249 993 3339 Ὀνησίλου
1007 3257 1072 3341 μέν
1087 3282 1161 3323 νυν

130 3348 370 3441 Ἀμαθούσιοι,
394 3354 446 3423 ὅτι
461 3357 566 3442 σφέας
586 3353 822 3440 ἐπολιόρκησε,
844 3347 1078 3440 ἀποταμόντες
1090 3351 1162 3439 τήν

134 3451 286 3537 κεφαλην
301 3451 463 3538 ἐκόμισαν
479 3456 514 3533 ές
530 3451 745 3541 Ἀμαθοῦντα
762 3459 819 3518 καί
835 3474 895 3535 μιν
915 3444 1158 3538 ἀνεκρέμασαν
