2500 3925
173 222 236 284 220
551 226 806 283 HERODO'H

106 400 156 455 227
174 384 297 471 μόνιον
311 384 469 454 λιπέσθαι
482 384 693 471 μνημόσυνα.
729 382 824 451 Μετὰ
839 384 875 452 δὲ
889 390 1011 453 τοῦτον
1027 382 1190 471 άριστεῦ-

174 502 229 551 σαι
240 485 394 569 λέγονται
406 483 667 570 Λακεδαιμόνιοι
679 482 742 551 δύο
753 478 921 569 άδελφεοί,
931 480 1072 570 ’Λλφεός
1087 508 1126 551 τε
1139 484 1192 549 καὶ

175 583 309 669 Μάρων
318 580 543 670 Ὀρσιφάντου
555 586 678 661 παῖδες.
698 583 872 651 Θεσπιέων
883 582 919 650 δὲ
931 580 1115 669 εὐδοκίμεε
1127 580 1193 667 μά-

107 697 159 752 228
174 691 270 751 λιστα
284 690 330 774 τῷ
345 681 475 769 οὕνομα
484 675 530 769 ἦν
540 681 766 769 Διθύραμβος
774 680 986 768 Ἁρματίδεω.
1010 689 1191 766 Θαφθεῑσι

175 785 214 852 δέ
225 804 287 869 σφι
302 782 408 851 αὐτοῦ
423 782 545 872 ταότη,
566 788 672 871 τῇπερ
695 786 832 866 ἔπεσον,
849 784 904 851 καί
913 796 1000 852 τοῖσι
1014 781 1192 869 πρότερον

174 883 387 971 τελευτήσασι
400 878 423 970 ἢ
438 881 505 951 ὑπὸ
521 887 696 952 Λεωνίδεω
712 880 996 970 ἀποπεμφθέντας
1017 892 1191 970 οίχεσθαι,

175 986 411 1070 ἐπιγέγραπται
427 982 603 1068 γράμματα
613 985 755 1069 λέγοντα
768 983 863 1051 τάδε·

217 1080 394 1167 Μυριάσιν
410 1082 489 1148 ποτέ
503 1084 581 1169 τῇδε
595 1078 797 1168 τριηκοσίαις
812 1080 972 1168 έμάχοντο

254 1178 308 1249 Ἐκ
320 1179 588 1248 Πελοποννάσου
600 1178 746 1265 χιλιάδες
759 1179 898 1267 τέτορες.

177 1286 289 1349 Ταῦτα
304 1278 366 1366 μὲν
386 1276 427 1366 δη
442 1292 527 1347 τοῖσι
542 1284 624 1346 πᾶσι
638 1280 890 1366 ἐπιγέγραπται,
911 1293 995 1347 τοῖσι
1009 1278 1048 1348 δὲ
1063 1288 1191 1362 Σπαρ-

174 1377 301 1467 τιητησι
316 1381 399 1467 ἰδίη·

211 1471 251 1544 Ὦ
268 1472 367 1561 ξεῖν’,
383 1472 558 1563 άγγέλλειν
570 1478 864 1561 Λακεδαιμονίοις,
882 1474 934 1544 ότι
949 1480 1027 1566 τῇδε

259 1580 408 1660 Κείμεθα
422 1587 491 1653 τοῖς
506 1578 629 1643 κείνων
643 1572 769 1661 ῥήμασι
786 1571 994 1660 πειθόμενοι.

174 1678 465 1761 Λακεδαιμονίοισι
480 1670 598 1760 μὲνδὴ
614 1678 730 1758 τοῦτο,
746 1677 790 1763 τῷ
806 1675 843 1741 δέ
858 1670 957 1758 μάντι
972 1670 1068 1740 τάδε·

218 1778 347 1860 Μνῆμα
360 1771 437 1841 τόδε
451 1780 593 1841 κλειτοῖο
608 1775 792 1857 Μεγιστία,
806 1768 849 1837 ὅν
862 1796 942 1839 ποτε
956 1774 1076 1858 Μῆδοι

259 1868 445 1959 Σπερχειόν
460 1868 613 1957 ποταμόν
625 1882 760 1938 κτεῖναν
773 1865 1005 1957 ἀμειψάμενοι,

218 1974 387 2060 Μάντιος,
402 1969 439 2052 ὃς
453 1972 527 2042 τότε
541 1978 656 2060 Κῆρας
669 1972 889 2056 ἐπερχομένας
903 1968 996 2057 σάφα
1010 1966 1114 2050 είδώς

260 2070 333 2142 Οὐκ
350 2079 426 2159 ἔτλη
440 2071 599 2160 Σπάρτης
612 2068 780 2160 ἡγεμόνας
794 2079 979 2159 προλιπεῖν.

170 2172 411 2259 Ἐπιγράμμασι
422 2174 484 2258 μέν
495 2197 561 2239 νυν
571 2176 627 2241 καὶ
639 2171 791 2259 στήλῃσι,
807 2173 869 2250 ἔξω
880 2165 902 2258 ἢ
915 2167 952 2238 τό
965 2175 1026 2238 τοῦ
1041 2170 1192 2256 μάντιος

85 2257 93 2278 ⁰
175 2274 382 2358 ἐπίγραμμα,
394 2268 634 2356 ’Λμφιιιτόονές
649 2275 713 2338 εἰσί
723 2288 827 2354 σφεας
838 2272 873 2336 οί
886 2265 1191 2356 ἐπικοσμήσαντες,

174 2369 211 2438 τό
228 2371 264 2438 δέ
283 2375 344 2438 τοῦ
359 2368 498 2456 μάντιος
514 2376 703 2457 Μεγιστίεω
719 2374 911 2457 Σιμωνίδης
925 2367 943 2439 ὁ
960 2371 1192 2458 Λεωπρέπεός

174 2475 242 2538 ἐστι
257 2465 340 2536 κατά
355 2471 481 2555 ξεινίην
495 2465 514 2536 ὁ
529 2467 724 2555 ἐπιγράψας.

105 2585 158 2641 229
260 2567 336 2637 Δύο
350 2569 387 2636 δέ
399 2567 531 2636 τούτων
540 2574 609 2635 τάν
621 2575 822 2655 τριηκοσίων
836 2569 965 2653 λέγεται
974 2562 1142 2652 Εὔρυτόν
1155 2593 1191 2635 τε

173 2670 229 2736 παλ
247 2664 502 2753 Ἀριστόδημον,
530 2663 658 2749 παρεόν
679 2662 809 2735 αὐτοῖσι
834 2662 1053 2752 ἀμφοτέροισι
1075 2669 1190 2752 κοινῷ

172 2763 261 2854 λόγῳ
276 2758 547 2851 χρησαμένοισιῆ
563 2761 784 2850 ἀποσωθῆναι
798 2761 884 2851 ὁμοῦ
899 2766 933 2843 ές
942 2763 1123 2851 Σπάρτην,
1143 2760 1191 2841 ὡς

172 2861 381 2948 μεμετιμένοι
394 2886 430 2928 τε
443 2854 531 2946 ἦσαν
545 2863 582 2929 έκ
598 2867 660 2930 τοῦ
675 2864 902 2948 στρατοπέδου
916 2859 984 2929 ὑπὸ
1000 2866 1188 2931 Λεωνίδεω

171 2964 225 3028 καί
236 2963 412 3028 κατεκέατο
420 2955 928 3049 ἐν’Λλπηνοίσιόφθαλμτεῦντες
937 2961 969 3036 ἐς
978 2956 1015 3026 τό
1028 2963 1188 3045 ἔσχατον,

169 3053 192 3144 ἢ
209 3066 243 3140 εί
252 3082 291 3142 γε
304 3053 349 3142 μη
361 3055 542 3142 ἐβούλοντο
553 3064 723 3144 νοστῆσαι,
739 3054 926 3126 άποθανεῑν
942 3055 1009 3143 ἅμα
1021 3069 1109 3124 τοῖσι
1122 3056 1189 3125 άλ-

169 3167 274 3243 λοισι,
288 3154 416 3240 παρεόν
426 3176 487 3242 σφι
502 3157 632 3225 τούτων
646 3156 686 3225 τά
697 3160 793 3246 ἕτερα
805 3158 932 3224 ποιέειν
944 3152 1007 3224 οὐκ
1020 3157 1189 3242 ἐθελῆσαι

170 3251 410 3339 ὁμοφρονέειν,
431 3251 517 3324 άλλά
537 3254 656 3342 γνάμη
678 3257 922 3341 διενειχθέντας
940 3252 1100 3342 Εὔρυτον
1118 3258 1189 3340 μὲν

170 3350 369 3438 πυθόμενον
382 3350 527 3439 τὴντῶν
536 3354 697 3440 Περσέων
708 3357 883 3440 περίοδον,
898 3352 1081 3440 αἰτήσαντά
1092 3379 1132 3422 τε
1143 3350 1187 3421 τά

169 3446 256 3515 ὅπλα
271 3452 325 3517 καὶ
339 3449 499 3538 ἐνδόντα,
520 3451 616 3537 ἄγειν
631 3448 736 3520 αὐτόν
756 3458 912 3520 κελεῦσαι
927 3450 988 3520 τόν
1009 3456 1136 3520 εἵλωτα
1154 3454 1188 3528 ἐς
1236 3489 1237 3492 “
