2500 3925
157 244 199 309 28
527 250 820 309 HERODOTI-

68 450 70 455 ·
159 410 220 495 μὲν
234 420 379 495 γυναῖκα
394 404 593 475 τεκνοποιόν
609 404 654 495 μῆ
681 406 825 494 ἄγεσθαι
840 409 874 486 ές
888 401 928 473 τά
944 412 1049 493 οἰκία,
1073 409 1105 473 εἰ
1122 408 1162 472 δε

40 582 41 585 ,
158 508 314 600 τυγχάνει
332 514 426 596 ἔχων,
449 509 590 595 δεύτερα
604 506 669 596 τῆν
682 523 827 596 γυναῖκα
841 510 1037 594 ἐκπέμπειν,
1059 505 1114 573 καλ
1131 512 1182 593 ελ,

157 614 205 687 τίς
221 610 255 676 ολ
268 607 425 694 τυγχάνει
446 604 512 676 έτδν
526 622 619 694 παῖς,
643 615 767 677 τοῦτον
782 605 998 690 ἀπείπασθαι.
1031 600 1094 673 ούκ
1110 594 1160 671 όν

156 716 261 779 ταῦτα
282 710 545 794 παραινέσαντος
568 717 720 789 Χίλωνος
739 715 922 778 πείθεσθαι
946 710 1078 777 έθέλειν
1099 703 1160 774 τόν

150 810 385 896 Ἱπποκράτεα,
405 814 565 896 γενέσθαι
580 813 615 878 οί
626 806 710 898 μετὰ
722 816 828 877 ταῦτα
843 802 904 875 τδν
919 813 1161 893 Πεισίστρατον

158 917 296 996 τοῦτον,
317 906 354 989 ὃς
368 907 613 990 στασιαζόντων
628 915 697 975 τῶν
712 908 875 993 παράλων
896 906 951 973 καί
966 911 1034 972 τῶν
1048 905 1085 972 ἐκ
1097 899 1161 971 τού

158 1011 276 1077 πεδίον
285 1006 485 1096 Ἀθηναίων,
503 1012 559 1078 καὶ
573 1015 643 1077 τῶν
655 1012 717 1096 μὲν
731 1012 955 1092 προεστεῶτος
965 1005 1161 1090 Μεγακλέος

159 1112 220 1175 τοῦ
241 1104 461 1195 Ἀλκμέωνος,
480 1115 548 1176 τῶν
563 1110 600 1176 δὲ
617 1111 654 1177 ἐκ
667 1114 729 1176 τοῦ
743 1110 862 1173 πεδίου
878 1102 1083 1189 Λυκούργου
1097 1109 1160 1169 τοῦ

155 1206 415 1295 Ἀριστολαΐδεω,
429 1206 947 1297 καταφρονῆσαςτῆντυραννίδα
961 1202 1074 1294 ῆγειρε
1087 1212 1160 1291 τρί-

159 1330 221 1392 την
241 1306 376 1390 στάσιν,
400 1313 559 1390 συλλέξας
580 1310 616 1378 δὲ
639 1308 824 1386 στασιάσας
844 1308 898 1375 καί
919 1314 967 1399 τῷ
987 1305 1077 1398 λόγῳ
1090 1311 1160 1372 τοῖν

159 1402 371 1494 ὑπερακρίων
378 1405 524 1494 προστάς
530 1416 715 1495 μηχανᾶται
721 1408 835 1476 τοιάδε
844 1431 851 1446 ·
862 1413 1068 1493 τρωματίσας
1074 1406 1160 1473 έων-

158 1504 217 1575 τόν
232 1507 337 1574 τεκαὶ
357 1502 520 1594 ἡμιόνους
539 1506 643 1595 ῆλασε
658 1510 692 1586 ές
710 1504 772 1594 τῆν
786 1501 916 1591 άγορῆν
930 1502 968 1572 τό
985 1510 1099 1590 ζεῦγος
1114 1499 1161 1581 ὥς

158 1602 371 1691 έκπεφενγοᾷς
392 1604 471 1685 τούς
492 1604 654 1693 ἐχθρούς,
678 1609 714 1673 οἵ
732 1632 791 1692 μιν
806 1603 991 1673 ἐλαύνοντα
1005 1605 1038 1681 ές
1052 1599 1160 1689 άγρδν

157 1701 327 1793 ἠθέλησαν
342 1700 501 1773 ἀπολέσαι
512 1708 630 1792 δῆθεν,
648 1704 757 1774 ἐδέετό
765 1731 801 1772 τε
811 1709 872 1771 τοῦ
884 1702 993 1790 δῆμον
1007 1709 1161 1788 φυλακῆς

158 1828 248 1881 τινος
261 1798 346 1888 πρός
361 1800 467 1871 αὐτοῦ
481 1811 637 1891 κυρῆσαι,
652 1803 819 1891 πρότερον
834 1799 1055 1890 εόδοκιμῆσας
1066 1803 1104 1869 έν
1118 1796 1160 1889 τῆ

157 1897 241 1988 πρός
255 1903 433 1988 Μεγαρέας
453 1904 619 1993 γενομένῃ
638 1908 835 1992 στρατηγίῃ,
858 1902 1009 1972 Νίσαιάν
1022 1926 1058 1970 τε
1072 1895 1160 1970 έλεὸν

158 2005 211 2070 καὶ
228 1999 312 2071 ἄλλα
327 1999 572 2089 ἀποδεξάμενος
586 2004 715 2090 μεγάλα
729 2008 819 2090 ἔργα.
849 2000 868 2071 ό
886 2003 923 2070 δὲ
938 2006 1042 2089 δῆμος
1056 1995 1075 2069 ὁ
1089 2004 1161 2066 τῶν

154 2097 344 2187 Ἀθηναίων
359 2103 576 2188 ἐξαπατηθεὶς
598 2105 705 2171 ἔδωκέ
716 2107 753 2171 οέ
772 2109 841 2171 τῶν
854 2099 967 2171 άστοίν
981 2103 1161 2179 καταλέξας

156 2195 282 2280 ἄνδρας
290 2205 509 2286 τριηκοσίους,
517 2196 1161 2289 ολδορυφόροιμδνούκέγένοντοίῖεισι-

156 2295 317 2382 στράτου,
334 2297 566 2385 κορυνηφόροι
584 2302 624 2366 δέ
628 2323 637 2337 ·
661 2300 773 2379 ξύλων
785 2296 852 2385 γάρ
865 2298 1013 2383 κορύνας
1029 2304 1161 2385 ἔχοντες

156 2395 292 2464 εἵποντό
306 2397 340 2463 ολ
352 2394 483 2464 ὄπισθε.
506 2397 819 2476 συνεπαναστάντες
833 2399 871 2465 δὲ
884 2389 979 2465 οὗτοι
994 2393 1062 2482 ἅμα
1074 2404 1161 2465 Πει-

155 2497 318 2588 σιστράτω
334 2503 431 2584 ἔσχον
444 2493 507 2584 τῆν
521 2495 717 2586 ἀκρόπολιν.
740 2507 826 2569 ἔνθα
840 2497 881 2586 δῆ
896 2495 1161 2582 ὁΠεισίστρατος

155 2587 442 2682 ῆρχεἎθηναίων,
457 2595 536 2664 αύτε
547 2595 645 2683 τιμάς
657 2595 717 2677 τάς
725 2599 848 2678 ἐούσας
861 2596 1069 2681 συνταράξας
1079 2593 1161 2662 οὔτε

153 2697 277 2781 θέσμια
291 2697 511 2784 μεταλλάξας,
535 2699 593 2766 έπί
610 2721 648 2766 τε
667 2713 754 2768 τοῖσι
767 2705 965 2768 κατεστεῶσι
986 2693 1160 2782 ἔνεμετῆν

107 2803 142 2858 60
153 2793 254 2863 πόλιν
275 2798 428 2882 κοσμέων
449 2802 559 2875 καλάς
579 2819 615 2864 τε
636 2801 692 2866 καλ
715 2792 764 2867 εὖ.
802 2793 899 2866 Μετά
917 2799 954 2862 δὲ
974 2792 1017 2863 ού
1029 2790 1162 2862 πολλόν

151 2891 277 2979 χρόνον
293 2890 399 2961 τάυτὸ
418 2893 651 2981 φρονήσαντες
666 2900 702 2964 οἵ
714 2921 750 2965 τε
761 2903 822 2964 τοῦ
833 2896 1030 2981 Μεγακλέος
1042 2912 1162 2961 στασι-

154 2996 234 3058 ῶται
248 2993 303 3058 καλ
318 2995 352 3058 σί
363 2997 424 3059 τοῦ
437 2993 644 3080 Λυκούργου
657 2995 878 3074 ἐξελαύνουσί
888 3020 956 3080 μιν.
989 2991 1080 3060 ούτω
1095 2991 1162 3077 μὲν

153 3096 388 3176 Πεισίστρατος
400 3097 473 3178 ἔσχε
484 3089 521 3161 τό
533 3092 828 3182 πρῶτονἍθῆνας,
842 3096 898 3161 καὶ
903 3089 967 3180 τῆν
973 3097 1161 3178 τυραννίδα

153 3187 196 3257 οὔ
209 3215 258 3257 κω
265 3190 371 3276 κάρτα
382 3191 605 3282 ἐρριζωμένην
616 3201 701 3281 ἔχων
712 3192 867 3281 ἀπέβαλε,
884 3195 918 3261 σί
930 3196 967 3261 δλ
979 3193 1162 3274 ἐξελάσαν-

153 3311 206 3365 τες
220 3293 461 3374 Πεισίστρατον
481 3285 576 3371 πότις
598 3295 635 3360 έκ
650 3296 728 3388 νέης
750 3289 799 3361 ἐπ’
817 3289 990 3379 άλλῆλοισι
1004 3296 1162 3362 ἐστασία-

153 3405 225 3454 σαν.
271 3389 574 3474 περιελαυνόμενος
596 3393 634 3458 δὲ
649 3386 699 3480 ’τῆ
719 3391 817 3459 στάσι
831 3387 849 3459 ὁ
864 3395 1064 3478 Μεγακλέης
1081 3394 1163 3461 έπε-

112 3513 113 3517 ’
153 3487 357 3574 κηρυκεύετο
374 3491 622 3583 Πεισιστράτω,
645 3497 676 3560 εί
688 3491 848 3580 βούλοιτό
861 3496 896 3560 ολ
910 3489 972 3578 τῆν
984 3499 1162 3579 θυγατέρα
