2500 3925
307 206 497 262 LIB.V111
528 204 628 264 σευ.
662 213 764 267 ιιε-
780 215 839 269 εει
1015 204 1078 271 279

66 361 160 450 τηςδ
177 360 388 451 Ἀρταχαίου·
421 367 567 447 συνῆρχε
586 362 623 431 δὲ
643 362 791 433 τούτοισι
806 370 861 435 καὶ
881 365 1078 455 ἀδελφιδέος

66 459 175 531 αύτου
160 459 393 548 Ἀρταΰντεω
407 454 678 581 προσελομένου
665 465 912 587 Ἰθαμίτρης]
889 492 947 534 ατε
963 471 1000 535 δέ
1016 493 1077 554 με·

65 562 180 650 γάλως
193 566 390 648 πληγέντες,
414 555 456 627 ού
471 560 640 646 προήισαν
655 558 811 651 ἀνωτέρω
826 562 863 632 τὸ
879 589 965 652 πρμς
980 567 1077 635 ἑσπέ-

66 692 146 752 ρης,
162 659 237 732 οὐδ’
257 662 463 749 ἐπηνάγκαζε
478 658 558 728 οὐδὲ
574 655 637 747 εἷς,
653 658 727 730 ἀλλ’
745 664 782 730 έν
797 670 836 753 τῇ
852 664 959 757 Σάμφ
973 664 1078 751 κατή-

66 790 165 850 μενοι
185 762 379 849 ἐφύλασσον
395 756 458 847 τήν
472 756 602 845 Ἰωνίην
621 757 667 847 μή
685 756 829 851 ἀποστῇ,
850 765 928 841 νέας
948 768 1078 849 ἔχοντες

66 888 134 933 συν
145 872 220 953 τησι
227 862 307 931 Ιασι
317 868 515 950 τριηκοσίας
528 858 644 947 ονμὲν
654 858 733 929 ονδ
744 866 987 949 προσεδέκοντο
999 858 1079 943 τούς

69 967 233 1053 ’Πλληνας
244 965 442 1035 ἐλεύσεσθαι
453 960 575 1050 έςτήν’
570 969 707 1050 Ιωνίην,
720 959 793 1031 ἀλλ’
803 960 1005 1051 ἀποχρήσειν
1016 982 1077 1050 σφι

67 1065 130 1154 τήν
151 1068 287 1135 ἑωυτῶν
307 1064 510 1151 φυλάσσειν,
539 1062 789 1149 σταθμεύμενοι
811 1058 862 1129 ὅτι
885 1063 990 1147 σφέας
1014 1059 1078 1130 ούκ

66 1169 250 1247 ἐπεδίωξαν
262 1166 450 1252 φεύγοντας
461 1166 498 1231 έκ
509 1170 712 1248 Σαλαμῖνος,
730 1156 804 1230 ἀλλ’
817 1158 957 1247 ἀσμενοι
968 1156 1078 1228 ἀπαλ-

65 1268 242 1336 λάσσοντο.
265 1262 349 1332 κατὰ
364 1266 428 1350 μέν
440 1290 508 1330 νυν
521 1260 584 1349 τήν
596 1263 775 1330 θάλασσαν
791 1263 973 1348 ἑσσωμένοι
989 1254 1077 1350 ἦσαν

68 1370 113 1455 τῷ
130 1368 249 1452 θυμῷ,
267 1368 347 1449 πεζή
361 1364 398 1429 δδ
414 1361 553 1429 ἐδόκεον
567 1357 695 1428 πολλὰν
712 1358 891 1447 κρατήσειν
900 1357 963 1428 τὸν
974 1368 1077 1447 Μαρ-

66 1463 195 1532 δόνιον.
225 1460 337 1540 ἐόντες
351 1461 387 1529 δὲ
403 1462 440 1528 έν
455 1460 562 1550 Σάμῳ
579 1457 649 1545 άμα
663 1458 725 1545 μέν
739 1458 978 1545 ἐβουλεύοντο,
1001 1468 1035 1527 ελ
1045 1485 1077 1527 τι

19 1591 20 1594 ’
66 1565 228 1629 δυναίατο
243 1556 350 1626 κακὸν
361 1555 441 1637 τούς
450 1563 631 1643 πολεμίους
641 1559 778 1643 ποιέειν,
793 1555 862 1643 ἅμα
876 1557 913 1625 δέ
922 1560 979 1626 καλ
1006 1555 1014 1579 ’
1057 1596 1077 1609 -

19 1667 21 1698 ²
66 1656 243 1742 κούστεον,
258 1654 322 1745 ὅκη
335 1658 486 1724 πεσέεται
502 1654 542 1723 τά
558 1659 761 1743 Μαρδονίου
774 1656 961 1743 πρήγματα.
991 1582 1079 1736 mg
1094 1665 1142 1723 131

19 1765 22 1799 ²
66 1758 105 1826 δὲ
117 1757 280 1845 Ἕλληνας
293 1758 332 1827 τύ
347 1785 385 1827 τε
404 1764 463 1846 ἔαρ
480 1756 663 1845 γινόμενον
677 1757 789 1847 ἤγειρε
808 1764 864 1827 καὶ
879 1757 1077 1846 Μαρδόνιος

19 1887 22 1954 j
66 1865 105 1929 ἐν
120 1866 287 1948 Θεσσαλίη
304 1859 379 1928 ἐάν.
403 1857 497 1947 ὁμέν
511 1858 552 1948 δή
564 1858 661 1942 πεζὸς
677 1858 769 1929 οὔκω
782 1865 989 1949 συνελέγετο,
1005 1859 1023 1931 ὁ
1040 1860 1077 1930 δὲ

19 1967 22 2001 ”
65 1959 226 2042 ναυτικὸς
236 1960 372 2031 ἀπίκετο
384 1965 417 2042 ές
428 1972 583 2049 Αίγιναν,
595 1965 668 2042 νέες
679 1959 829 2050 άριθμδν
840 1964 921 2031 δέκα
932 1965 988 2031 καὶ
999 1966 1076 2031 ἕκα-

20 2068 22 2101 z
67 2063 137 2130 τόν.
168 2058 350 2149 στρατηγὸς
367 2065 404 2128 δὲ
421 2065 476 2129 καὶ
492 2062 660 2149 ναύαρχος
681 2053 725 2149 ήν
739 2065 944 2148 Λευτυχίδης
966 2057 1077 2130 ὁΜε·

20 2174 21 2203 ³
67 2161 188 2248 νάρεος
207 2167 269 2230 τού
282 2157 466 2246 Ἡγησίλεω
486 2167 548 2229 τοῦ
562 2158 821 2248 Ἱπποκρατίδεω
838 2161 899 2236 τοῦ
913 2165 1077 2246 Λευτυχί-

20 2274 21 2295 ί
66 2264 133 2328 δεω
152 2264 214 2326 τοῦ
233 2254 409 2338 Ἀναξίλεω
427 2263 492 2324 τοῦ
509 2252 709 2344 Ἀρχιδήμου
731 2263 792 2324 τοῦ
813 2254 1075 2345 Ἀναξανδρίδεω

65 2363 128 2424 τοῦ
143 2355 347 2442 Θεοπόμπου
366 2364 429 2425 τοῦ
442 2356 643 2442 Νικάνδρου
661 2362 723 2423 τοῦ
737 2362 908 2442 Χαρίλλου
926 2364 989 2425 τού
1004 2353 1076 2425 Εύ-

68 2453 177 2539 νόμον
187 2459 249 2520 τού
259 2454 479 2522 Πολυδέκτεω
497 2460 559 2520 τοῦ
569 2454 763 2538 Πρυτάνιος
773 2461 834 2522 τού
845 2453 1077 2542 Εὐρυφῶντος

66 2556 129 2618 τοῦ
149 2553 319 2636 Προκλέος
339 2557 401 2618 τοῦ
417 2548 657 2638 Ἀριστοδήμου
678 2557 739 2618 τοῦ
759 2548 998 2640 Ἀριστομάχου
1015 2558 1075 2618 τοῦ

67 2653 255 2718 Κλεοδαίου
265 2656 328 2716 τοῦ
334 2648 456 2720 'mov
470 2677 532 2720 τον
516 2648 732 2738 Ἡρακλέος,
746 2648 813 2720 έιδν
828 2659 885 2772 τής
900 2655 1012 2742 ἑτέρης
1025 2658 1076 2720 οί-

67 2755 140 2834 κίης
153 2773 222 2814 των
238 2751 413 2834 βασιλέων.
443 2743 538 2818 οὗτοι
555 2748 693 2836 πάντες,
715 2747 804 2838 πλήν
818 2758 886 2818 τῶν
901 2757 994 2820 δυων
1008 2759 1076 2820 τῶν

68 2872 148 2933 μετα
135 2842 374 2933 Λευτυχίδην
388 2848 532 2936 πρώτων
547 2851 837 2934 καταλεχθέντων,
853 2876 871 2917 ο
872 2849 997 2920 ίάλλοι
1012 2857 1076 2937 βα
1188 2851 1190 2855 ’

68 2945 173 3021 σιλεες
184 2943 339 3030 ἐγένοντο
347 2948 514 3034 Σπάρτης
535 2944 725 3033 Ἀθηναίων
738 2952 774 3016 δε
784 2947 1076 3038 έστρατηγεεΞαν

68 3040 223 3122 θιπποςδ
235 3041 442 3134 Ἀρίφρονος.
458 3045 518 3125 ίλς
528 3049 565 3115 δὲ
576 3051 801 3133 παρεγένοντο
813 3045 892 3127 ἐς
856 3074 919 3135 την
930 3056 1075 3133 Αἴγιναν
1093 3055 1144 3111 132

69 3149 171 3209 πᾶσαι
187 3147 223 3211 αί
232 3149 314 3233 νέες,
330 3144 490 3215 ἀπίκοντο
502 3142 625 3214 Ἰάνων
639 3143 775 3232 άγγελοι
792 3149 825 3225 ές
838 3143 875 3213 τὸ
891 3143 1075 3231 στρατόπε·

70 3250 130 3312 δον
144 3251 212 3312 τῶν
227 3242 414 3334 Ἑλλήνων,
435 3252 471 3314 οἳ
486 3248 542 3314 καλ
562 3247 595 3324 ές
608 3245 773 3333 Σπάρτην
793 3243 894 3338 ὀλίγφ
909 3244 1074 3331 πρότερον

70 3341 197 3410 τούτων
211 3339 410 3430 ἀπικόμενοι
425 3347 557 3414 ἐδέοντο
572 3348 848 3432 Λακεδαιμονίων
868 3347 1074 3432 ἐλευθεροῦν

71 3440 129 3517 τήν
139 3438 285 3529 Ἰωνίην·
303 3449 371 3512 τοῖν
382 3440 651 3531 καλἩρύδοτοςὸ
666 3447 871 3530 Βασιληίδεω
882 3437 933 3532 ήν.
952 3449 987 3512 οἳ
993 3462 1074 3510 στα-
