2500 3925
285 248 288 253 Ι
346 296 432 354 LIB.
464 296 523 352 vn.
558 296 657 354 CAP.
693 301 852 357 96—101.
1037 295 1101 362 163

90 453 216 541 μύνευε
222 452 260 522 δέ
266 450 552 544 Ἁλικαρνησσέων
562 479 597 521 τε
612 455 667 522 καὶ
682 455 792 544 Κχύων
807 458 862 525 καὶ
874 464 1049 546 Νισυρίων
1063 484 1098 528 τε

88 553 146 621 καὶ
163 557 380 639 Καλυδνίων,
394 556 494 621 πέντε
506 555 585 631 νέας
594 555 813 640 παρεχομένη.
837 556 892 623 καί
903 557 1100 645 συναπάσης

88 655 148 736 τῆς
162 657 333 738 στρατιῆς,
349 651 432 736 μετά
445 677 484 737 γε
499 647 558 728 τάς
567 652 768 745 Σιδωνίων,
790 653 868 731 νέας
883 650 1097 735 εὐδοξοτάτας

87 752 280 836 παρείχετο,
304 748 441 815 πάντων
462 749 499 816 δὲ
518 754 586 816 τῶν
604 749 787 835 συμμάχων
807 751 943 839 γνύμας
964 748 1099 837 ἀρίστας
1170 810 1179 818 .

89 847 222 932 βασιλέι
233 842 421 927 ἀπεδέξατο.
443 853 512 914 τῶν
525 849 562 914 δὲ
572 847 728 926 κατέλεξα
738 854 866 918 πολίων
880 847 1099 937 ἡγεμονεύειν

88 938 214 1031 αύτῆν,
229 940 267 1011 τδ
281 948 384 1022 ἐθνος
397 939 576 1030 ἀποφαίνω
592 949 661 1010 πᾶν
676 942 735 1018 ἐὸν
747 947 925 1033 Δωρικόν,
943 943 1099 1033 Ἀλικαρ-

90 1043 231 1132 νησσέας
239 1039 536 1130 μένΤροιζηνίονς,
551 1042 631 1122 τούς
647 1047 682 1112 δὲ
698 1041 821 1124 ἀλλους
833 1043 1074 1132 Ἐπιδαυρίους.

169 1139 221 1222 ’λίς
234 1143 297 1229 μέν
313 1141 452 1221 τοσόνδε
463 1139 481 1210 ὁ
494 1139 651 1221 ναυτικὰς
666 1140 806 1230 στρατὸς
821 1153 958 1232 εἴρηται,
973 1145 1098 1231 Ξέρξης
1113 1155 1164 1214 m

88 1243 126 1312 δὲ
142 1243 212 1311 ἐπεὶ
227 1239 402 1330 ἠριθμήθη
418 1267 454 1310 τε
469 1243 525 1310 καὶ
536 1242 695 1334 διετάχθη
710 1238 728 1310 ὁ
741 1240 889 1330 στρατὸς,
905 1240 1098 1328 ἐπεθύμησε

89 1339 192 1420 αύτός
207 1359 312 1428 σφεας
326 1341 516 1422 διεξελάσας
525 1341 731 1429 θηήσασθαι.
753 1339 834 1428 μετά
847 1343 882 1410 δὲ
894 1344 1001 1411 ἐποίεε
1014 1347 1097 1410 ταῦ·-

87 1464 146 1527 τα,
161 1441 216 1506 καί
231 1439 454 1518 διεξελαύνων
468 1440 521 1507 ἐπὶ
532 1436 679 1525 ἅρματος
689 1436 779 1528 παρά
793 1439 894 1520 ἐθυος
906 1443 944 1508 ἐν
955 1442 1095 1508 ἕκαστον

88 1535 319 1623 ἐπυνθάνετο,
347 1539 401 1604 καὶ
421 1534 619 1624 ἀπέγραφον
641 1542 676 1607 οί
692 1537 950 1626 γραμματισταί,
977 1539 1039 1618 ἕως
1062 1539 1095 1618 ἐξ

88 1636 237 1724 ἐσχάτων
253 1638 286 1715 ές
301 1641 420 1722 ἔσχατα
434 1633 568 1706 ἀπίκετο
581 1641 637 1707 καλ
648 1643 705 1725 τῆς
718 1641 823 1706 ἵππου
839 1639 894 1707 καὶ
907 1646 968 1708 τοῦ
983 1644 1092 1720 πεζοῦ.

90 1734 134 1815 ὡς
147 1737 183 1804 δὲ
197 1735 302 1804 ταῦτά
316 1740 350 1803 οί
359 1739 550 1824 ἐπεποίητο,
566 1744 635 1805 τῶν
645 1743 733 1804 νεῶν
743 1739 1051 1806 κατελκυσθεισέων
1061 1737 1095 1815 ἐς

89 1835 266 1906 θάλασσαν
281 1837 430 1904 ἐνθαῦτα
445 1832 463 1904 ὁ
475 1833 797 1924 ,Ξέρξηςμετεκβάςέ
797 1862 817 1903 κ
828 1842 888 1904 τοῦ
904 1833 1051 1923 ἀρμπτος
1061 1836 1095 1914 ές

89 1939 148 2004 νέα
159 1937 330 2055 Σιδωνίην
343 1932 458 2017 ἵζετο*
440 1931 507 2003 υπὸ
523 1941 630 2025 σκηνῇ
644 1937 768 2023 χρυσέη
778 1938 833 2005 καί
843 1937 1017 2059 πφρέπλωε
1028 1957 1094 2003 πα-

88 2032 132 2123 ρά
149 2031 208 2113 τάς
222 2033 359 2157 πρῴρας
372 2041 440 2103 τῶν
454 2036 764 2126 νεων,ἐπειρωτέων
773 2058 809 2103 τε
819 2035 957 2115 εκάστας
973 2033 1094 2121 ὁμοίως

86 2131 187 2203 καὶ
153 2160 214 2203 τον
224 2123 324 2215 πεζδν
335 2132 421 2204 παιδ’
401 2135 689 2224 απογραφόμενος
712 2135 770 2215 τάς
785 2136 820 2205 δὲ
832 2140 909 2216 νέας
919 2140 953 2205 οί
965 2136 1094 2223 ναύαρ-

88 2258 140 2321 χοι
154 2231 381 2355 ἀναγαγόντες
391 2231 474 2303 ὅσον
487 2260 523 2302 τε
533 2237 671 2319 τέσσερα
685 2232 847 2323 πλέθρα’
828 2232 893 2303 απδ
909 2259 969 2305 του
955 2240 1094 2321 αἰγια-

87 2328 188 2401 λοῦ’
169 2332 397 2420 ανεκύχευον,
414 2330 472 2413 τάς
487 2333 623 2425 πρῴρας
637 2335 670 2413 ἐς
693 2361 758 2421 γην
773 2336 952 2421 τρέψαντες
971 2334 1094 2413 πάντες

68 2497 70 2504 ,
87 2430 285 2518 μετωπηδὸν
301 2434 357 2501 καὶ
374 2435 605 2513 ἐξοπλίσαντες
618 2428 698 2511 τούς
713 2432 870 2517 ἐπιβάτας
885 2430 930 2509 ὡς
944 2434 977 2511 ές
992 2431 1092 2501 πύλε-

87 2556 162 2617 μον.
195 2526 214 2597 δ
230 2526 261 2596 δ’
285 2528 380 2608 ἐντδς
400 2537 468 2598 τῶν
488 2532 651 2621 πρφρέων
671 2530 794 2597 κλάων
811 2526 945 2613 έθηέετο
962 2532 1015 2596 καὶ
1033 2535 1093 2596 τοῦ

87 2634 250 2716 αἰγιαλοῦ.

164 2724 223 2807 Ὡς
239 2727 344 2797 δὲκαὶ
360 2728 481 2809 ταύτας
496 2734 694 2812 διεξέπλωσε
708 2731 763 2801 καὶ
775 2731 868 2817 ἐξέβη
886 2734 922 2799 ἐκ
937 2739 994 2817 τῆς
1005 2728 1091 2817 νεός,
1108 2749 1157 2805 1⁰1

87 2830 315 2917 μετεπέμψατο
326 2828 531 2917 Δημάρητον
545 2825 605 2899 τδν
616 2825 812 2915 Ἀρίστωνος
826 2829 1092 2916 συστρατευόμε

86 2952 149 2998 νον
160 2923 251 3019 αύτῷ
260 2928 313 2995 ἐπὶ
325 2925 387 3014 τὴν
394 2924 547 3017 Ἑλλάδα,
562 2929 703 3007 καλέσας
714 2924 745 2995 δ’
761 2924 865 2994 αύτόυ
877 2935 980 3014 είρετο
996 2925 1091 2994 τάδε·

88 3020 129 3093 Ὠ
140 3026 338 3114 Δημάρητε,
353 3034 420 3097 νῦν
434 3034 495 3115 μοί
505 3047 541 3095 σε
555 3026 622 3116 ἡδύ
634 3029 702 3096 ἐστι
713 3028 785 3094 ἐπεί
770 3031 902 3111 ίρεσθαι
917 3020 957 3091 τά
973 3024 1088 3091 ἐθέλω.

41 3198 45 3203 ,
88 3143 132 3193 συ
118 3120 215 3204 wele
208 3132 321 3212 Ελλην
331 3152 376 3212 τε,
393 3123 497 3213 καὶ,
476 3153 520 3205 ως
534 3124 598 3214 ἐγω
608 3121 828 3209 πυνθάνομαι
839 3126 899 3189 σεῦ
910 3146 944 3188 τε
958 3123 1013 3187 καὶ
1024 3126 1090 3187 τῶν

86 3221 199 3297 ἀλλων
206 3222 375 3313 Ελλήνων
390 3251 457 3293 των
471 3226 544 3313 ἐμοὶ
558 3229 591 3305 ἐς
605 3225 728 3311 λόγους
741 3218 1008 3306 ἀπικνεομένων,
1026 3218 1090 3285 πό

87 3320 245 3406 λαοςούτ’
261 3320 487 3412 ἐλαχίστης’
444 3349 504 3391 ουτ
507 3320 781 3408 ’ἀσθενεστάτης
803 3323 869 3386 νῦν
884 3342 934 3384 ων
945 3341 1003 3403 μοι
1013 3314 1089 3383 τοδε

87 3417 272 3509 φράσον,ε
255 3419 308 3491 εί“
302 3428 447 3508 Ελληνες
461 3419 685 3509 ὑπομενέουσι
702 3430 812 3505 χεῖρας
827 3408 933 3500 ἐμοί’
913 3409 1089 3501 ανταειρύ

85 3515 260 3607 μενοι.ού
275 3515 357 3604 γάρ,
380 3517 425 3599 ιδς
439 3517 503 3602 έγώ
519 3524 642 3607 δοκέω,
659 3513 732 3587 οὐδ’
750 3522 781 3585 εί
799 3508 1089 3667 πάντειςιῖλληνες
