2500 3925
305 230 393 287 113.
425 230 469 285 111.
503 230 601 288 οΑΡ.
637 234 809 291 ιον-ιιι.
992 222 1057 287 209

80 388 167 469 μένον
176 381 281 453 αὐτοῦ
295 382 358 473 τήν
371 383 513 474 γονήνή
528 386 636 475 θήλεα
648 383 785 455 ἅπτεται
798 394 855 473 τῆς
867 392 988 477 δειρής,
1002 392 1057 459 καλ

81 488 191 570 ἐμφῦσα
205 482 266 553 οὐκ
286 483 391 571 ἀνίει,
412 490 492 572 πρὶν
512 480 557 553 ἀν
581 486 740 574 διαφάγη.
776 482 794 554 6
816 486 878 573 μὲν
899 484 1058 576 δήίρσην

81 580 265 672 ἀποθνήσκει
296 585 410 676 τρόπῳ
436 591 482 675 τῷ
509 588 689 675 είρημένφ,
720 581 742 671 ἡ
771 585 807 653 δὲ
838 585 946 672 θήλεα
970 594 1058 657 τίσιν

80 681 190 769 τοιήνδε
203 680 352 751 ἀποτίνει
366 690 412 775 τῷ
428 690 555 768 έρσενν
576 688 623 773 τῷ
638 685 732 769 γονέ1
740 688 943 770 τιμωρέοντα
960 694 1007 755 δτι
1022 690 1059 755 ίν

79 791 110 871 τῇ
122 784 228 869 γαστρί
247 783 346 851 ἐόντα
362 781 404 851 τά
420 786 520 851 τέκνα
536 786 677 851 διεσθίει
697 780 759 870 τήν
772 784 914 871 μητέρα,
935 790 1055 873 διαφα-

78 881 163 965 γόντα
182 882 217 950 δὲ
235 878 299 969 τήν
320 878 431 968 νηδὺν
448 878 550 967 αὐτῆς
566 879 658 949 οὕτω
673 880 735 969 την
749 887 887 951 ἔκδυσιν
900 888 1056 955 ποιέεται.

78 984 104 1047 ολ
119 980 149 1047 δὲ
163 978 256 1049 ἄλλοι
280 979 377 1067 ὄφιες
393 981 505 1059 ἐόντες
526 977 722 1069 ἀνθρώπων
743 978 785 1050 οά
807 980 992 1069 δηλήμονες
1008 990 1059 1053 τί-

77 1085 176 1147 κτουσί
201 1105 238 1147 τε
269 1077 318 1172 ῶά
350 1082 407 1147 καλ
438 1082 615 1148 ἐκλέπουσι
645 1080 773 1199 πρλλόν
799 1108 831 1149 τι
855 1088 963 1169 χρῆμα
990 1090 1059 1151 τῶν

76 1178 190 1244 τέκνων.
213 1182 252 1245 αί
260 1178 323 1263 μὲν
334 1178 377 1265 δή
387 1202 455 1244 νυν
465 1181 593 1263 ἔχιδναι
606 1175 691 1245 κατὰ
702 1186 814 1247 πᾶσαν
811 1178 890 1302 τήν
903 1190 968 1268 γῆν
984 1184 1056 1269 είσλ,

75 1272 177 1341 οἶδε’
160 1275 344 1362 υπόπτεροι
365 1277 476 1354 ἐόντες
495 1274 620 1362 ἀθρόοι
646 1279 708 1345 scaz
729 1279 766 1345 έν
786 1286 826 1367 τῇ
848 1276 982 1369 Ἀραβίη
1002 1233 1057 1349 καά

74 1368 184 1461 οὐδαμῇ
199 1371 302 1463 ἀλλη·
323 1373 407 1442 κατά
422 1381 522 1442 τοῦτο
539 1377 696 1443 δοκέουσι
710 1381 827 1446 πολλοὶ
842 1377 935 1449 εἶναι.

143 1470 208 1540 Τδν
221 1474 287 1559 μὲν
304 1471 344 1560 δή
360 1470 549 1559 λιβανωτὸν
565 1479 688 1540 τοῦτον
701 1473 966 1543 οὕτωκτέονται’
960 1476 1055 1561 Αρά-
1074 1506 1125 1559 11⁰

73 1578 140 1655 βιοι,
159 1569 220 1661 πήν
235 1574 274 1643 δὲ
288 1580 409 1660 κασίην
423 1566 505 1641 ῶδε·
527 1570 630 1641 έπεάν
645 1574 896 1663 καταδήσωνται
909 1578 1055 1667 βύρσησι

72 1672 116 1736 καλ
123 1672 259 1756 δέρμασι
270 1670 399 1741 ἄλλοισι
409 1680 478 1739 πᾶν
487 1669 526 1740 τὸ
536 1678 632 1757 σῶμα
646 1676 701 1741 καλ
711 1670 749 1743 τὸ
759 1674 952 1761 πρόσωπον,
967 1673 1056 1763 πλήν

73 1767 248 1837 αὐτῶντῶν
268 1767 474 1857 ὀφθαλμῶν,
496 1777 648 1857 ἔρχονται
669 1774 722 1841 έπλ
742 1770 804 1860 τήν
819 1782 956 1860 κασίην·
976 1770 998 1860 ἡ
1020 1771 1057 1843 δδ

72 1870 203 1957 ίνλίμνη
218 1870 343 1957 φύεται
357 1868 400 1937 οὐ
419 1872 547 1958 βαθέῃ,
567 1872 644 1952 περὶ
661 1871 698 1939 δὲ
717 1868 824 1957 αὐτὴν
839 1875 893 1939 καλ
912 1873 948 1938 έν
971 1866 1056 1960 αὐτῇ

71 1967 217 2052 αὐλίζεταί
224 1997 291 2040 κον
305 1977 410 2058 θηρία
423 1969 586 2058 πτερωτὰ,
600 1979 675 2061 τῇσι
689 1979 861 2093 νυκτερίσι
874 1975 1055 2058 προσίκελα

70 2067 209 2154 μάλιστα,
232 2072 290 2137 καλ
303 2070 431 2156 τέτριγε
444 2066 577 2156 δεινὸν,
598 2073 654 2138 καὶ
671 2072 704 2150 ίς
720 2067 827 2157 ἀλκην
848 2066 987 2156 ἀλκιμα,
1012 2063 1054 2138 τά

70 2163 441 2254 δελάποιμυνομένους’
422 2164 488 2235 απὸ
509 2173 579 2235 τῶν
598 2164 788 2254 ὀφθαλμῶν
809 2165 899 2236 οὕτω
920 2169 1055 2255 δρέπειν

70 2260 118 2348 τὴν
136 2271 265 2352 κασίην.
313 2262 359 2332 Τὸ
381 2264 417 2332 δε
438 2239 516 2351 δη
501 2265 720 2350 κιννάμωμον
741 2271 790 2334 έτι
809 2266 939 2336 τούτων
978 2269 1056 2331 θω-
1078 2277 1118 2332 111

70 2364 258 2483 μαστδτερυν
271 2367 488 2449 συλλέγουσι·
510 2362 595 2431 ὅπου
610 2362 726 2449 μὲν
687 2389 752 2451 γαρ
768 2371 895 2450 γίνεται
912 2358 1005 2431 κῶλ’
982 2383 1058 2449 ητις

68 2484 115 2541 μιν
127 2469 167 2548 γῆ
186 2490 208 2549 η
195 2461 398 2548 ’τρέφουσά
419 2458 568 2546 έστι,’
527 2486 591 2528 ουκ
612 2467 726 2548 έχουσι
748 2468 870 2547 εἰπεῖν,
893 2457 983 2546 πλὴν
1003 2455 1057 2528 ὅτι

70 2558 141 2648 λόγφ
147 2555 211 2629 οάκ
223 2561 330 2632 οίπδτι
334 2560 510 2649 χρεόμενοι
522 2560 562 2628 έν
572 2563 698 2629 τοισίδε
710 2560 865 2645 χωρίοισί
875 2561 961 2644 φασί
969 2578 1058 2637 τινες

69 2654 134 2725 αάιδ
154 2660 323 2744 φύεσθαι,
344 2661 382 2726 έν
402 2672 490 2724 τοῖσι
509 2655 527 2722 ὁ
548 2659 720 2736 Διόνυσος
740 2658 877 2743 ἐτράφη.
912 2653 1058 2742 ὄρνιθας

69 2753 97 2820 δὲ
107 2759 239 2843 λέγουσι
252 2758 398 2844 μεγάλας
414 2762 552 2843 φορέειν
565 2763 670 2825 ταῦτα
684 2751 726 2823 u}
740 2755 890 2843 κάρφεα,
905 2749 946 2820 τά
960 2748 1056 2839 ἡμεῖς

69 2853 120 2922 ἀπὸ
131 2865 300 2926 Φοινίκων
310 2856 478 2943 μαθόντες
489 2857 709 2942 κιννάμωμον
723 2857 902 2940 καλέομεν,
916 2851 1057 2939 φορέειν

69 2955 96 3018 δέ
109 2953 162 3033 τάς
175 2954 320 3042 ὅρννθας
333 2959 368 3034 ές
383 2953 539 3034 νεοσσιάς
559 2955 878 3042 προσπεπλασμένας
893 2954 930 3020 ἐκ
943 2951 1057 3037 πηλοῦ

69 3049 136 3135 πρὸς
148 3050 394 3141 ἀποκρήμνοισι
415 3051 548 3139 οὔρεσι,
570 3058 657 3120 ἔνθα
673 3052 861 3171 πρόσβασιν
881 3046 1056 3139 ἀνθρώπῳ

69 3146 211 3237 οὐδεμίαν
225 3152 320 3223 εἶναι.
342 3150 427 3240 πρὸς
441 3144 491 3220 ῶν
501 3148 543 3239 δη
554 3158 658 3219 ταῦτα
674 3147 754 3228 τούς
765 3147 939 3235 Ἀραβίονς
954 3146 1055 3232 σοφί-

69 3249 275 3335 ζεσθαιτάδε,
297 3258 442 3340 βοῶντι
461 3248 552 3318 παιδ’
531 3275 623 3318 ονων
645 3255 713 3314 τῶν
729 3243 983 3365 ἀπογινομένων
998 3241 1055 3314 καὶ

68 3350 121 3411 τῶν
134 3346 244 3418 ἀλλων
259 3348 451 3435 ὑποζυγίων
465 3375 505 3416 τα
494 3347 618 3436 μέλεα
630 3339 882 3430 διαταμόντας“
861 3369 905 3422 ως
916 3347 1056 3429 μέγιστοι

70 3450 197 3527 1θμίξειν
211 3450 244 3527 ἐς
254 3455 358 3516 ταῦτα
369 3475 409 3515 τα
398 3444 542 3533 χωρία,
559 3453 618 3515 καί
631 3463 718 3528 σφεα
733 3436 888 3518 θέντας’
869 3445 974 3524 αγχοῦ
985 3443 1054 3506 τῶν
