<?xml version="1.0" encoding="UTF-8"?>
<!DOCTYPE html PUBLIC "-//W3C//DTD XHTML 1.0 Transitional//EN"
    "http://www.w3.org/TR/xhtml1/DTD/xhtml1-transitional.dtd">
<html xmlns="http://www.w3.org/1999/xhtml" xml:lang="en" lang="en">
 <head>
  <title>
</title>
<meta http-equiv="Content-Type" content="text/html;charset=utf-8" />
  <meta name='ocr-system' content='tesseract 3.04.00' />
  <meta name='ocr-capabilities' content='ocr_page ocr_carea ocr_par ocr_line ocrx_word'/>
</head>
<body>
  <div class='ocr_page' id='page_1' title='image "./herodotihistori00dietgoog_0396.png"; bbox 0 0 2500 3925; ppageno 0'>
   <div class='ocr_carea' id='block_1_1' title="bbox 105 256 765 327">
    <p class='ocr_par' dir='ltr' id='par_1_1' title="bbox 105 256 765 327">
     <span class='ocr_line' id='line_1_1' title="bbox 105 256 765 327; baseline -0.022 -2"><span class='ocrx_word' id='word_1_1' title='bbox 105 263 166 327; x_wconf 85' lang='lat'><strong><em>378</em></strong></span> <span class='ocrx_word' id='word_1_2' title='bbox 486 256 765 315; x_wconf 82' lang='lat' dir='ltr'><strong>HERODOTI</strong></span> 
     </span>
    </p>
   </div>
   <div class='ocr_carea' id='block_1_2' title="bbox 104 411 1107 611">
    <p class='ocr_par' dir='ltr' id='par_1_2' title="bbox 104 411 1107 611">
     <span class='ocr_line' id='line_1_2' title="bbox 105 411 1107 514; baseline -0.014 -19"><span class='ocrx_word' id='word_1_3' title='bbox 105 430 325 514; x_wconf 84' lang='grc' dir='ltr'><strong><em>ιηςΠιερικης</em></strong></span> <span class='ocrx_word' id='word_1_4' title='bbox 335 414 485 504; x_wconf 71' lang='grc' dir='ltr'><strong><em>πίσσης</em></strong></span> <span class='ocrx_word' id='word_1_5' title='bbox 466 422 606 503; x_wconf 85' lang='grc' dir='ltr'><strong><em>αμείνω·</em></strong></span> <span class='ocrx_word' id='word_1_6' title='bbox 630 416 780 499; x_wconf 85' lang='grc' dir='ltr'><strong><em>ἐσχέουσι</em></strong></span> <span class='ocrx_word' id='word_1_7' title='bbox 791 415 828 481; x_wconf 76' lang='grc' dir='ltr'><strong><em>δέ</em></strong></span> <span class='ocrx_word' id='word_1_8' title='bbox 839 417 873 493; x_wconf 83' lang='grc' dir='ltr'><strong><em>ἐς</em></strong></span> <span class='ocrx_word' id='word_1_9' title='bbox 883 411 1038 483; x_wconf 87' lang='grc' dir='ltr'><strong><em>λακκον</em></strong></span> <span class='ocrx_word' id='word_1_10' title='bbox 1021 440 1107 498; x_wconf 82' lang='grc' dir='ltr'><strong><em>ορω-</em></strong></span> 
     </span>
     <span class='ocr_line' id='line_1_3' title="bbox 104 509 1107 611; baseline -0.013 -19"><span class='ocrx_word' id='word_1_11' title='bbox 104 523 273 611; x_wconf 81' lang='grc' dir='ltr'><strong><em>ρυγμένον</em></strong></span> <span class='ocrx_word' id='word_1_12' title='bbox 284 516 498 641; x_wconf 77' lang='grc' dir='ltr'><strong><em>άχχοῦτῆςλί</em></strong></span> <span class='ocrx_word' id='word_1_13' title='bbox 496 537 596 601; x_wconf 88' lang='grc' dir='ltr'><strong><em>μνης·</em></strong></span> <span class='ocrx_word' id='word_1_14' title='bbox 612 511 715 580; x_wconf 85' lang='grc' dir='ltr'><strong><em>ἐπεάν</em></strong></span> <span class='ocrx_word' id='word_1_15' title='bbox 727 509 958 597; x_wconf 80' lang='grc' dir='ltr'><strong><em>όέάθροίσωσι</em></strong></span> <span class='ocrx_word' id='word_1_16' title='bbox 968 511 1107 600; x_wconf 81' lang='grc' dir='ltr'><strong><em>συχνὴν,</em></strong></span> 
     </span>
    </p>
   </div>
   <div class='ocr_carea' id='block_1_3' title="bbox 39 612 1112 3572">
    <p class='ocr_par' dir='ltr' id='par_1_3' title="bbox 103 612 1108 1002">
     <span class='ocr_line' id='line_1_4' title="bbox 104 612 1107 702; baseline -0.009 -11"><span class='ocrx_word' id='word_1_17' title='bbox 104 621 193 690; x_wconf 82' lang='grc' dir='ltr'><strong><em>οὕτω</em></strong></span> <span class='ocrx_word' id='word_1_18' title='bbox 207 622 240 699; x_wconf 90' lang='grc' dir='ltr'><strong><em>ἐς</em></strong></span> <span class='ocrx_word' id='word_1_19' title='bbox 254 615 332 695; x_wconf 78' lang='grc' dir='ltr'><strong><em>τοὺς</em></strong></span> <span class='ocrx_word' id='word_1_20' title='bbox 348 613 519 702; x_wconf 76' lang='grc' dir='ltr'><em>ἀμφορέας</em></span> <span class='ocrx_word' id='word_1_21' title='bbox 534 615 570 681; x_wconf 87' lang='grc' dir='ltr'><strong><em>ἐκ</em></strong></span> <span class='ocrx_word' id='word_1_22' title='bbox 585 638 647 679; x_wconf 92' lang='grc' dir='ltr'><strong><em>του</em></strong></span> <span class='ocrx_word' id='word_1_23' title='bbox 632 612 789 681; x_wconf 77' lang='grc' dir='ltr'><strong><em>λάκκου</em></strong></span> <span class='ocrx_word' id='word_1_24' title='bbox 804 614 1009 698; x_wconf 81' lang='grc' dir='ltr'><strong><em>καταχέουσι.</em></strong></span> <span class='ocrx_word' id='word_1_25' title='bbox 1042 612 1063 680; x_wconf 84' lang='grc' dir='ltr'>ὅ</span> <span class='ocrx_word' id='word_1_26' title='bbox 1076 640 1107 682; x_wconf 86' lang='grc' dir='ltr'><strong><em>τι</em></strong></span> 
     </span>
     <span class='ocr_line' id='line_1_5' title="bbox 104 706 1106 802; baseline -0.009 -14"><span class='ocrx_word' id='word_1_27' title='bbox 104 715 168 788; x_wconf 79' lang='grc' dir='ltr'><strong><em>θ’</em></strong></span> <span class='ocrx_word' id='word_1_28' title='bbox 154 717 198 787; x_wconf 89' lang='grc' dir='ltr'><strong><em>άυ</em></strong></span> <span class='ocrx_word' id='word_1_29' title='bbox 215 718 338 802; x_wconf 88' lang='grc' dir='ltr'><strong><em>ἐσπέση</em></strong></span> <span class='ocrx_word' id='word_1_30' title='bbox 353 710 435 793; x_wconf 89' lang='grc' dir='ltr'><strong><em>ἐς</em></strong></span> <span class='ocrx_word' id='word_1_31' title='bbox 399 738 462 799; x_wconf 92' lang='grc' dir='ltr'><strong><em>την</em></strong></span> <span class='ocrx_word' id='word_1_32' title='bbox 476 720 614 798; x_wconf 78' lang='grc' dir='ltr'><em>λίμνην,</em></span> <span class='ocrx_word' id='word_1_33' title='bbox 638 707 705 778; x_wconf 85' lang='grc' dir='ltr'><strong><em>ὑπό</em></strong></span> <span class='ocrx_word' id='word_1_34' title='bbox 725 716 791 797; x_wconf 77' lang='grc' dir='ltr'><strong><em>γῆν</em></strong></span> <span class='ocrx_word' id='word_1_35' title='bbox 811 706 866 779; x_wconf 85' lang='grc' dir='ltr'><strong><em>ίόυ</em></strong></span> <span class='ocrx_word' id='word_1_36' title='bbox 886 708 1106 798; x_wconf 77' lang='grc' dir='ltr'><strong><em>ἀναφαίνεται</em></strong></span> 
     </span>
     <span class='ocr_line' id='line_1_6' title="bbox 103 806 1103 907; baseline -0.013 -21"><span class='ocrx_word' id='word_1_37' title='bbox 103 821 141 886; x_wconf 85' lang='grc' dir='ltr'><strong><em>ἐν</em></strong></span> <span class='ocrx_word' id='word_1_38' title='bbox 155 843 194 906; x_wconf 87' lang='grc' dir='ltr'><strong><em>τη</em></strong></span> <span class='ocrx_word' id='word_1_39' title='bbox 180 814 381 900; x_wconf 78' lang='grc' dir='ltr'><strong><em>θαλάσση,</em></strong></span> <span class='ocrx_word' id='word_1_40' title='bbox 402 808 424 898; x_wconf 82' lang='grc' dir='ltr'><em>ἡ</em></span> <span class='ocrx_word' id='word_1_41' title='bbox 444 810 480 879; x_wconf 76' lang='grc' dir='ltr'><strong><em>δέ</em></strong></span> <span class='ocrx_word' id='word_1_42' title='bbox 496 806 644 895; x_wconf 83' lang='grc' dir='ltr'><strong><em>άπέχει</em></strong></span> <span class='ocrx_word' id='word_1_43' title='bbox 622 836 667 887; x_wconf 87' lang='grc' dir='ltr'><strong><em>ως</em></strong></span> <span class='ocrx_word' id='word_1_44' title='bbox 681 811 819 907; x_wconf 78' lang='grc' dir='ltr'><strong><em>τέσσερα</em></strong></span> <span class='ocrx_word' id='word_1_45' title='bbox 833 807 988 878; x_wconf 77' lang='grc' dir='ltr'><strong><em>στάσια’</em></strong></span> <span class='ocrx_word' id='word_1_46' title='bbox 968 806 1035 877; x_wconf 86' lang='grc' dir='ltr'><strong><em>από</em></strong></span> <span class='ocrx_word' id='word_1_47' title='bbox 1050 816 1103 894; x_wconf 73' lang='grc' dir='ltr'><strong><em>τῆς</em></strong></span> 
     </span>
     <span class='ocr_line' id='line_1_7' title="bbox 103 905 1108 1002; baseline -0.01 -17"><span class='ocrx_word' id='word_1_48' title='bbox 103 921 230 1002; x_wconf 82' lang='grc' dir='ltr'><strong><em>λίμνης.</em></strong></span> <span class='ocrx_word' id='word_1_49' title='bbox 261 910 350 980; x_wconf 80' lang='grc' dir='ltr'><strong><em>οὕτω</em></strong></span> <span class='ocrx_word' id='word_1_50' title='bbox 367 936 417 977; x_wconf 91' lang='grc' dir='ltr'><strong><em>ων</em></strong></span> <span class='ocrx_word' id='word_1_51' title='bbox 433 912 488 977; x_wconf 84' lang='grc' dir='ltr'><strong><em>καὶ</em></strong></span> <span class='ocrx_word' id='word_1_52' title='bbox 507 906 548 976; x_wconf 86' lang='grc' dir='ltr'><strong><em>τά</em></strong></span> <span class='ocrx_word' id='word_1_53' title='bbox 563 905 630 975; x_wconf 84' lang='grc' dir='ltr'><strong><em>άπὸ</em></strong></span> <span class='ocrx_word' id='word_1_54' title='bbox 647 914 705 994; x_wconf 82' lang='grc' dir='ltr'><strong><em>τῆς</em></strong></span> <span class='ocrx_word' id='word_1_55' title='bbox 725 907 833 995; x_wconf 81' lang='grc' dir='ltr'><strong><em>νήσου</em></strong></span> <span class='ocrx_word' id='word_1_56' title='bbox 854 915 913 996; x_wconf 83' lang='grc' dir='ltr'><strong><em>τῆς</em></strong></span> <span class='ocrx_word' id='word_1_57' title='bbox 929 911 982 977; x_wconf 78' lang='grc' dir='ltr'><strong><em>ἐπὶ</em></strong></span> <span class='ocrx_word' id='word_1_58' title='bbox 995 909 1108 996; x_wconf 80' lang='grc' dir='ltr'><strong><em>Λιβύη</em></strong></span> 
     </span>
    </p>

    <p class='ocr_par' dir='ltr' id='par_1_4' title="bbox 39 1004 1107 2682">
     <span class='ocr_line' id='line_1_8' title="bbox 39 1004 1106 1102; baseline -0.013 -15"><span class='ocrx_word' id='word_1_59' title='bbox 39 1031 87 1088; x_wconf 84' lang='grc'><strong><em>196</em></strong></span> <span class='ocrx_word' id='word_1_60' title='bbox 103 1016 257 1102; x_wconf 80' lang='grc' dir='ltr'><strong><em>κειμένης</em></strong></span> <span class='ocrx_word' id='word_1_61' title='bbox 280 1009 394 1079; x_wconf 86' lang='grc' dir='ltr'><strong><em>οίκότα</em></strong></span> <span class='ocrx_word' id='word_1_62' title='bbox 419 1011 487 1076; x_wconf 81' lang='grc' dir='ltr'><strong><em>ἐστὶ</em></strong></span> <span class='ocrx_word' id='word_1_63' title='bbox 511 1004 663 1093; x_wconf 86' lang='grc' dir='ltr'><strong><em>άληθείη.</em></strong></span> <span class='ocrx_word' id='word_1_64' title='bbox 712 1008 859 1091; x_wconf 78' lang='grc' dir='ltr'><strong><em>Λέγουσι</em></strong></span> <span class='ocrx_word' id='word_1_65' title='bbox 887 1010 925 1075; x_wconf 78' lang='grc' dir='ltr'><strong><em>δέ</em></strong></span> <span class='ocrx_word' id='word_1_66' title='bbox 947 1008 1004 1075; x_wconf 76' lang='grc' dir='ltr'><strong><em>καὶ</em></strong></span> <span class='ocrx_word' id='word_1_67' title='bbox 1028 1007 1106 1074; x_wconf 81' lang='grc' dir='ltr'><strong><em>τάδε</em></strong></span> 
     </span>
     <span class='ocr_line' id='line_1_9' title="bbox 102 1104 1107 1200; baseline -0.009 -18"><span class='ocrx_word' id='word_1_68' title='bbox 102 1106 392 1200; x_wconf 76' lang='grc' dir='ltr'><strong><em>Καρχηδόνιοι,εἷ</em></strong></span> <span class='ocrx_word' id='word_1_69' title='bbox 391 1134 446 1175; x_wconf 93' lang='grc' dir='ltr'><strong><em>ναι</em></strong></span> <span class='ocrx_word' id='word_1_70' title='bbox 461 1132 519 1193; x_wconf 89' lang='grc' dir='ltr'><strong><em>της</em></strong></span> <span class='ocrx_word' id='word_1_71' title='bbox 529 1106 659 1193; x_wconf 88' lang='grc' dir='ltr'><strong><em>Λιβυης</em></strong></span> <span class='ocrx_word' id='word_1_72' title='bbox 668 1130 780 1192; x_wconf 87' lang='grc' dir='ltr'><strong><em>χωρον</em></strong></span> <span class='ocrx_word' id='word_1_73' title='bbox 790 1131 826 1174; x_wconf 91' lang='grc' dir='ltr'><strong><em>τε</em></strong></span> <span class='ocrx_word' id='word_1_74' title='bbox 835 1109 891 1176; x_wconf 74' lang='grc' dir='ltr'><strong><em>καὶ</em></strong></span> <span class='ocrx_word' id='word_1_75' title='bbox 901 1104 1107 1192; x_wconf 89' lang='grc' dir='ltr'><strong><em>ανθρωπους</em></strong></span> 
     </span>
     <span class='ocr_line' id='line_1_10' title="bbox 104 1203 1106 1293; baseline -0.008 -12"><span class='ocrx_word' id='word_1_76' title='bbox 104 1218 165 1293; x_wconf 80' lang='grc' dir='ltr'><strong><em>ἔξω</em></strong></span> <span class='ocrx_word' id='word_1_77' title='bbox 181 1208 374 1291; x_wconf 79' lang='grc' dir='ltr'><strong><em>Ἡρακλέων</em></strong></span> <span class='ocrx_word' id='word_1_78' title='bbox 391 1206 539 1293; x_wconf 84' lang='grc' dir='ltr'><strong><em>στηλέων</em></strong></span> <span class='ocrx_word' id='word_1_79' title='bbox 559 1209 835 1293; x_wconf 82' lang='grc' dir='ltr'><strong><em>κατοικημένους,</em></strong></span> <span class='ocrx_word' id='word_1_80' title='bbox 857 1207 891 1284; x_wconf 89' lang='grc' dir='ltr'><strong><em>ές</em></strong></span> <span class='ocrx_word' id='word_1_81' title='bbox 910 1204 990 1285; x_wconf 87' lang='grc' dir='ltr'><strong><em>τούς</em></strong></span> <span class='ocrx_word' id='word_1_82' title='bbox 1003 1203 1106 1275; x_wconf 84' lang='grc' dir='ltr'><strong><em>ἐπεάν</em></strong></span> 
     </span>
     <span class='ocr_line' id='line_1_11' title="bbox 103 1302 1107 1392; baseline -0.009 -13"><span class='ocrx_word' id='word_1_83' title='bbox 103 1309 287 1379; x_wconf 76' lang='grc' dir='ltr'><strong><em>ἀπίκωνται</em></strong></span> <span class='ocrx_word' id='word_1_84' title='bbox 301 1309 356 1373; x_wconf 78' lang='grc' dir='ltr'><strong><em>καὶ</em></strong></span> <span class='ocrx_word' id='word_1_85' title='bbox 372 1308 546 1387; x_wconf 84' lang='grc' dir='ltr'><strong><em>ἐξέλωνται</em></strong></span> <span class='ocrx_word' id='word_1_86' title='bbox 557 1302 599 1372; x_wconf 87' lang='grc' dir='ltr'><strong><em>τά</em></strong></span> <span class='ocrx_word' id='word_1_87' title='bbox 611 1311 749 1392; x_wconf 80' lang='grc' dir='ltr'><strong><em>φορτία,</em></strong></span> <span class='ocrx_word' id='word_1_88' title='bbox 763 1306 881 1383; x_wconf 88' lang='grc' dir='ltr'><strong><em>θέντες</em></strong></span> <span class='ocrx_word' id='word_1_89' title='bbox 894 1302 979 1372; x_wconf 82' lang='grc' dir='ltr'><strong><em>αάτά</em></strong></span> <span class='ocrx_word' id='word_1_90' title='bbox 992 1306 1107 1390; x_wconf 79' lang='grc' dir='ltr'><strong><em>ἐπεξῆς</em></strong></span> 
     </span>
     <span class='ocr_line' id='line_1_12' title="bbox 103 1402 1102 1496; baseline -0.008 -17"><span class='ocrx_word' id='word_1_91' title='bbox 103 1409 194 1496; x_wconf 87' lang='grc' dir='ltr'><strong><em>παρά</em></strong></span> <span class='ocrx_word' id='word_1_92' title='bbox 208 1405 270 1495; x_wconf 76' lang='grc' dir='ltr'><strong><em>τὴν</em></strong></span> <span class='ocrx_word' id='word_1_93' title='bbox 284 1412 502 1493; x_wconf 74' lang='grc' dir='ltr'><strong><em>κυματωγήν,</em></strong></span> <span class='ocrx_word' id='word_1_94' title='bbox 517 1405 675 1493; x_wconf 84' lang='grc' dir='ltr'><strong><em>ἐσβάντες</em></strong></span> <span class='ocrx_word' id='word_1_95' title='bbox 690 1407 724 1483; x_wconf 90' lang='grc' dir='ltr'><strong><em>ές</em></strong></span> <span class='ocrx_word' id='word_1_96' title='bbox 737 1402 778 1473; x_wconf 87' lang='grc' dir='ltr'><strong><em>τά</em></strong></span> <span class='ocrx_word' id='word_1_97' title='bbox 792 1413 892 1473; x_wconf 78' lang='grc' dir='ltr'><strong><em>πλοῖα</em></strong></span> <span class='ocrx_word' id='word_1_98' title='bbox 905 1405 1028 1491; x_wconf 80' lang='grc' dir='ltr'><strong><em>τύφειν</em></strong></span> <span class='ocrx_word' id='word_1_99' title='bbox 1043 1432 1102 1472; x_wconf 86' lang='grc' dir='ltr'><strong><em>κα-</em></strong></span> 
     </span>
     <span class='ocr_line' id='line_1_13' title="bbox 103 1500 1103 1591; baseline -0.006 -13"><span class='ocrx_word' id='word_1_100' title='bbox 103 1507 208 1578; x_wconf 90' lang='grc' dir='ltr'><strong><em>πνόν·</em></strong></span> <span class='ocrx_word' id='word_1_101' title='bbox 234 1503 314 1584; x_wconf 79' lang='grc' dir='ltr'><strong><em>τούς</em></strong></span> <span class='ocrx_word' id='word_1_102' title='bbox 334 1502 366 1571; x_wconf 80' lang='grc' dir='ltr'><strong><em>δ’</em></strong></span> <span class='ocrx_word' id='word_1_103' title='bbox 385 1506 582 1591; x_wconf 77' lang='grc' dir='ltr'><strong><em>ἐπιχωρίους</em></strong></span> <span class='ocrx_word' id='word_1_104' title='bbox 602 1506 779 1589; x_wconf 77' lang='grc' dir='ltr'><strong><em>ἰδομένους</em></strong></span> <span class='ocrx_word' id='word_1_105' title='bbox 796 1500 857 1571; x_wconf 84' lang='grc' dir='ltr'><strong><em>τὸν</em></strong></span> <span class='ocrx_word' id='word_1_106' title='bbox 870 1501 1002 1571; x_wconf 88' lang='grc' dir='ltr'><strong><em>καπνόν</em></strong></span> <span class='ocrx_word' id='word_1_107' title='bbox 1019 1506 1103 1573; x_wconf 85' lang='grc' dir='ltr'><strong><em>ίέναι</em></strong></span> 
     </span>
     <span class='ocr_line' id='line_1_14' title="bbox 104 1597 1099 1692; baseline -0.009 -15"><span class='ocrx_word' id='word_1_108' title='bbox 104 1610 157 1677; x_wconf 83' lang='grc' dir='ltr'><strong><em>ἐπὶ</em></strong></span> <span class='ocrx_word' id='word_1_109' title='bbox 171 1602 233 1692; x_wconf 79' lang='grc' dir='ltr'><strong><em>τὴν</em></strong></span> <span class='ocrx_word' id='word_1_110' title='bbox 248 1602 444 1687; x_wconf 89' lang='grc' dir='ltr'><strong><em>θάλασσαν,</em></strong></span> <span class='ocrx_word' id='word_1_111' title='bbox 464 1605 519 1669; x_wconf 80' lang='grc' dir='ltr'><strong><em>καί</em></strong></span> <span class='ocrx_word' id='word_1_112' title='bbox 540 1600 670 1669; x_wconf 86' lang='grc' dir='ltr'><strong><em>ἐπειτευ</em></strong></span> <span class='ocrx_word' id='word_1_113' title='bbox 686 1597 760 1669; x_wconf 79' lang='grc' dir='ltr'><strong><em>άντὶ</em></strong></span> <span class='ocrx_word' id='word_1_114' title='bbox 775 1609 843 1669; x_wconf 83' lang='grc' dir='ltr'><strong><em>τῶν</em></strong></span> <span class='ocrx_word' id='word_1_115' title='bbox 858 1608 1008 1689; x_wconf 87' lang='grc' dir='ltr'><strong><em>φορτίων</em></strong></span> <span class='ocrx_word' id='word_1_116' title='bbox 1021 1627 1099 1688; x_wconf 90' lang='grc' dir='ltr'><strong><em>χρυ-</em></strong></span> 
     </span>
     <span class='ocr_line' id='line_1_15' title="bbox 103 1698 1103 1789; baseline -0.007 -13"><span class='ocrx_word' id='word_1_117' title='bbox 103 1704 167 1777; x_wconf 83' lang='grc' dir='ltr'><strong><em>σόν</em></strong></span> <span class='ocrx_word' id='word_1_118' title='bbox 180 1703 312 1773; x_wconf 88' lang='grc' dir='ltr'><strong><em>τνθέναι</em></strong></span> <span class='ocrx_word' id='word_1_119' title='bbox 328 1702 384 1768; x_wconf 82' lang='grc' dir='ltr'><strong><em>καὶ</em></strong></span> <span class='ocrx_word' id='word_1_120' title='bbox 397 1702 636 1786; x_wconf 83' lang='grc' dir='ltr'><strong><em>ἐξαναχωρέειν</em></strong></span> <span class='ocrx_word' id='word_1_121' title='bbox 650 1699 766 1784; x_wconf 89' lang='grc' dir='ltr'><strong><em>πρόσω</em></strong></span> <span class='ocrx_word' id='word_1_122' title='bbox 780 1698 847 1768; x_wconf 90' lang='grc' dir='ltr'><strong><em>άπό</em></strong></span> <span class='ocrx_word' id='word_1_123' title='bbox 862 1710 931 1769; x_wconf 79' lang='grc' dir='ltr'><strong><em>τῶν</em></strong></span> <span class='ocrx_word' id='word_1_124' title='bbox 944 1709 1103 1789; x_wconf 89' lang='grc' dir='ltr'><strong><em>φορτίων</em></strong></span> 
     </span>
     <span class='ocr_line' id='line_1_16' title="bbox 104 1794 1105 1888; baseline -0.009 -15"><span class='ocrx_word' id='word_1_125' title='bbox 104 1803 183 1883; x_wconf 79' lang='grc' dir='ltr'><strong><em>τοὺς</em></strong></span> <span class='ocrx_word' id='word_1_126' title='bbox 198 1802 234 1871; x_wconf 75' lang='grc' dir='ltr'><strong><em>δὲ</em></strong></span> <span class='ocrx_word' id='word_1_127' title='bbox 248 1804 501 1887; x_wconf 76' lang='grc' dir='ltr'><strong><em>Καρχηδονίους</em></strong></span> <span class='ocrx_word' id='word_1_128' title='bbox 515 1798 678 1885; x_wconf 89' lang='grc' dir='ltr'><strong><em>ἐκβάντας</em></strong></span> <span class='ocrx_word' id='word_1_129' title='bbox 688 1800 908 1888; x_wconf 79' lang='grc' dir='ltr'><strong><em>σκέπτεσθαι,</em></strong></span> <span class='ocrx_word' id='word_1_130' title='bbox 922 1794 1010 1868; x_wconf 73' lang='grc' dir='ltr'><strong><em>κάλ’ι</em></strong></span> <span class='ocrx_word' id='word_1_131' title='bbox 987 1825 1033 1886; x_wconf 86' lang='grc' dir='ltr'><strong><em>ην</em></strong></span> <span class='ocrx_word' id='word_1_132' title='bbox 1043 1799 1105 1885; x_wconf 75' lang='grc' dir='ltr'><strong><em>μέν</em></strong></span> 
     </span>
     <span class='ocr_line' id='line_1_17' title="bbox 105 1893 1105 2003; baseline -0.008 -31"><span class='ocrx_word' id='word_1_133' title='bbox 105 1906 266 1990; x_wconf 89' lang='grc' dir='ltr'><strong><em>φαίνηταί</em></strong></span> <span class='ocrx_word' id='word_1_134' title='bbox 276 1919 338 1987; x_wconf 90' lang='grc' dir='ltr'><strong><em>σφι</em></strong></span> <span class='ocrx_word' id='word_1_135' title='bbox 354 1894 481 1980; x_wconf 83' lang='grc' dir='ltr'><strong><em>άξιος</em></strong></span> <span class='ocrx_word' id='word_1_136' title='bbox 466 1922 484 1964; x_wconf 93' lang='grc' dir='ltr'><strong><em>ο</em></strong></span> <span class='ocrx_word' id='word_1_137' title='bbox 500 1893 622 1983; x_wconf 85' lang='grc' dir='ltr'><strong><em>χρυσός</em></strong></span> <span class='ocrx_word' id='word_1_138' title='bbox 636 1901 705 1966; x_wconf 80' lang='grc' dir='ltr'><strong><em>τῶν</em></strong></span> <span class='ocrx_word' id='word_1_139' title='bbox 721 1903 886 1985; x_wconf 85' lang='grc' dir='ltr'><strong><em>φορτίων,</em></strong></span> <span class='ocrx_word' id='word_1_140' title='bbox 908 1894 1105 2003; x_wconf 88' lang='grc' dir='ltr'><strong><em>άνελόμενοι</em></strong></span> 
     </span>
     <span class='ocr_line' id='line_1_18' title="bbox 105 1983 1105 2084; baseline -0.011 -12"><span class='ocrx_word' id='word_1_141' title='bbox 105 2001 392 2084; x_wconf 80' lang='grc' dir='ltr'><strong><em>ἀπαλλάσσονται,</em></strong></span> <span class='ocrx_word' id='word_1_142' title='bbox 413 2023 458 2083; x_wconf 88' lang='grc' dir='ltr'><strong><em>ην</em></strong></span> <span class='ocrx_word' id='word_1_143' title='bbox 474 1993 565 2065; x_wconf 75' lang='grc' dir='ltr'><strong><em>δέ</em></strong></span> <span class='ocrx_word' id='word_1_144' title='bbox 525 2023 569 2082; x_wconf 92' lang='grc' dir='ltr'><strong><em>μη</em></strong></span> <span class='ocrx_word' id='word_1_145' title='bbox 587 1995 693 2083; x_wconf 86' lang='grc' dir='ltr'><strong><em>άξιος,</em></strong></span> <span class='ocrx_word' id='word_1_146' title='bbox 719 1996 875 2084; x_wconf 77' lang='grc' dir='ltr'><strong><em>ἐσβάντες</em></strong></span> <span class='ocrx_word' id='word_1_147' title='bbox 891 1994 998 2065; x_wconf 84' lang='grc' dir='ltr'><strong><em>ὀπίσω</em></strong></span> <span class='ocrx_word' id='word_1_148' title='bbox 1013 1999 1046 2075; x_wconf 87' lang='grc' dir='ltr'><strong><em>ἐς</em></strong></span> <span class='ocrx_word' id='word_1_149' title='bbox 1065 1983 1105 2061; x_wconf 82' lang='grc' dir='ltr'><strong><em>τά</em></strong></span> 
     </span>
     <span class='ocr_line' id='line_1_19' title="bbox 104 2086 1107 2182; baseline -0.008 -13"><span class='ocrx_word' id='word_1_150' title='bbox 104 2110 204 2170; x_wconf 80' lang='grc' dir='ltr'><strong><em>πλοῖα</em></strong></span> <span class='ocrx_word' id='word_1_151' title='bbox 231 2101 452 2180; x_wconf 87' lang='grc' dir='ltr'><strong><em>κατέαται,ο</em></strong></span> <span class='ocrx_word' id='word_1_152' title='bbox 435 2096 526 2162; x_wconf 76' lang='grc' dir='ltr'><strong><em>οίδέ</em></strong></span> <span class='ocrx_word' id='word_1_153' title='bbox 553 2094 800 2181; x_wconf 77' lang='grc' dir='ltr'><strong><em>προσελθόντες</em></strong></span> <span class='ocrx_word' id='word_1_154' title='bbox 823 2093 927 2164; x_wconf 85' lang='grc' dir='ltr'><strong><em>άλλον</em></strong></span> <span class='ocrx_word' id='word_1_155' title='bbox 949 2093 1033 2182; x_wconf 87' lang='grc' dir='ltr'><strong><em>πρός</em></strong></span> <span class='ocrx_word' id='word_1_156' title='bbox 1057 2086 1107 2161; x_wconf 75' lang='grc' dir='ltr'><strong><em>όν</em></strong></span> 
     </span>
     <span class='ocr_line' id='line_1_20' title="bbox 106 2184 1107 2286; baseline -0.009 -18"><span class='ocrx_word' id='word_1_157' title='bbox 106 2206 236 2286; x_wconf 79' lang='grc' dir='ltr'><strong><em>ἔθηκαν</em></strong></span> <span class='ocrx_word' id='word_1_158' title='bbox 250 2193 393 2283; x_wconf 86' lang='grc' dir='ltr'><strong><em>χρυσὸν,</em></strong></span> <span class='ocrx_word' id='word_1_159' title='bbox 416 2184 507 2271; x_wconf 87' lang='grc' dir='ltr'><strong><em>ἐς</em></strong></span> <span class='ocrx_word' id='word_1_160' title='bbox 464 2218 506 2260; x_wconf 90' lang='grc' dir='ltr'><strong><em>ου</em></strong></span> <span class='ocrx_word' id='word_1_161' title='bbox 524 2189 568 2260; x_wconf 85' lang='grc' dir='ltr'><strong><em>άν</em></strong></span> <span class='ocrx_word' id='word_1_162' title='bbox 583 2199 736 2262; x_wconf 83' lang='grc' dir='ltr'><strong><em>πείθωσι.</em></strong></span> <span class='ocrx_word' id='word_1_163' title='bbox 760 2192 906 2264; x_wconf 77' lang='grc' dir='ltr'><strong><em>άόικέειν</em></strong></span> <span class='ocrx_word' id='word_1_164' title='bbox 920 2195 958 2264; x_wconf 71' lang='grc' dir='ltr'><strong><em>δὲ</em></strong></span> <span class='ocrx_word' id='word_1_165' title='bbox 972 2193 1107 2263; x_wconf 77' lang='grc' dir='ltr'><strong><em>οὐδετέ-</em></strong></span> 
     </span>
     <span class='ocr_line' id='line_1_21' title="bbox 106 2289 1107 2385; baseline -0.003 -20"><span class='ocrx_word' id='word_1_166' title='bbox 106 2323 203 2385; x_wconf 89' lang='grc' dir='ltr'><strong><em>ρους·</em></strong></span> <span class='ocrx_word' id='word_1_167' title='bbox 235 2294 312 2363; x_wconf 81' lang='grc' dir='ltr'><strong><em>οότε</em></strong></span> <span class='ocrx_word' id='word_1_168' title='bbox 337 2291 402 2379; x_wconf 81' lang='grc' dir='ltr'><strong><em>γάρ</em></strong></span> <span class='ocrx_word' id='word_1_169' title='bbox 428 2289 551 2371; x_wconf 77' lang='grc' dir='ltr'><strong><em>αὐτοὺς</em></strong></span> <span class='ocrx_word' id='word_1_170' title='bbox 574 2299 637 2361; x_wconf 87' lang='grc' dir='ltr'><strong><em>τοῦ</em></strong></span> <span class='ocrx_word' id='word_1_171' title='bbox 660 2302 789 2381; x_wconf 80' lang='grc' dir='ltr'><strong><em>χρυσοῦ</em></strong></span> <span class='ocrx_word' id='word_1_172' title='bbox 812 2294 994 2384; x_wconf 81' lang='grc' dir='ltr'><strong><em>ἅπτεσθαι,</em></strong></span> <span class='ocrx_word' id='word_1_173' title='bbox 1026 2298 1107 2382; x_wconf 75' lang='grc' dir='ltr'><strong><em>πρὶν</em></strong></span> 
     </span>
     <span class='ocr_line' id='line_1_22' title="bbox 104 2389 1107 2481; baseline -0.002 -17"><span class='ocrx_word' id='word_1_174' title='bbox 104 2396 148 2465; x_wconf 85' lang='grc' dir='ltr'><strong><em>άν</em></strong></span> <span class='ocrx_word' id='word_1_175' title='bbox 171 2413 232 2480; x_wconf 91' lang='grc' dir='ltr'><strong><em>σφι</em></strong></span> <span class='ocrx_word' id='word_1_176' title='bbox 255 2391 412 2481; x_wconf 78' lang='grc' dir='ltr'><strong><em>ἀπισωθῇ</em></strong></span> <span class='ocrx_word' id='word_1_177' title='bbox 430 2397 470 2480; x_wconf 81' lang='grc' dir='ltr'><strong><em>τῇ</em></strong></span> <span class='ocrx_word' id='word_1_178' title='bbox 491 2389 566 2481; x_wconf 83' lang='grc' dir='ltr'><strong><em>άξίη</em></strong></span> <span class='ocrx_word' id='word_1_179' title='bbox 587 2399 656 2460; x_wconf 79' lang='grc' dir='ltr'><strong><em>τῶν</em></strong></span> <span class='ocrx_word' id='word_1_180' title='bbox 673 2401 822 2480; x_wconf 87' lang='grc' dir='ltr'><strong><em>φορτίων</em></strong></span> <span class='ocrx_word' id='word_1_181' title='bbox 829 2446 839 2480; x_wconf 98' lang='grc'><strong><em>,</em></strong></span> <span class='ocrx_word' id='word_1_182' title='bbox 861 2392 933 2464; x_wconf 74' lang='grc' dir='ltr'><strong><em>οὔτ’</em></strong></span> <span class='ocrx_word' id='word_1_183' title='bbox 958 2399 1107 2474; x_wconf 81' lang='grc' dir='ltr'><strong><em>ἐκείνους</em></strong></span> 
     </span>
     <span class='ocr_line' id='line_1_23' title="bbox 105 2490 1107 2583; baseline 0.001 -21"><span class='ocrx_word' id='word_1_184' title='bbox 105 2503 172 2565; x_wconf 77' lang='grc' dir='ltr'><strong><em>τῶν</em></strong></span> <span class='ocrx_word' id='word_1_185' title='bbox 194 2499 342 2580; x_wconf 88' lang='grc' dir='ltr'><strong><em>φορτίων</em></strong></span> <span class='ocrx_word' id='word_1_186' title='bbox 363 2490 528 2560; x_wconf 80' lang='grc' dir='ltr'><strong><em>ἅπτεσθαι</em></strong></span> <span class='ocrx_word' id='word_1_187' title='bbox 545 2494 726 2580; x_wconf 88' lang='grc' dir='ltr'><strong><em>πρότερον,</em></strong></span> <span class='ocrx_word' id='word_1_188' title='bbox 751 2491 777 2580; x_wconf 81' lang='grc' dir='ltr'><em>ἢ</em></span> <span class='ocrx_word' id='word_1_189' title='bbox 793 2493 889 2564; x_wconf 82' lang='grc' dir='ltr'><strong><em>αὐτοὶ</em></strong></span> <span class='ocrx_word' id='word_1_190' title='bbox 908 2494 946 2564; x_wconf 88' lang='grc' dir='ltr'><strong><em>τό</em></strong></span> <span class='ocrx_word' id='word_1_191' title='bbox 967 2502 1107 2583; x_wconf 90' lang='grc' dir='ltr'><strong><em>χρυσίον</em></strong></span> 
     </span>
     <span class='ocr_line' id='line_1_24' title="bbox 106 2595 242 2682; baseline -0.037 -18"><span class='ocrx_word' id='word_1_192' title='bbox 106 2595 242 2682; x_wconf 84' lang='grc' dir='ltr'><strong><em>λάβωσι.</em></strong></span> 
     </span>
    </p>

    <p class='ocr_par' dir='ltr' id='par_1_5' title="bbox 41 2682 1111 3476">
     <span class='ocr_line' id='line_1_25' title="bbox 41 2682 1109 2787; baseline 0.001 -29"><span class='ocrx_word' id='word_1_193' title='bbox 41 2709 89 2765; x_wconf 78' lang='grc'><strong><em>197</em></strong></span> <span class='ocrx_word' id='word_1_194' title='bbox 191 2682 295 2758; x_wconf 82' lang='grc' dir='ltr'><strong><em>Οὗτοι</em></strong></span> <span class='ocrx_word' id='word_1_195' title='bbox 312 2693 374 2777; x_wconf 86' lang='grc' dir='ltr'><strong><em>μέν</em></strong></span> <span class='ocrx_word' id='word_1_196' title='bbox 391 2695 454 2760; x_wconf 84' lang='grc' dir='ltr'><strong><em>είσι</em></strong></span> <span class='ocrx_word' id='word_1_197' title='bbox 467 2687 546 2768; x_wconf 81' lang='grc' dir='ltr'><strong><em>τοός</em></strong></span> <span class='ocrx_word' id='word_1_198' title='bbox 563 2687 655 2777; x_wconf 76' lang='grc' dir='ltr'><strong><em>ἡμεῖς</em></strong></span> <span class='ocrx_word' id='word_1_199' title='bbox 670 2697 788 2778; x_wconf 85' lang='grc' dir='ltr'><strong><em>έχομεν</em></strong></span> <span class='ocrx_word' id='word_1_200' title='bbox 804 2693 943 2787; x_wconf 78' lang='grc' dir='ltr'><strong><em>Λιβύων</em></strong></span> <span class='ocrx_word' id='word_1_201' title='bbox 957 2689 1109 2778; x_wconf 80' lang='grc' dir='ltr'><strong><em>οὐνομά-</em></strong></span> 
     </span>
     <span class='ocr_line' id='line_1_26' title="bbox 106 2789 1108 2880; baseline -0.004 -20"><span class='ocrx_word' id='word_1_202' title='bbox 106 2813 178 2860; x_wconf 91' lang='grc' dir='ltr'><strong><em>σαι·</em></strong></span> <span class='ocrx_word' id='word_1_203' title='bbox 208 2789 408 2859; x_wconf 76' lang='grc' dir='ltr'><strong><em>καὶτούτων</em></strong></span> <span class='ocrx_word' id='word_1_204' title='bbox 421 2794 455 2857; x_wconf 89' lang='grc' dir='ltr'><strong><em>οί</em></strong></span> <span class='ocrx_word' id='word_1_205' title='bbox 468 2792 586 2857; x_wconf 77' lang='grc' dir='ltr'><strong><em>πολλοὶ</em></strong></span> <span class='ocrx_word' id='word_1_206' title='bbox 600 2794 755 2877; x_wconf 88' lang='grc' dir='ltr'><strong><em>βασιλέος</em></strong></span> <span class='ocrx_word' id='word_1_207' title='bbox 764 2797 826 2859; x_wconf 84' lang='grc' dir='ltr'><strong><em>τοῦ</em></strong></span> <span class='ocrx_word' id='word_1_208' title='bbox 837 2791 970 2880; x_wconf 75' lang='grc' dir='ltr'><strong><em>Μήδων</em></strong></span> <span class='ocrx_word' id='word_1_209' title='bbox 984 2789 1061 2859; x_wconf 74' lang='grc' dir='ltr'><strong><em>οὔτε</em></strong></span> <span class='ocrx_word' id='word_1_210' title='bbox 1075 2817 1108 2856; x_wconf 88' lang='grc' dir='ltr'><strong><em>τι</em></strong></span> 
     </span>
     <span class='ocr_line' id='line_1_27' title="bbox 107 2886 1108 2978; baseline -0.003 -20"><span class='ocrx_word' id='word_1_211' title='bbox 107 2897 172 2958; x_wconf 82' lang='grc' dir='ltr'><strong><em>νῦν</em></strong></span> <span class='ocrx_word' id='word_1_212' title='bbox 184 2887 262 2956; x_wconf 77' lang='grc' dir='ltr'><strong><em>οὔτε</em></strong></span> <span class='ocrx_word' id='word_1_213' title='bbox 271 2886 346 2955; x_wconf 88' lang='grc' dir='ltr'><strong><em>τότε</em></strong></span> <span class='ocrx_word' id='word_1_214' title='bbox 358 2887 555 2975; x_wconf 81' lang='grc' dir='ltr'><strong><em>ἐφρόντιζον</em></strong></span> <span class='ocrx_word' id='word_1_215' title='bbox 560 2889 672 2954; x_wconf 82' lang='grc' dir='ltr'><strong><em>ουὸἐυ.</em></strong></span> <span class='ocrx_word' id='word_1_216' title='bbox 680 2896 819 2958; x_wconf 79' lang='grc' dir='ltr'><strong><em>τοσοῦτο</em></strong></span> <span class='ocrx_word' id='word_1_217' title='bbox 829 2890 867 2958; x_wconf 71' lang='grc' dir='ltr'><strong><em>δέ</em></strong></span> <span class='ocrx_word' id='word_1_218' title='bbox 876 2896 924 2959; x_wconf 85' lang='grc' dir='ltr'><strong><em>ἐτι</em></strong></span> <span class='ocrx_word' id='word_1_219' title='bbox 933 2897 996 2978; x_wconf 85' lang='grc' dir='ltr'><strong><em>ἐχω</em></strong></span> <span class='ocrx_word' id='word_1_220' title='bbox 1003 2895 1108 2958; x_wconf 79' lang='grc' dir='ltr'><strong><em>εἰπεῖν</em></strong></span> 
     </span>
     <span class='ocr_line' id='line_1_28' title="bbox 107 2984 1110 3076; baseline -0.002 -20"><span class='ocrx_word' id='word_1_221' title='bbox 107 2993 254 3076; x_wconf 80' lang='grc' dir='ltr'><strong><em>περὶτῆς</em></strong></span> <span class='ocrx_word' id='word_1_222' title='bbox 270 2984 379 3073; x_wconf 85' lang='grc' dir='ltr'><strong><em>χόρης</em></strong></span> <span class='ocrx_word' id='word_1_223' title='bbox 392 2986 530 3071; x_wconf 79' lang='grc' dir='ltr'><strong><em>ταύτης,</em></strong></span> <span class='ocrx_word' id='word_1_224' title='bbox 550 2984 601 3054; x_wconf 87' lang='grc' dir='ltr'><strong><em>ότι</em></strong></span> <span class='ocrx_word' id='word_1_225' title='bbox 621 2989 760 3075; x_wconf 87' lang='grc' dir='ltr'><strong><em>τέσσερα</em></strong></span> <span class='ocrx_word' id='word_1_226' title='bbox 780 2994 884 3056; x_wconf 80' lang='grc' dir='ltr'><strong><em>ἔθνεα</em></strong></span> <span class='ocrx_word' id='word_1_227' title='bbox 898 2993 1032 3075; x_wconf 88' lang='grc' dir='ltr'><strong><em>νέμεται</em></strong></span> <span class='ocrx_word' id='word_1_228' title='bbox 1045 2984 1110 3055; x_wconf 82' lang='grc' dir='ltr'><strong><em>αό-</em></strong></span> 
     </span>
     <span class='ocr_line' id='line_1_29' title="bbox 107 3085 1110 3179; baseline -0.007 -18"><span class='ocrx_word' id='word_1_229' title='bbox 107 3091 169 3179; x_wconf 78' lang='grc' dir='ltr'><strong><em>την</em></strong></span> <span class='ocrx_word' id='word_1_230' title='bbox 182 3093 237 3158; x_wconf 79' lang='grc' dir='ltr'><strong><em>καὶ</em></strong></span> <span class='ocrx_word' id='word_1_231' title='bbox 253 3086 295 3157; x_wconf 82' lang='grc' dir='ltr'><strong><em>οὐ</em></strong></span> <span class='ocrx_word' id='word_1_232' title='bbox 310 3091 399 3157; x_wconf 86' lang='grc' dir='ltr'><strong><em>πλέω</em></strong></span> <span class='ocrx_word' id='word_1_233' title='bbox 413 3088 560 3173; x_wconf 81' lang='grc' dir='ltr'><strong><em>τούτων,</em></strong></span> <span class='ocrx_word' id='word_1_234' title='bbox 582 3087 666 3157; x_wconf 80' lang='grc' dir='ltr'><strong><em>ὅσον</em></strong></span> <span class='ocrx_word' id='word_1_235' title='bbox 677 3087 772 3177; x_wconf 74' lang='grc' dir='ltr'><strong><em>ἡμεῖς</em></strong></span> <span class='ocrx_word' id='word_1_236' title='bbox 786 3094 899 3177; x_wconf 79' lang='grc' dir='ltr'><strong><em>ίθμεν,</em></strong></span> <span class='ocrx_word' id='word_1_237' title='bbox 921 3092 978 3157; x_wconf 78' lang='grc' dir='ltr'><strong><em>καὶ</em></strong></span> <span class='ocrx_word' id='word_1_238' title='bbox 990 3085 1032 3155; x_wconf 85' lang='grc' dir='ltr'><strong><em>τά</em></strong></span> <span class='ocrx_word' id='word_1_239' title='bbox 1047 3087 1110 3174; x_wconf 71' lang='grc' dir='ltr'><strong><em>μέν</em></strong></span> 
     </span>
     <span class='ocr_line' id='line_1_30' title="bbox 108 3186 1111 3276; baseline -0.008 -17"><span class='ocrx_word' id='word_1_240' title='bbox 108 3191 170 3259; x_wconf 79' lang='grc' dir='ltr'><strong><em>δύο</em></strong></span> <span class='ocrx_word' id='word_1_241' title='bbox 185 3187 376 3274; x_wconf 76' lang='grc' dir='ltr'><strong><em>αὐτόχθονα</em></strong></span> <span class='ocrx_word' id='word_1_242' title='bbox 390 3195 458 3256; x_wconf 80' lang='grc' dir='ltr'><strong><em>τῶν</em></strong></span> <span class='ocrx_word' id='word_1_243' title='bbox 473 3187 620 3273; x_wconf 88' lang='grc' dir='ltr'><strong><em>ἐθνέων,</em></strong></span> <span class='ocrx_word' id='word_1_244' title='bbox 643 3186 683 3256; x_wconf 84' lang='grc' dir='ltr'><strong><em>τά</em></strong></span> <span class='ocrx_word' id='word_1_245' title='bbox 698 3191 735 3256; x_wconf 73' lang='grc' dir='ltr'><strong><em>δὲ</em></strong></span> <span class='ocrx_word' id='word_1_246' title='bbox 751 3190 813 3258; x_wconf 75' lang='grc' dir='ltr'><strong><em>δύο</em></strong></span> <span class='ocrx_word' id='word_1_247' title='bbox 829 3186 889 3276; x_wconf 78' lang='grc' dir='ltr'><strong><em>οὗ,</em></strong></span> <span class='ocrx_word' id='word_1_248' title='bbox 910 3194 1034 3275; x_wconf 85' lang='grc' dir='ltr'><strong><em>Λίβυες</em></strong></span> <span class='ocrx_word' id='word_1_249' title='bbox 1047 3187 1111 3272; x_wconf 76' lang='grc' dir='ltr'><strong><em>μὲν</em></strong></span> 
     </span>
     <span class='ocr_line' id='line_1_31' title="bbox 108 3283 1110 3376; baseline -0.006 -20"><span class='ocrx_word' id='word_1_250' title='bbox 108 3291 164 3356; x_wconf 84' lang='grc' dir='ltr'><strong><em>καὶ</em></strong></span> <span class='ocrx_word' id='word_1_251' title='bbox 173 3292 335 3365; x_wconf 86' lang='grc' dir='ltr'><strong><em>Αίθίοπες</em></strong></span> <span class='ocrx_word' id='word_1_252' title='bbox 350 3283 571 3372; x_wconf 84' lang='grc' dir='ltr'><strong><em>αὐτόχθονες,</em></strong></span> <span class='ocrx_word' id='word_1_253' title='bbox 587 3293 621 3355; x_wconf 86' lang='grc' dir='ltr'><strong><em>οί</em></strong></span> <span class='ocrx_word' id='word_1_254' title='bbox 635 3291 698 3374; x_wconf 70' lang='grc' dir='ltr'><strong><em>μέν</em></strong></span> <span class='ocrx_word' id='word_1_255' title='bbox 711 3285 752 3356; x_wconf 82' lang='grc' dir='ltr'><strong><em>τά</em></strong></span> <span class='ocrx_word' id='word_1_256' title='bbox 767 3285 852 3376; x_wconf 82' lang='grc' dir='ltr'><strong><em>πρὸς</em></strong></span> <span class='ocrx_word' id='word_1_257' title='bbox 866 3286 992 3375; x_wconf 86' lang='grc' dir='ltr'><strong><em>βορέω,</em></strong></span> <span class='ocrx_word' id='word_1_258' title='bbox 1027 3288 1061 3353; x_wconf 89' lang='grc' dir='ltr'><strong><em>οί</em></strong></span> <span class='ocrx_word' id='word_1_259' title='bbox 1073 3285 1110 3350; x_wconf 74' lang='grc' dir='ltr'><strong><em>δὲ</em></strong></span> 
     </span>
     <span class='ocr_line' id='line_1_32' title="bbox 108 3380 1111 3476; baseline 0 -25"><span class='ocrx_word' id='word_1_260' title='bbox 108 3382 148 3451; x_wconf 85' lang='grc' dir='ltr'><strong><em>τά</em></strong></span> <span class='ocrx_word' id='word_1_261' title='bbox 169 3380 254 3468; x_wconf 85' lang='grc' dir='ltr'><strong><em>πρός</em></strong></span> <span class='ocrx_word' id='word_1_262' title='bbox 271 3381 376 3453; x_wconf 91' lang='grc' dir='ltr'><strong><em>νότου</em></strong></span> <span class='ocrx_word' id='word_1_263' title='bbox 397 3391 455 3472; x_wconf 82' lang='grc' dir='ltr'><strong><em>τῆς</em></strong></span> <span class='ocrx_word' id='word_1_264' title='bbox 469 3384 597 3473; x_wconf 77' lang='grc' dir='ltr'><strong><em>Λιβύης</em></strong></span> <span class='ocrx_word' id='word_1_265' title='bbox 618 3392 800 3476; x_wconf 76' lang='grc' dir='ltr'><strong><em>οἰκέοντες,</em></strong></span> <span class='ocrx_word' id='word_1_266' title='bbox 823 3394 978 3464; x_wconf 84' lang='grc' dir='ltr'><strong><em>Φοίνικες</em></strong></span> <span class='ocrx_word' id='word_1_267' title='bbox 999 3387 1037 3452; x_wconf 80' lang='grc' dir='ltr'><strong><em>δέ</em></strong></span> <span class='ocrx_word' id='word_1_268' title='bbox 1056 3385 1111 3451; x_wconf 75' lang='grc' dir='ltr'><strong><em>καὶ</em></strong></span> 
     </span>
    </p>

    <p class='ocr_par' dir='ltr' id='par_1_6' title="bbox 43 3479 1112 3572">
     <span class='ocr_line' id='line_1_33' title="bbox 43 3479 1112 3572; baseline -0.001 -22"><span class='ocrx_word' id='word_1_269' title='bbox 43 3479 255 3566; x_wconf 61' lang='lat' dir='ltr'><strong><em>mammes</em></strong></span> <span class='ocrx_word' id='word_1_270' title='bbox 270 3481 440 3570; x_wconf 78' lang='grc' dir='ltr'><strong><em>ἐπήλυδες.</em></strong></span> <span class='ocrx_word' id='word_1_271' title='bbox 472 3486 593 3551; x_wconf 87' lang='grc' dir='ltr'><strong><em>Δοκέει</em></strong></span> <span class='ocrx_word' id='word_1_272' title='bbox 609 3487 649 3552; x_wconf 77' lang='grc' dir='ltr'><strong><em>δέ</em></strong></span> <span class='ocrx_word' id='word_1_273' title='bbox 661 3511 719 3571; x_wconf 90' lang='grc' dir='ltr'><strong><em>μοι</em></strong></span> <span class='ocrx_word' id='word_1_274' title='bbox 734 3484 809 3553; x_wconf 79' lang='grc' dir='ltr'><strong><em>οὐδ’</em></strong></span> <span class='ocrx_word' id='word_1_275' title='bbox 825 3480 949 3572; x_wconf 81' lang='grc' dir='ltr'><strong><em>άρετὴν</em></strong></span> <span class='ocrx_word' id='word_1_276' title='bbox 963 3480 1051 3550; x_wconf 82' lang='grc' dir='ltr'><strong><em>ελναί</em></strong></span> <span class='ocrx_word' id='word_1_277' title='bbox 1062 3508 1112 3560; x_wconf 83' lang='grc' dir='ltr'><strong><em>τις</em></strong></span> 
     </span>
    </p>
   </div>
   <div class='ocr_carea' id='block_1_4' title="bbox 0 0 1261 3925">
    <p class='ocr_par' dir='ltr' id='par_1_7' title="bbox 0 0 1261 3925">
     <span class='ocr_line' id='line_1_34' title="bbox 0 0 1261 3925; baseline 0 0"><span class='ocrx_word' id='word_1_278' title='bbox 0 0 1261 3925; x_wconf 95' lang='lat' dir='ltr'><strong><em> </em></strong></span> 
     </span>
    </p>
   </div>
  </div>
 </body>
</html>
