2500 3925
180 246 244 313 228
280 312 288 319 ,
560 252 813 313 HERODOTI

180 409 301 499 γύντα,
319 417 354 479 ολ
366 413 403 480 δέ
417 414 451 491 ἐς
469 407 532 497 τὴν
548 409 718 498 Ἐρυθρὴν
731 412 910 482 θάλασσαν
929 418 1177 503 προσαγαγδνια

132 532 164 587 31
182 518 444 582 καταποντῶσαι.
487 519 632 600 Πρῶτον
645 512 708 598 μὲν
728 509 769 598 δὴ
785 515 921 599 λέγουσι
935 513 1104 603 Καμβύσῃ
1119 522 1178 583 τῶν

179 619 295 683 κακῶν
315 610 413 698 ῶρξαι
432 619 549 700 τοῦτο,
572 615 714 699 δεύτερα
735 614 771 681 δὲ
790 614 988 701 ἐξεργάσατο
1005 613 1068 703 τὴν
1089 612 1178 684 άδελ·

180 712 267 799 φεήν
281 713 509 798 ἐπισπομένην
522 718 557 781 ολ
569 714 603 791 ἐς
616 721 809 799 Αἴγυπτον,
830 719 871 801 τῇ
891 715 948 781 καλ
962 719 1118 781 συνοίκεε
1131 715 1177 781 καὶ

180 803 224 897 ἦν
244 813 278 878 oc
296 806 356 878 ἀπ’
382 806 583 898 ἀμφοτέρων
607 809 763 897 άδελφεη.
797 816 897 896 ἔγημε
918 813 954 879 δὲ
975 808 1084 899 αὐτὴν
1105 802 1177 878 ῶδε·

181 908 336 996 οὐδαμῶς
346 908 412 998 γάρ
428 910 582 980 έύθεσαν
598 909 764 999 πρότερον
777 916 852 999 τῇσι
873 907 1054 999 ἀδελφεῇσι
1070 930 1177 979 συνοι-

180 1011 270 1077 κέειν
283 1010 430 1094 Πέρσαι·
450 1006 587 1095 ἠράσθη
608 1015 686 1096 μιῆς
701 1015 769 1075 τῶν
791 1001 966 1093 άδελφεῶν
989 1007 1176 1097 Καμβύσης,

180 1110 236 1175 καλ
251 1112 380 1174 ἔπειτεν
400 1105 607 1193 βουλόμενος
629 1102 735 1192 αὐτὴν
757 1113 877 1192 γῆμαι,
899 1101 951 1173 ὅτι
971 1102 1034 1173 ούιι
1056 1106 1177 1175 έωθύτα

180 1204 315 1275 ἐπενόεε
338 1204 507 1292 ποιήσειν,
530 1215 636 1291 ελρετο
658 1207 798 1282 καλέσας
818 1200 897 1281 τούς
916 1208 1115 1291 βασιληίους
1134 1207 1177 1271 δι-

181 1301 314 1388 καστάς,
330 1311 364 1371 εί
372 1328 422 1382 τις
434 1309 502 1373 ἔστι
516 1303 665 1373 κελεύων
680 1303 783 1388 νόμος
792 1300 853 1370 ιδν
863 1302 1075 1389 βουλόμενον
1089 1298 1176 1369 άδελ-

181 1410 247 1493 φεῇ
274 1404 541 1471 συνοικέειν.οί
567 1403 604 1470 δὲ
631 1405 798 1488 βασιλήιοι
823 1402 973 1468 δικασταὶ
995 1402 1173 1488 κεκριμένοι

180 1500 302 1586 ἄνδρες
317 1506 470 1585 γίνονται
479 1503 656 1589 Περσέων,
672 1504 706 1577 ές
717 1524 759 1566 ου
745 1489 1009 1566 άποθάνωσι”
986 1526 1007 1585 η
1023 1518 1086 1586 σφι
1099 1523 1173 1579 παρ-

182 1604 307 1686 ενρεθη
317 1624 350 1664 τι
363 1595 500 1685 άδικον,
516 1600 611 1685 μέχρι
620 1621 761 1664 τουτου
783 1586 877 1662 οὗτοι
893 1595 929 1661 δὲ
940 1608 1025 1663 τοῖσι
1035 1602 1172 1685 Πέρσησι

182 1701 276 1775 δίκας
289 1696 461 1778 δικάζουσι
483 1724 537 1764 και
526 1695 707 1782 ἐξηγηταὶ
727 1699 796 1761 τῶν
816 1698 918 1778 πατρί
917 1716 965 1760 ων
979 1700 1118 1780 θεσμῶν
1131 1699 1173 1779 γί-

181 1821 314 1881 νονται,
336 1797 391 1863 καλ
407 1794 517 1864 πάντα
531 1797 564 1873 ἐς
578 1794 720 1871 τούτους
733 1789 916 1859 ἀνακέεται.
941 1783 1158 1877 είρομένου
1135 1816 1174 1859 αν

68 1968 72 1974 ,
179 1902 241 1968 τού
254 1895 445 1984 Καμβύσεω
465 1894 688 1984 ὑπεκρίνοντο
709 1889 800 1983 αύτῶ
815 1882 910 1966 οὗτοι
929 1892 985 1959 καλ
1005 1894 1117 1959 δίκαια
1130 1890 1176 1959 καλ

180 1993 343 2080 άσφαλέα,
357 1993 503 2082 φάμενοι
516 1994 627 2080 νόμον
640 1989 763 2062 ούδένα
778 1989 1026 2077 ἐξενρίσκειν,“
1006 2015 1043 2068 ος
1057 1987 1177 2058 κελεύει

180 2090 327 2181 ἀδελφεῇ
340 2095 528 2160 συνοικέειν
539 2089 718 2178 άδελφεύν,
732 2087 836 2158 άλλον
846 2092 959 2174 μέντοι
973 2087 1178 2172 ἐξευρηκέναι

180 2189 305 2277 νόμον,
321 2215 368 2281 τφ
353 2191 522 2278 βασιλ
486 2216 595 2259 υοντι
611 2193 772 2276 Περσέων
789 2190 909 2267 ἐξεῖναι
925 2187 1053 2254 ποιέειν
1086 2182 1123 2252 τὸ
1139 2179 1180 2251 ἂν

181 2287 352 2376 βούληται.
375 2285 465 2354 οὕτω
480 2284 558 2354 οὔτε
570 2282 632 2354 τδν
645 2284 753 2371 νόμον
768 2289 891 2352 ἔλυσαν
907 2287 1074 2361 δείσαντες
1087 2289 1183 2368 Καμ-

180 2383 334 2471 βύσην,”
318 2409 375 2450 ινα
388 2409 424 2451 τε
438 2411 482 2471 μη
471 2381 593 2452 αύτολ
607 2381 799 2451 ἀπόλωνται
812 2379 873 2450 τὸν
886 2380 994 2468 νόμον
1010 2384 1185 2470 περιστέλ-

181 2489 306 2566 λοντες,
320 2486 529 2570 παρεξεῦρον
541 2480 647 2551 άλλον
661 2481 768 2568 νόμον
782 2479 958 2566 σύμμαχον
972 2488 1017 2572 τῷ
1032 2483 1188 2550 ἐθέλοντι

179 2581 315 2665 γαμέειν
335 2577 509 2668 ἀδελφεάς.
532 2581 607 2650 τότε
626 2575 747 2666 μὲνδὴ
770 2576 988 2665 ὁΚαμβύσης
1007 2583 1109 2666 ἔγημε
1122 2573 1190 2664 τὴν

180 2678 368 2765 ἐρωμένην,
389 2677 471 2765 μετά
491 2680 606 2765 μέντοι
626 2675 669 2745 ού
691 2674 818 2746 πολλὸν
838 2677 963 2764 χρόνον
986 2681 1060 2763 ἔσχε
1079 2674 1192 2761 ἄλλην

179 2777 363 2866 ἀδελφεήν·
385 2779 515 2848 τούτων
535 2783 618 2864 δῆτα
634 2775 697 2865 τὴν
716 2781 884 2865 νεωτέρην
905 2779 1129 2865 ἐπισπομένην
1150 2782 1195 2846 οἱ

130 2899 165 2955 32
180 2875 232 2945 ἐπ’
249 2886 422 2962 Αίγυπτον
433 2883 564 2944 κτείνει.
594 2873 693 2962 Ἀμφλ
708 2877 744 2944 δὲ
757 2883 803 2967 τῶ
814 2877 953 2968 θανάτφ
967 2874 1068 2964 αὐτῆς
1083 2869 1195 2962 διξὸς,

180 2976 292 3061 ῶσπερ
307 2977 384 3060 περὶ
397 2977 580 3062 Σμέρδιος,
594 2978 725 3063 λέγεται
738 2977 846 3064 λόγος.
872 2975 1029 3064 Ἕλληνες
1041 2982 1104 3064 μέν
1116 2975 1195 3063 γὰρ

180 3079 314 3162 λέγουσι
325 3075 511 3163 Καμβύσην
520 3080 706 3161 συμβαλεῖν
731 3075 884 3162 σκύμνον
894 3079 1028 3154 λέοντος
1040 3075 1197 3145 σκύλακι

177 3170 299 3258 κυνὸς,
312 3175 475 3291 θεωρέειν
488 3169 525 3241 66
539 3169 643 3240 καί
607 3199 670 3260 την
684 3187 828 3259 γυναῖκα
839 3171 977 3258 ταύτην,
986 3175 1199 3294 νικωμένου

178 3269 215 3334 δὲ
232 3274 293 3334 τού
307 3266 473 3348 σκύλακος
489 3265 713 3389 άβελφεδν’
670 3296 776 3339 αυτον
762 3269 895 3340 άλλον
909 3271 1093 3343 σκύλακα’
1074 3296 1201 3360 αποφ-

180 3360 378 3447 ρήξαντα
343 3392 405 3433 τον
419 3364 545 3485 δεσμδν
566 3371 817 3455 παραγενέσθαι
836 3373 884 3454 oc,
907 3369 969 3438 δύο
986 3367 1023 3439 δέ
1041 3374 1204 3457 γενομέ-

177 3485 260 3537 νους
273 3461 363 3529 ούτω
378 3461 418 3549 δη
434 3460 513 3543 τούς
528 3467 697 3590 σκύλακας
711 3470 927 3554 ἐπικρατῆσαι
940 3475 1000 3538 τοῦ
1015 3468 1199 3553 σκύμνου.
