2500 3925
343 273 431 328 LIB.
463 273 497 329 11.
532 273 631 329 cAP.
665 278 809 336 za—w.
1023 272 1085 336 153

97 426 314 518 ὑποδεέστεροι
328 434 384 499 καλ
400 431 578 510 ἐλάσσονες
592 435 641 501 δτι
654 431 801 520 τούτων,
817 440 933 506 πολλοί
948 436 985 506 δδ
997 428 1085 524 ἦσαν

94 524 185 599 οὐτοι.
228 537 296 600 ἔστι
312 534 349 600 δὲ
364 528 383 600 ό
399 540 505 618 χῶρος
520 525 635 620 αὐτος,
658 535 696 602 έν
709 541 755 624 τῷ
770 539 806 603 αί
818 533 966 604 ἄκανθαι
982 562 1085 604 κατα-

93 630 253 717 κεχύαται,
281 629 415 699 τοιόσδε
437 656 503 708 τις·
530 629 650 717 έσβολῆ
676 634 710 712 έξ
735 629 865 719 οὐρέων
890 639 1031 700 στεινῶν
1053 634 1086 712 ές

91 733 196 796 πεδίον
209 730 306 815 μέγα,
328 727 366 796 τὸ
381 730 418 796 δὲ
431 733 549 797 πεδίου
562 736 662 798 τούτο
677 730 840 801 συνάπτει
853 738 899 823 τῷ
913 737 1085 822 Αίγυπτίφ

90 831 190 917 πεδίῳ.
237 826 338 914 λόγος
360 831 400 895 δέ
417 831 486 896 έστι
507 826 576 914 άμα
597 835 643 920 τῷ
665 835 737 916 έαρι
752 830 943 916 πτερωτούς
956 828 1035 917 ὄφις
1049 832 1086 898 έκ

89 934 139 1013 τῆς
157 927 311 1015 Ἀραβίης
330 934 491 998 πέτεσθαι
516 928 569 998 ἐπ’
594 932 789 1018 Αἰγύπτου,
816 932 876 1013 τάς
896 931 928 1000 δ’
947 941 1013 1020 ίβις
1026 929 1086 1011 τύς

89 1026 221 1111 ὄρνιθας
230 1023 462 1108 άπαυτεούσας
473 1030 506 1107 ές
518 1027 581 1116 τῆν
601 1027 746 1117 έσβολῆν
760 1029 883 1118 ταύτης
903 1037 960 1117 τῆς
974 1027 1085 1116 χάρης

88 1122 124 1192 οὐ
137 1129 292 1212 παριέναι
304 1123 385 1205 τούς
399 1123 487 1213 ὄφις,
506 1124 591 1224 άλλά
605 1136 842 1198 κατακτείνειν.
869 1132 924 1198 καί
937 1126 1000 1216 τῆν
1016 1127 1085 1216 ἶβιν
1137 1149 1141 1158 ·

88 1221 136 1289 διὰ
152 1231 252 1292 τούτο
269 1249 308 1293 το
329 1230 429 1311 ἔργον
448 1233 645 1312 τετιμῆσθαι
659 1232 794 1313 λέγουσι
812 1226 960 1317 Ἀράβιοι
980 1228 1083 1316 μεγά-
1154 1267 1159 1276 ·

88 1329 144 1400 λως
165 1321 252 1409 πρὸς
274 1329 486 1409 Αἰγυπτίων·
517 1322 737 1411 ὁμολογέουσι
763 1329 800 1396 δέ
826 1332 881 1397 καλ
903 1329 1084 1414 Αίγύπτιον

87 1419 134 1486 διά
148 1427 255 1488 ταῦτα
268 1427 370 1507 τιμῶν
384 1419 445 1501 τάς
461 1423 604 1511 ὄρνιθας
618 1425 748 1504 ταύτας.
785 1425 885 1507 Εἶδος
899 1429 936 1497 δὲ
949 1435 1007 1514 τῆς
1022 1428 1083 1512 μὲν
1098 1437 1133 1495 76

86 1526 162 1606 ίβιος
176 1518 272 1588 τάδε·
294 1523 434 1605 μέλαινα
450 1524 568 1601 δεινῶς
581 1530 688 1609 πάσα,
710 1529 829 1594 σκέλεα
847 1528 883 1594 δὲ
898 1532 1013 1614 φορέει
1028 1552 1086 1614 γε-

86 1616 201 1704 ράνου,
230 1617 416 1704 πρόσωπον
436 1624 473 1689 δὲ
487 1624 521 1700 ές
533 1621 574 1689 τά
589 1623 732 1708 μάλιστα
750 1627 952 1714 ἐπίγρυπον,
981 1633 1085 1714 μέγα-

85 1729 140 1796 θος
153 1717 240 1786 ὅσον
253 1722 340 1803 κρέξ.
379 1725 448 1786 τῶν
467 1722 530 1806 μέν
547 1720 588 1807 δῆ
604 1727 789 1807 μελαινέων
804 1732 873 1792 τῶν
888 1729 1085 1812 μαχομένων

86 1817 160 1898 πρός
176 1815 259 1896 τούς
273 1815 352 1903 ὄφις
366 1815 427 1904 ἥδε
440 1821 529 1905 ίδέη,
552 1826 621 1886 τῶν
642 1818 673 1886 δ’
691 1823 728 1888 ἐν
739 1825 817 1888 ποσλ
832 1828 961 1907 μᾶλλον
977 1828 1086 1891 είλεο-

85 1921 187 2003 μένων
211 1930 302 1987 τοῖσι
327 1913 540 2003 ἀνθρώποισι
566 1920 667 2008 (διξαὶ
693 1916 759 2005 γάρ
777 1915 819 2007 δή
840 1923 903 1987 είσι
928 1922 1084 2013 αίαίβιες)

86 2015 155 2104 φιλῆ
175 2016 242 2105 τῆν
265 2014 417 2103 κεφαλῆν
438 2021 494 2085 καλ
513 2016 576 2104 τῆν
590 2015 708 2105 δειρῆν
721 2024 849 2104 πᾶσαν,
882 2016 983 2105 λευκῆ
1006 2044 1085 2087 πτε-

85 2131 163 2198 ροῖσι
187 2114 281 2203 πλὴν
306 2122 453 2203 κεφαλῆς
478 2120 617 2184 καὶτοῦ
643 2114 782 2202 αὐχένος
807 2120 861 2184 καλ
882 2114 997 2199 άκρων
1016 2123 1085 2185 τῶν

86 2214 256 2302 πτερύγων
276 2218 333 2282 παλ
354 2221 415 2282 τού
434 2222 583 2302 πυγαίου
606 2214 715 2302 άκρου
741 2223 860 2303 (ταῦτα
877 2217 914 2285 δὲ
934 2215 975 2285 τά
991 2216 1086 2285 εἷπον

84 2313 184 2381 πάντα
200 2313 347 2400 μέλαινά
363 2316 431 2381 έστι
452 2318 603 2403 δεινῶς),
630 2317 748 2382 σκέλεα
770 2312 807 2381 δὲ
827 2316 882 2381 καί
901 2313 1086 2401 πρόσωπον

84 2411 223 2500 έμφερῆς
244 2419 285 2503 τῆ
306 2416 409 2501 ἑτέρη.
450 2419 510 2480 τοῦ
528 2416 564 2479 δὲ
581 2411 679 2498 ὄφιος
699 2408 720 2499 ῆ
741 2408 856 2497 μορφῆ
871 2413 924 2497 οἴη
940 2435 1004 2498 περ
1018 2418 1086 2478 τῶν

83 2506 200 2596 ύδρων.
248 2518 347 2580 πτίλα
371 2512 408 2579 δὲ
429 2509 471 2578 οὐ
490 2507 642 2594 πτερωτά
664 2510 797 2596 φορέει,
826 2504 911 2576 άλλά
926 2522 1012 2575 τοῖσι
1028 2513 1086 2593 τῆς

86 2612 274 2696 νυκτερίδος
289 2624 438 2694 πτεροῖσι
453 2607 596 2695 μάλιστά
611 2634 653 2693 κη
668 2608 902 2693 ἐμφερέστατα.
941 2610 1086 2671 τοσαῦτα

85 2708 138 2788 μὲν
150 2714 288 2795 θηρίων
302 2711 380 2791 πέρι
394 2713 478 2792 ίρῶν
494 2707 653 2794 είρῆσθω.

159 2802 287 2873 Αὐτῶν
300 2807 337 2873 δὲ
351 2802 392 2893 δὴ
407 2812 603 2891 Αίγνπτίων
617 2810 653 2872 οἳ
663 2804 725 2890 μὲν
740 2806 815 2890 περὶ
829 2800 891 2889 τῆν
907 2803 1084 2890 σπειρομέ-
1101 2819 1134 2877 τι

85 2929 141 2989 νην
160 2913 341 2989 Αίγυπτου
367 2909 532 2989 οἰκέουσι,
566 2902 703 2989 μνήμην
730 2900 926 2987 άνθρῶπων
949 2901 1086 2970 πάντων

87 3001 297 3079 ἐπασκέοντες
325 3003 468 3088 μάλιστα
493 3000 691 3087 λογιῶτατοί
711 3008 774 3069 είσι
794 3010 911 3093 μακρῷ
931 3008 1000 3069 τῶν
1021 2996 1085 3084 έγῶ

86 3101 114 3178 ἐς
126 3100 306 3186 διάπειραν
320 3098 499 3189 άπικόμηυ.
538 3102 653 3193 τρόπφ
676 3104 712 3169 δέ
733 3102 809 3188 ζόης
823 3107 940 3192 τοιῷδε
955 3104 1088 3186 διαχρέ-

87 3223 188 3265 ονται·
208 3205 429 3286 συρμαΐζουσι
442 3214 530 3288 τρεῖς
544 3198 670 3287 ἡμέρας
684 3202 798 3285 ἐπεξῆς
812 3197 919 3286 μηνός
933 3198 1085 3283 ἑκάστου,

87 3297 223 3381 ἐμέτοισι
250 3298 453 3386 θηρεόμενοι
465 3295 528 3384 τῆν
546 3294 679 3383 ύγίειαν
703 3301 758 3365 καί
779 3296 962 3384 κλύσμασι,
990 3301 1086 3382 νομίν

88 3398 190 3473 ζοντες
209 3392 276 3463 άπό
296 3404 366 3463 τῶν
386 3396 582 3483 τρεφόντων
596 3404 712 3466 σιτίων
733 3396 842 3475 πάσας
860 3394 920 3475 τάς
941 3396 1087 3472 νούσους

87 3506 162 3559 τοῖσι
192 3490 406 3579 άνθριόποισι
430 3502 595 3581 γίνεσθαι.
643 3499 705 3563 είσδ
729 3492 880 3581 μὲνγὰρ
904 3498 958 3562 καλ
979 3490 1086 3568 άλλως
