2500 3925
359 222 446 277 ιιο.
477 224 522 281 ιιι
556 224 654 282 cAP.
686 232 826 289 ιε-εο.
1033 222 1093 287 227
1172 200 1176 211 ’

94 390 387 516 κδντετρόγφνον,
407 396 463 463 ἐπί
485 395 524 464 δδ
540 399 602 466 τού
618 395 729 465 νύτου
753 394 865 465 αἰετόν
882 397 1093 518 εἰκασμένον,

87 495 125 559 ἐν
138 493 173 561 δδ
188 499 235 583 τῇ
252 491 341 615 οὐρῇ
357 494 418 576 τός
435 503 550 586 τρίχας
567 494 769 583 διπλόας,
748 522 816 567 υπο
807 493 874 567 δὲ
890 503 933 586 ιη’
956 497 1093 589 γλύσση

91 592 265 683 κίνθαρον.
297 589 353 675 Ὡς
371 596 454 665 δὲ*
431 624 560 684 ηγαγον
576 598 639 668 τόν
652 586 750 669 Ἀπιν
767 603 802 667 oc
827 599 931 685 ίρέες,
956 597 1092 687 όΚαμ-
1104 611 1139 667 29

88 692 202 781 δίνης,
221 690 339 764 ozae*
299 699 364 765 έων
380 695 671 788 ὑπομαργότερος,
696 699 910 787 σπασάμενος
926 697 965 769 τό
985 702 1093 788 έγχει-

88 800 200 882 ρίδιον,
220 796 352 865 ἐθέλων
365 798 467 880 τύψαι
482 799 545 886 τὴν
561 801 706 889 γαστέρα
723 806 784 869 τοῦ
793 798 911 879 ’Ἄπιος
925 799 1068 869 παίει
1030 827 1092 871 τον

86 895 200 983 μηρόν*
223 898 367 982 γελάσας
393 899 433 968 δὲ
459 898 533 969 εἶπε
558 900 643 991 πρός
669 900 747 982 τούς
774 904 880 991 ίρέας·
922 893 963 971 Ὠ
993 902 1093 969 κακαὶ

86 996 236 1081 κεφαλαὶ,
257 1003 406 1064 τοιοῦτοι
424 1000 502 1065 θεολ
521 1004 689 1084 γίνονται,
713 1002 847 1083 ἔναιμοί
865 1024 901 1065 τε
924 1002 980 1067 καὶ
999 1019 1083 1083 σαρ-

85 1092 198 1172 κύδεες
219 1098 275 1162 καὶ
294 1096 465 1175 ἐπαΐοντες
485 1100 664 1215 σιδηρίων,
694 1092 784 1174 όίξιος
804 1096 867 1181 μὲν
885 1106 918 1165 A
918 1102 1082 1183 ἐγυπτίοον

85 1182 175 1269 οὗτός
184 1218 225 1278 γε
239 1188 258 1259 6
271 1192 370 1271 θεός
392 1190 478 1280 ύτύρ
490 1218 543 1261 τοι
553 1189 648 1278 ὑμεῖς
661 1219 701 1277 γε
715 1218 757 1261 ου
746 1189 941 1278 ’χαίροντες
954 1200 1082 1283 γέλωτα

84 1292 132 1376 ἐμὲ
140 1289 304 1376 θήσεσθε
340 1298 453 1358 Ταυτα
465 1299 560 1368 είπας
570 1292 752 1358 ἐνετείλατο
763 1305 848 1360 τοῖσι
858 1318 962 1361 ταυτα
973 1292 1081 1380 πρήσ-

84 1408 173 1455 σουσι
187 1385 268 1467 τούς
277 1388 340 1475 μὲν
353 1385 473 1475 ίρέας’
454 1393 744 1475 απομαστιγοῑσαι,
760 1395 956 1474 Αἰγυπτίων
966 1391 1059 1458 δέ
1013 1417 1082 1459 τον

83 1483 188 1554 ἄλλων
201 1482 264 1553 τόν
281 1512 325 1553 αν
339 1482 503 1572 λάβωσι*
488 1485 589 1571 ορτοίζ
588 1510 671 1553 οντα
684 1492 837 1555 κτείνειν.
871 1483 892 1576 ἡ
922 1484 1002 1575 δρτη
991 1486 1083 1575 μ’δν

83 1582 118 1670 δη
132 1586 303 1651 διελέλυτο
316 1587 631 1703 Αίγυπτίρισι,ολδ
632 1585 750 1669 ὲίρέες
764 1584 1025 1673 ἐδικαιεῦντο,
1011 1610 1029 1655 ο
1045 1584 1082 1655 δδ

78 1678 163 1763 Ἆπις
182 1684 415 1769 πεπληγμένος
433 1679 496 1749 τόν
510 1678 621 1768 μηρόν
643 1686 765 1768 ἐφθινε
782 1684 820 1751 ἐν
840 1690 885 1774 τῷ
903 1688 965 1775 ίρῷ
979 1712 1083 1754 κατα-

83 1788 233 1867 κείμενος.
264 1777 375 1848 καὶ
340 1804 401 1848 τον
422 1781 485 1866 μέν
504 1779 748 1867 τελευτήσαντα
770 1782 807 1848 ἐκ
829 1787 891 1850 τοῦ
912 1782 1083 1868 τριόματος

82 1886 207 1961 ἔθαψαν
221 1884 255 1947 οί
267 1882 355 1967 ίρέες
366 1878 480 1968 λάθρη
495 1878 696 1966 Καμβύσεω.

159 1977 346 2065 Καμβύσης
368 1979 421 2063 δέ,
444 1975 490 2056 ιδς
509 1981 647 2063 λέγουσι
661 1983 708 2046 Al
707 1977 859 2066 γύπτιοι,
882 1976 1002 2048 αὐτίκα
1024 1954 1079 2050 διδ
1092 1995 1128 2050 ³0

82 2101 170 2144 τουτο
185 2101 222 2143 το
211 2072 384 2162 ἀδίκημα
399 2028 523 2164 έμύνη,
541 2073 607 2144 ἐόν
621 2075 701 2146 οὐδὲ
715 2077 881 2166 πρότερον
898 2078 1077 2167 φρενήρης.

82 2177 131 2256 καί
147 2183 261 2262 πρῶτα
283 2180 346 2263 μὲν
366 2184 435 2245 τῶν
460 2183 575 2245 κακῶν
600 2177 857 2263 ἐξεργάσατο
823 2205 884 2248 τον
910 2176 1078 2264 ἀδελφεόν

82 2278 220 2361 Σμέρδιν
234 2275 334 2344 ἐόντα
347 2275 473 2362 πατρὸς
493 2278 549 2344 καὶ
563 2274 687 2364 μητρός
706 2283 764 2363 τῆς
777 2275 895 2365 αὐτῆς,
918 2275 979 2346 τόν
995 2275 1079 2345 ἀπέ-

82 2385 178 2458 πεμψε
191 2375 225 2452 ές
235 2373 369 2459 Πέρσας
379 2373 502 2464 φθόνῳ
517 2377 551 2454 ἐξ
561 2375 747 2462 Αἰγύπτου,
765 2373 816 2444 ότι
828 2374 865 2444 τό
877 2376 977 2456 τόξον
991 2381 1079 2462 μού-

83 2493 132 2548 υος
153 2470 314 2558 Περσέων
338 2469 422 2539 ὅσον
446 2497 483 2539 τε
508 2474 562 2540 ἐπὶ
586 2472 650 2539 δύο
673 2471 860 2552 δακτύλους
881 2483 1011 2559 εῖρυσε,
1038 2469 1075 2540 τό

83 2566 161 2653 παρὰ
173 2576 234 2636 τοῦ
248 2573 417 2647 Αίθίοπος
432 2567 574 2657 ἤνεικαν
587 2575 622 2638 ολ
629 2568 865 2659 Ἰχθυοφάγοι,
882 2579 951 2640 τῶν
965 2573 1002 2639 δὲ
1016 2569 1078 2638 δίλ-

85 2672 141 2732 λον
152 2669 313 2752 Περσέων
329 2664 440 2747 ούδείς
463 2661 535 2747 οἷός
553 2695 590 2736 τε
611 2669 751 2754 ἐγένετο.
786 2666 1011 2756 ἀποιχομένου
1029 2661 1078 2736 τόν

84 2764 111 2839 ἐς
126 2765 252 2851 Πέρσας
271 2771 334 2832 τοῦ
353 2769 521 2852 Σμέρδιος
540 2764 622 2850 ὄψιν
646 2764 712 2836 εἶδε
732 2766 750 2835 6
768 2770 990 2856 Καμβύσηςέ
990 2795 1011 2834 ν
974 2771 1076 2857 έτῷ

85 2857 165 2952 όπνφ
186 2860 340 2949 τοιήνδε
369 2867 510 2945 έδοξέοί
528 2862 674 2951 δ’γγελον
694 2864 839 2934 ἐλθόντα
860 2868 897 2934 έιι
916 2870 1077 2950 Περσέων

87 2930 296 3048 όγγέλλειν,’
275 2988 319 3039 ως
331 2963 368 3031 ἐν
379 2988 425 3053 τῳ
410 2963 557 3086 θρόνῳ
571 2989 617 3054 τῳ
603 2970 790 3054 ’βασιληίῳ
804 2963 954 3085 ἱζόμενος
963 2967 1077 3050 Σμέρ-

86 3059 125 3135 δις
140 3067 197 3154 τῇ
202 3067 334 3149 κεφαλη
353 3067 415 3128 τοῦ
438 3059 590 3146 ούρανοῦ
613 3062 765 3144 ψαύσειε.
796 3059 880 3149 πρός
902 3087 951 3130 αν
971 3065 1075 3128 ταῦτα

86 3157 178 3237 δείσας
191 3160 270 3245 περὶ
283 3159 484 3246 ἑωυτοῦ,’
437 3187 482 3246 μη
494 3186 553 3245 μιν
564 3157 763 3238 ἀποκτείνας
774 3186 791 3226 ο
779 3153 1000 3243 ‘mamad
977 3180 1072 3245 αρχη,

85 3260 185 3331 πέμπει
199 3257 406 3344 Πρηξάσπεα
425 3260 459 3336 ές
470 3254 661 3345 Πέρσας,”
640 3283 678 3336 ος
692 3247 770 3325 ολ
747 3281 792 3342 ην
812 3251 898 3372 ἀνηρ
912 3255 1073 3339 Περσέων

83 3353 277 3466 πιστότατος,
299 3353 545 3425 αποκτενέουτύ
564 3382 633 3443 μιν.
664 3352 681 3423 6
704 3355 740 3421 δὲ
761 3349 888 3438 ἀναβὰς
909 3354 942 3430 ές
956 3359 1073 3419 Σοῦσα

83 3443 237 3529 όπέκτεινε
259 3459 426 3546 Σμέρδιν,
455 3461 488 3524 oc
474 3455 568 3542 ίμέν
588 3456 725 3540 λέγουσι
747 3446 840 3518 έπΗ
825 3446 933 3597 α’γρχη
955 3450 1073 3533 ἐξαγα-
