2500 3925
345 212 429 268 ΗΒ.
461 210 511 267 VII
552 209 652 268 cm.
683 211 825 269 λό-δίλ
993 253 997 261 .
1027 203 1088 268 139

82 376 151 438 τῶν
162 367 254 458 ἡμεῖς
266 373 363 455 ίδμεν
373 394 455 456 μετα
469 370 515 437 σί.
550 365 715 455 Θωμάσας
737 367 773 436 δδ
783 374 852 436 τῦν
862 369 969 438 ἐπέων
979 365 1017 436 τό
1031 393 1086 436 τε-
1100 385 1135 440 28

83 479 236 540 λευκαίου
249 470 371 556 ,Ξέρξης
388 464 488 548 αύτος
502 465 643 555 δεύτερα
657 476 764 555 είρετο
773 466 922 553 Πύθιον,
940 461 1044 534 ὁκόσα
1055 469 1090 535 οί

83 578 133 656 εἴη
146 565 304 657 χρήματα.
330 564 349 636 ὁ
365 571 402 635 δὲ
417 564 503 634 εἶπε·
521 558 561 634 Ὦ
574 572 731 655 βασιλεῦ,
744 563 822 635 οῦτε
835 587 874 635 σε
888 563 1086 654 ἀποκρύψω,

81 665 160 736 ούτε
174 663 343 753 σκήψομαι
357 661 395 734 τό
410 661 455 752 μὴ
471 668 594 734 εἰδέναι
604 663 667 752 την
678 667 848 752 ἐμεωυτοῦ
858 664 994 755 οὐσίην,
1010 663 1084 736 ἀλλ’

81 761 299 852 ἐπιστάμενός
312 791 364 833 τοι
376 761 539 851 ἀτρεκέως
552 765 728 845 καταλέξει.
749 764 859 834 ἐπείτε
872 761 938 851 γάρ
950 763 1087 852 τάχιστά

80 885 119 934 σε
131 864 310 951 ἐπυθόμην
320 866 373 933 ἐπὶ
382 864 560 934 θάλασσαν
570 871 815 953 καταβαίνοντα
828 863 891 957 τὴν
899 865 1085 956 Ἑλληνίδα,

80 962 288 1051 βουλόμενός
306 990 358 1033 τοι
374 967 494 1033 δοῦναι
510 966 543 1042 ἐς
562 961 624 1032 τόν
643 961 791 1051 πόλεμον
803 964 954 1054 χρήματα
969 966 1086 1052 ἐξέμα-

34 1129 41 1135 .
78 1073 164 1149 δον,
185 1067 241 1136 καί,
256 1055 358 1150 εύρον
371 1061 583 1150 λογιζόμενος
597 1059 763 1152 ἀργυρίου
776 1066 839 1152 μὲν
859 1063 921 1134 δύο
934 1063 1085 1152 χιλιάδας

78 1161 199 1242 ἐούσας
212 1188 270 1248 μοι
283 1162 473 1250 ταλάντων,
486 1167 628 1251 χρυσίου
643 1161 680 1231 δὲ
692 1169 906 1251 τετρακοσίας
919 1161 1085 1251 μυριάδας

79 1260 448 1350 στατήρωνΔαρεικῦν,
456 1261 652 1341 ἐπιδεούσας
663 1259 744 1330 ἑπτά
753 1261 923 1349 χιλιάδων.
939 1261 1085 1330 καὶτού-

78 1367 168 1429 τοισί
179 1380 216 1428 σε
233 1358 298 1448 έγύ
314 1364 496 1451 δωρέομαι,
519 1359 609 1452 αύτῷ
625 1359 657 1428 δ’
680 1362 753 1447 ἐμοὶ
773 1356 838 1428 άπδ
860 1357 1084 1448 άνδραπόδων

79 1487 114 1528 τε
129 1465 184 1528 καὶ
197 1465 390 1547 γεωπεδίων
404 1459 535 1548 άρκέων
549 1462 616 1528 ἐστὶ
631 1465 713 1548 βίος.
741 1456 779 1526 ‘0
793 1459 856 1546 μὲν
866 1464 970 1528 ταῦτα
980 1463 1083 1544 ἐλεγε,

78 1561 201 1646 Ξέρξης
211 1557 468 1648 δέἡσθεδςτοτσι
479 1561 680 1648 εἰρημένοισι
691 1557 778 1628 εἶπε·
797 1559 1005 1644 ΖελνεΛυδέ,
1017 1555 1082 1644 έγύ
1096 1567 1130 1624 ²9

79 1661 189 1727 ἐπείτε
206 1661 350 1746 ἐξῆλθον
360 1656 422 1747 τὴν
435 1664 584 1746 Περσίδα
596 1657 727 1747 χύρην,
743 1654 858 1727 ούδενδ
871 1654 969 1744 άνδρδ
983 1661 1083 1727 συνέ-

77 1761 155 1846 μιξα
166 1761 199 1839 ἐς
209 1759 297 1846 τόδε,
317 1758 407 1841 ὅστις
417 1758 564 1848 ἠθέλησε
577 1764 682 1840 ξείνια
698 1770 878 1848 προδείναι
893 1764 1022 1850 στρατῷ
1036 1767 1082 1850 τῷ

77 1861 162 1951 ἐμῷ,
180 1855 260 1928 ούδδ
271 1857 361 1939 ὅστις
372 1862 405 1938 ἐς
415 1857 495 1941 ὄψιν
506 1857 569 1947 τὴν
583 1857 667 1946 ἐμὴν
681 1856 844 1938 καταστάς
855 1856 1083 1956 αὐτεπάγγελ-

76 1987 133 2038 τος
147 1960 181 2038 ἐς
194 1953 255 2027 τόν
269 1958 418 2046 πόλεμον
429 1960 500 2047 ἐμοὶ
513 1956 660 2048 ἠθέλησε
671 1956 905 2048 συμβαλέσθαι
919 1957 1080 2048 χρήματα,

77 2066 139 2140 ἔξω
156 2065 226 2127 σεῦ.
248 2057 292 2127 σύ
308 2062 345 2128 δέ
358 2062 414 2129 καὶ
431 2062 590 2141 ἐξείνισας
603 2059 757 2146 μεγάλως
769 2057 913 2147 στρατόν
926 2056 987 2127 τόν
1000 2054 1083 2147 ἐμόν

76 2164 132 2230 καὶ
147 2159 297 2249 χρήματα
316 2158 445 2246 μεγάλα
458 2162 683 2247 ἐπαγγέλλεαι.
714 2162 767 2228 σοὶ
785 2150 834 2227 ύν
850 2153 915 2246 ἐγῦ
930 2155 1005 2227 άντδ
1018 2154 1083 2225 αύ-

74 2264 142 2326 τῦν
161 2261 261 2347 γέρεα
275 2258 388 2327 τοιάδε
409 2262 545 2345 δίδωμι·
572 2257 683 2338 ξεῖνόν
698 2260 737 2327 τό
753 2277 792 2326 σε
811 2264 970 2344 ποιεῦμαι
987 2254 1080 2345 ἐμόν,

75 2358 129 2426 καὶ
140 2352 199 2435 τάς
208 2363 422 2441 τετρακοσίας
432 2357 598 2446 μυριάδας
607 2383 660 2426 τοι
669 2362 738 2425 τῦυ
749 2354 922 2445 στατήρων
929 2352 1082 2442 ἀποπλή-

74 2472 129 2541 σω,
140 2452 221 2541 παρ’
239 2456 408 2540 ἐμεωυτοῦ
422 2452 503 2534 δούς
523 2451 582 2532 τάς
603 2450 684 2522 ἑπτά
703 2453 869 2539 χιλιάδας,
890 2456 947 2519 ἵνα
967 2451 1081 2538 μήτοι

76 2554 218 2631 ἐπιδεέες
240 2558 319 2621 ἐωσι
340 2556 377 2621 αί
396 2552 606 2641 τετρακόσιαι
626 2552 787 2640 μυριάδες
808 2549 888 2619 ἐπτδι
909 2551 1079 2637 χιλιάδων,

72 2648 147 2719 ἀλλ’
160 2643 245 2739 ᾖτοι
255 2646 472 2739 ἀπαρτιλογίη
484 2648 544 2720 ὑπ’
558 2653 634 2738 ἐμέο
646 2654 896 2738 πεπληρωμένη.
904 2650 1001 2737 κέκτη
1007 2648 1045 2724 σύ
1049 2676 1083 2717 τε

72 2745 174 2827 αύτδς
187 2746 230 2815 τά
243 2771 306 2836 περ
318 2746 418 2831 αύτδς
433 2748 590 2839 ἐκτήσαο,
611 2749 768 2819 ἐπίστασό
782 2775 818 2818 τε
832 2747 917 2818 εἶναι
931 2752 995 2820 αίεδ
1009 2776 1080 2839 τοι·

72 2855 187 2929 οῦτος·
208 2845 250 2915 ού
260 2848 325 2936 γάρ
337 2874 388 2918 τοι
398 2856 503 2918 ταῦτα
517 2856 670 2918 ποιεῦντι
681 2846 759 2918 οὔτε
769 2851 802 2929 ἐς
813 2846 850 2918 τδ
862 2846 991 2937 παρεόν
1002 2847 1080 2918 υύτε

71 2951 105 3029 ἐς
118 2946 243 3036 χρόνον
256 2947 482 3035 μεταμελήσει.
712 3002 721 3015 .

159 3052 273 3114 Ταῦτα
287 3046 323 3115 δὲ
334 3055 427 3126 εἴπας
438 3050 493 3116 καὶ
508 3051 656 3117 ἐπιτελέα
666 3046 807 3136 ποιήσας
820 3047 999 3135 ἐπορεύετο
1014 3048 1078 3115 αίεὶ
1091 3063 1126 3117 3⁰

71 3145 109 3216 τό
125 3144 250 3230 πρόσω.
269 3143 399 3215 Ἀναυα
415 3144 452 3214 δὲ
466 3149 672 3235 καλεομένην
686 3152 833 3236 Φρυγῦυ
849 3144 951 3216 πόλιν
967 3170 1078 3232 παρα-

70 3245 270 3336 μειβόμενος
284 3248 340 3313 καὶ
353 3250 485 3334 λίμνην,
503 3248 540 3315 ἐκ
552 3253 610 3335 τῆς
624 3245 701 3327 άλες
716 3252 879 3334 γίνονται,
894 3242 1030 3315 άπίκετο
1045 3247 1077 3324 ἐς

71 3339 247 3423 Κολοσσάς
261 3341 362 3413 πόλιν
375 3345 525 3433 μεγάλην
537 3352 695 3434 Φρυγίης,
707 3348 745 3414 ἐν
754 3345 794 3434 τῇ
804 3343 921 3426 Λύκος
930 3341 1077 3431 ποταμός

73 3444 106 3521 ἐς
118 3441 228 3528 χάσμα
240 3447 301 3529 γῆς
316 3443 488 3531 ἐσβάλλων
503 3442 705 3533 ἀφανίζεται,
721 3448 851 3513 έπειτεν
863 3441 919 3514 διδ
933 3446 1077 3514 σταδίων
