2500 3925
198 210 281 275 ’866
597 213 874 277 HERODOTI'

217 381 255 445 ἐκ
274 380 331 465 τῆς
344 376 467 464 Σάμου
482 377 629 461 κατῆλθε
642 374 677 450 ἐς
695 366 758 459 τήν
771 369 953 458 Κυρήνην,
975 372 1032 440 καί
1045 372 1185 460 ἐπιτρττή

218 496 279 556 σας
292 481 361 545 τῶν
375 472 582 563 πρηγμάτων
601 477 664 539 τοῦ
678 476 844 559 μαντηίου
858 465 922 539 ούκ
937 472 1112 558 ἐμέμνητο,
1130 467 1186 539 άλλί

218 578 312 654 δίκας
325 569 405 653 τούς
422 568 680 649 ἀντιστασιώτας
694 578 783 639 αίτεε
796 576 854 656 τῆς
870 572 1000 637 ἑωυτοῦ
1014 574 1128 657 φυγῆς.
1143 575 1187 635 τοι

217 672 254 741 δέ
268 674 303 740 οί
314 671 378 758 μὲν
391 667 428 739 τό
443 669 604 754 παράπαν
619 671 657 737 ἐκ
667 676 725 757 τῆς
734 665 844 756 χάρης
854 664 1124 754 άπαλλάσσοντο,
1136 663 1189 743 τούς

217 774 259 840 δέ
279 797 373 852 τινας
395 770 641 859 χειρωσάμενος
661 767 680 839 6
698 766 911 854 Ἀρκεσίλεως
930 770 964 848 ἐς
980 768 1122 855 Κύπρον
1133 764 1189 835 ‹ise-

217 878 325 939 στειλε
340 872 394 940 έπί
414 875 596 961 διαφθορῇ.
619 868 761 948 τούτους
773 870 836 953 μέν
855 892 922 935 νυν
935 870 1072 937 Κνίδιοι
1088 862 1190 937 ίτενιι
1209 883 1210 956 ,

215 969 358 1057 χθέντος
378 968 463 1057 πρὸς
481 966 544 1058 τήν
566 972 735 1056 σφετέρην
759 964 945 1054 ἐρρύσαντο
970 968 1027 1035 καί
1053 967 1088 1046 ἐς
1105 965 1192 1053 Θήρην
1209 959 1210 1026 ί

216 1065 431 1153 ἀπέστειλαν,
453 1067 586 1154 ἐτέρους
605 1066 647 1133 δέ
659 1089 753 1143 τινας
769 1069 838 1131 τῶν
853 1069 1062 1151 Κυρηναίων
1085 1068 1116 1143 ἐς
1129 1064 1193 1144 πύρ

214 1193 279 1256 γον
298 1168 404 1253 μέγαν
421 1164 637 1253 Ἀγλωμάχου
660 1164 918 1259 καταφυγόντας
940 1161 1112 1233 ίδιωτικόυ
1133 1162 1192 1249 ὕλην

215 1264 415 1357 περινοήσας
429 1262 674 1355 ύἈρκεσίλεως
688 1266 857 1351 ἐνέπρησε.
890 1260 1015 1351 μαθων
1037 1265 1077 1334 δὲ
1096 1262 1143 1333 ἐπ’
1160 1266 1190 1342 ἐξ·

217 1366 450 1451 εργασμένοισι
466 1360 504 1433 τό
520 1368 685 1453 μαντήιον
705 1360 764 1433 ἐόν
782 1370 899 1451 τοῦτο,
918 1360 971 1431 ὅτι
989 1390 1051 1449 μιν
1066 1359 1090 1450 ή
1104 1366 1195 1444 Πυθίη

215 1462 279 1535 ούκ
294 1461 377 1535 έα“
343 1464 486 1549 ευρόντα
501 1467 539 1535 ἐν
553 1492 594 1556 τη
579 1472 738 1557 καμίνφ
753 1460 833 1544 τούς
846 1460 1020 1550 άμφορέας
1034 1466 1195 1548 ἐξοπτῆσαι,

214 1570 329 1652 ἔργετο
346 1561 433 1635 ἐκύν
453 1571 511 1651 τῆς
525 1572 594 1633 τῶν
608 1570 815 1651 Κυρηναίων
829 1561 963 1681 πόλιος,
987 1566 1165 1649 δειμαίνων
1174 1582 1198 1627 τε

213 1658 274 1731 τὸν
288 1667 515 1751 κεχρησμένον
534 1662 689 1731 δάνατον
708 1663 765 1730 καί
784 1655 963 1729 δοκέων
925 1685 988 1747 την
1004 1656 1197 1750 ἀμφίρρυτον

213 1763 376 1853 Κυρήνην
391 1763 484 1835 εἶναι.
509 1762 572 1850 εἶχε
590 1766 627 1833 δὲ
641 1777 787 1851 γυναῖκα
801 1764 1000 1848 συγγενέα’
981 1768 1131 1845 εωυτοῦ,
1151 1769 1199 1827 θν-

209 1872 334 1988 γατέρα
355 1863 392 1933 66
412 1890 480 1935 των
493 1870 672 1952 Βαρκαίων
691 1886 753 1931 του
737 1863 937 1949 βασιλέος,
960 1865 1007 1949 τῷ
1027 1847 1199 1944 ούνομαήν

209 1960 371 2056 Ἀλάζειρ·
386 1989 476 2055 παρα
486 1988 608 2034 τουτον
629 1959 837 2046 άπικνίεται,
860 1965 920 2031 καί
932 1986 992 2046 μιν
1006 1961 1201 2046 Βαρκαῑοίτε

212 2060 333 2153 ἄνδρες
348 2069 403 2135 καί
416 2092 484 2137 των
498 2068 535 2135 ἐκ
547 2066 707 2152 Κυρήνης
718 2063 883 2185 φυγάδων
896 2063 985 2142 τινὲς
999 2059 1201 2150 κατωμαδόν

211 2187 264 2241 τις
284 2161 490 2249 ἀγοράζοντα
509 2171 693 2251 κτείνουσι,
714 2161 799 2252 πρὸς
822 2163 860 2230 δέ
884 2164 939 2231 καί
963 2159 1027 2230 τὸν
1047 2155 1203 2244 πενθερὸν

211 2257 317 2330 αύτοῦ
335 2255 511 2350 Ἀλάζειρα.
545 2262 758 2352 Ἀρκεσίλεως
783 2266 846 2351 μέν
866 2290 933 2332 νυν
954 2272 1020 2332 είτε
1042 2261 1134 2333 ε’κύν
1157 2270 1203 2329 είτε

211 2356 322 2426 άέκων
337 2356 495 2448 άμοιρτάιν
508 2370 570 2432 τοῦ
583 2370 734 2450 χρησμοῦ
745 2365 902 2450 ἐξέπλησε
914 2375 1039 2450 μοῖραν
1055 2360 1124 2450 τήν
1139 2365 1208 2455 ἑωυ-Ὶ

144 2471 194 2528 165
209 2465 279 2526 τοῦ.
320 2456 363 2528 Ἡ
377 2459 414 2530 δέ
434 2461 541 2550 μήτηρ
557 2469 739 2550 Φερετίμη,
758 2464 820 2542 ἕως
834 2464 897 2547 μέν
912 2458 931 2530 6
950 2458 1167 2547 Ἀρκεσίλεως
1178 2461 1208 2526 ίν

209 2564 250 2647 τῇ
259 2558 376 2648 Βάρκη
390 2565 537 2630 διαιτᾶτο
551 2563 788 2650 ἐξεργασμένος
798 2565 912 2651 ἑωυτῷ
924 2557 1090 2649 κακύν,ἡ
1106 2563 1146 2630 δέ
1160 2557 1198 2644 είχ

95 2745 97 2749 Ι
208 2652 294 2744 αύτή
310 2665 372 2726 τοῦ
384 2658 504 2738 παιδὸς
518 2657 559 2728 τά
572 2663 671 2746 γέρεα
687 2663 724 2730 ἐν
738 2659 898 2747 Κυρήνη,
922 2661 979 2728 καί
993 2652 1106 2728 τᾶλλα
1121 2478 1209 2850 '²⁸⁴6

210 2755 294 2841 μένη
315 2759 371 2824 καί
391 2759 428 2824 ἐν
449 2763 556 2845 βουλή
576 2764 774 2845 παρίζουσα.
809 2757 919 2826 ἐπείτε
940 2758 977 2827 δέ
999 2762 1113 2844 ἐμαθε
1135 2761 1195 2827 ἐντ

208 2851 325 2942 Βάρκη
340 2851 561 2923 ἀποθανόντα
576 2861 610 2924 οἱ
596 2855 683 2925 ίτόν
695 2860 814 2943 παῖδα,
838 2857 1016 2944 φεύγουσα
1034 2856 1207 2957 οίχώκεείρ

206 3051 397 3142 Καμβύσην
414 3049 475 3121 τὸν
497 3055 618 3141 Κύρου
640 3055 878 3144 πεποιημέναι·
912 3081 1011 3135 ουτος
1035 3082 1109 3144 γαρ
1135 3082 1178 3144 ην

203 3147 481 3239 Ἀρκεσίλεως,“
461 3179 498 3232 ος
517 3155 683 3243 Κυρήνην
702 3153 870 3242 Καμβύση
896 3159 1001 3223 ἔδωκε
1024 3157 1084 3222 καί
1113 3182 1162 3241 φο

206 3249 351 3328 ἐτάξατο.
374 3248 558 3340 άπικομένη
575 3252 611 3321 δέ
626 3257 660 3334 ἐς
670 3251 878 3377 Αίγυπτονὴ
892 3260 1056 3342 Φερετίμη
1071 3254 1208 3344 Ἀρυάν

205 3349 300 3414 δεωί
286 3351 385 3428 ἱκέτις
401 3353 505 3439 ἕζετο,
519 3361 704 3441 τιμωρῆσαι
716 3356 824 3443 έωντη
809 3355 1039 3441 κελεύουσα,
1054 3375 1207 3444 προίσχο

205 3446 289 3530 μένη
299 3448 489 3538 πρόφασιν,
510 3448 554 3530 ὡς
569 3451 624 3521 διά
635 3450 696 3522 τὸν
707 3451 877 3540 μηδισμὸν
888 3451 907 3524 6
919 3467 997 3533 παῖς
1012 3458 1045 3522 οί
1056 3457 1207 3545 τέθνηκε

207 2959 392 3037 Λίγυκτον.
414 2944 503 3039 ήσαν
518 2955 584 3043 γάρ
603 2961 638 3024 οί
651 2958 688 3024 ἐκ
701 2982 763 3024 του
749 2952 970 3043 Ἀρκεσίλεω
941 2952 1208 3278 dewwdaaj
