2500 3925
230 297 232 301 s
347 219 432 275 ειν.
463 218 511 274 lv.
546 217 645 275 σεε.
680 224 855 282 111—116.
1039 221 1102 284 ³⁴3

104 393 172 461 τάδε
188 399 223 463 οἱ
236 390 373 483 ἀνδρες·
389 392 490 481 Ἡμῖν
509 395 574 463 είσέ
591 392 654 482 μέν
670 398 800 479 τοκέες,
818 394 884 463 είσὶ
901 393 940 464 δέ
957 393 1098 482 κτήσιες.

104 499 159 561 νῦν
179 487 225 562 ὦν
246 498 359 583 μηκέτι
390 501 519 564 πλεῦνα
550 495 672 585 χρόνον
694 495 772 582 ζόην
800 493 932 582 τοιήνδε
960 502 1099 583 ἔχωμεν,

47 680 48 685 ¹
104 592 167 661 ἀλλ’
196 592 400 676 ἀπελθόντες
425 599 457 675 ές
482 595 520 665 τό
546 601 676 683 πλῆθος
702 595 944 683 διαιτεοίμεθα,
974 610 1099 680 γυναί-

104 721 154 772 κας
173 696 207 762 δὲ
228 696 346 783 ἕξομεν
365 693 469 782 ὑμέας
489 696 545 762 καὶ
565 690 716 779 οάδαμας
735 691 846 774 ἄλλας.
890 699 939 763 Ac
954 694 991 763 δέ
1010 691 1095 777 πρός

103 798 192 857 ταῦτα
213 798 329 873 ἔλεξαν
350 795 445 862 τάδε·
473 790 586 878 Ἡμεῖς
610 788 674 859 οὐκ
696 785 741 858 ἀν
761 795 952 879 δυναίμεθα
972 794 1095 861 οἰκέειν

102 886 171 974 μετά
183 895 251 956 τῶν
266 887 438 977 ὑμετέρων
458 894 649 977 γυναικῶν·
674 885 716 956 οά
728 886 795 977 γάρ
814 889 855 959 τά
870 888 956 960 αάτά
970 891 1095 979 νόμαια

101 983 169 1071 ἡμῖν
181 1013 216 1054 τε
235 988 292 1055 καὶ
314 990 462 1077 ἐκείνῃσί
480 990 557 1055 ἐστι.
589 982 684 1073 ήμετς
705 990 768 1074 μὲν
787 990 968 1077 τοξεύομέν
986 991 1095 1059 τεκαὶ

101 1082 304 1171 ἀκοντίζομεν
326 1089 381 1155 καὶ
402 1086 631 1171 ἱππαζόμεθα,
659 1090 741 1173 ἔργα
764 1086 802 1154 δὲ
824 1089 1006 1177 γυναικήια
1030 1085 1095 1156 οάκ

101 1183 277 1272 ἐμάθομεν,
300 1190 337 1253 αί
356 1186 392 1253 δέ
408 1183 565 1271 ὑμέτεραι
585 1198 743 1270 γυναῖκες
762 1187 894 1254 τούτων
913 1188 977 1274 μέν
991 1184 1093 1255 οὐδὲν

98 1288 155 1347 τόν
163 1279 257 1369 ἡμεῖς
268 1286 488 1370 κατελέξαμεν
498 1290 642 1370 ποιεῦσι,
659 1288 740 1372 ἔργα
752 1285 788 1351 δὲ
798 1286 978 1373 γυναικήια
993 1284 1094 1372 έρχά-

99 1386 212 1469 ζονται,
235 1384 293 1450 καλ
311 1386 475 1469 μένουσιν
489 1384 527 1450 ἐν
541 1387 615 1472 τῇσι
633 1380 794 1472 άμάξησι,
817 1380 890 1451 οὔτ’
907 1385 961 1452 έπί
979 1384 1094 1471 θήρην

97 1483 196 1545 ἐοῦσαι
210 1478 292 1547 οὔτε
312 1478 397 1571 άλλη
420 1478 559 1570 οόδαμή.
593 1477 656 1547 οάκ
673 1475 719 1547 ἀν
735 1473 786 1548 όν
801 1485 992 1567 δυναίμεθα
1007 1482 1094 1549 ἐκεί-

97 1596 162 1664 νησι
186 1580 432 1663 συμφέρεσθαι.
467 1575 541 1647 ἀλλ’
569 1584 600 1647 εί
623 1578 792 1666 βούλεσθε
815 1594 979 1666 γυναῖκας
1005 1586 1094 1665 ἔχειν

97 1671 186 1761 ήμέας
212 1680 273 1746 καὶ
296 1681 425 1749 δοκέειν
448 1678 536 1748 εἶναι
559 1686 701 1767 δίκαιοι,
733 1678 891 1758 ἐλθόντες
910 1674 1093 1763 παράτούς

97 1776 198 1853 τοκέας
213 1772 397 1861 ἀπολάχετε
411 1784 480 1868 τῶν
500 1778 677 1861 κτημάτων
696 1774 735 1843 τό
752 1780 868 1862 μέρος,
891 1777 948 1844 καὶ
962 1783 1091 1845 ἔπειτεν

96 1873 243 1952 ἐλθόντες
258 1880 421 1961 οίκέωμεν
440 1872 493 1945 ἐπ’
514 1871 630 1961 ἡμέων
649 1872 783 1942 αὐτέων,
830 1872 1023 1943 Ἐπείθοντο
1037 1877 1093 1943 καὶ
1111 1895 1162 1947 115

84 1975 246 2058 ἐποίησαν
267 1981 371 2040 ταῦτα
393 1978 428 2042 οί
444 1981 625 2061 νεηνίσκοι.
675 1979 786 2045 ἐπείτε
809 1971 848 2042 δέ
867 1968 1092 2058 ἀπολαχόντες

97 2079 153 2139 τόν
173 2073 354 2160 κτημάτων
379 2070 417 2140 τό
444 2073 626 2161 ἐπιβάλλον
649 2063 760 2159 ήλθον
783 2066 891 2140 όπίσω
917 2068 1008 2157 παρά
1032 2068 1092 2151 τάς

92 2171 271 2260 Ἀμαζόνας,
288 2179 403 2255 ἔλεξαν
415 2179 452 2242 αι’
459 2188 618 2261 γυναῖκες
631 2170 715 2259 πρός
726 2170 850 2252 αάτούς
859 2172 955 2240 τάδε·
970 2169 1092 2260 Ἡμέας

95 2278 150 2357 ἔχει
170 2271 280 2360 φόβος
294 2299 330 2341 τε
351 2275 406 2341 καλ
427 2275 517 2360 δέος,
540 2271 625 2350 όκινς
649 2267 711 2358 χρή
735 2275 857 2340 οἰκέειν
873 2274 911 2340 ἐν
934 2277 1019 2364 τῷδε
1044 2279 1089 2364 τῷ

93 2370 196 2462 μόρῳ,
218 2378 317 2438 τοῦτο
332 2372 394 2458 μὲν
410 2371 513 2458 ὑμέας
527 2369 801 2459 ἀποστερησάσας
810 2375 974 2459 πατέρων,
989 2378 1089 2440 τοῦτο

93 2471 124 2536 δὲ
136 2471 198 2556 τήν
209 2475 274 2556 γῆν
288 2467 350 2557 τήν
361 2469 525 2557 ὑμετέρην
540 2474 771 2556 δηλησαμένας
787 2471 903 2540 πολλά.
916 2469 990 2539 ἀλλ’
1002 2470 1093 2538 ἐπεί-

92 2593 120 2632 τε
131 2564 262 2647 ἀξιοῦτε
275 2565 379 2654 ήμέας
388 2583 552 2654 γυναῖκας
563 2575 666 2654 ἔχειν,
680 2569 761 2635 τάδε
774 2574 901 2638 ποιέετε
912 2568 981 2656 άμα
991 2567 1088 2657 ήμίν·

93 2793 137 2843 τες
155 2766 283 2834 Τάναϊν
302 2763 454 2851 ποταμόν
474 2768 645 2852 οίκέωμεν.
693 2764 887 2836 Ἐπείθοντο
909 2772 965 2837 καὶ
984 2776 1088 2837 ταῦτα
1106 2781 1155 2836 116

92 2869 121 2932 οί
127 2874 304 2951 νεηνίσκοι,
330 2865 506 2952 διαβάντες
517 2865 553 2931 δὲ
566 2861 628 2933 τόν
642 2865 770 2934 Τάναϊν
784 2864 993 2953 ὁδοιπόρεον
1003 2863 1088 2954 πρός

92 2961 179 3048 ήλιον
193 2962 370 3052 ἀνίσχοντα
392 2971 496 3052 τριῶν
517 2965 580 3051 μὲν
592 2963 745 3052 ήμερέων
764 2963 906 3036 ἀπὸτοῦ
925 2967 1089 3044 Τανάϊδος

91 3057 181 3147 ὁδόν,
203 3071 308 3148 τριῶν
319 3063 356 3132 δέ
373 3061 438 3132 ἀπό
454 3071 512 3151 τῆς
524 3071 643 3151 λίμνης
656 3072 715 3152 τῆς
725 3066 913 3154 Μαιήτιδος
927 3062 1012 3151 πρός
1026 3072 1088 3151 βο-

91 3166 165 3244 ρέην
178 3158 313 3248 ἀνεμον.
347 3160 544 3249 ἀπικόμενοι
571 3163 609 3232 δέ
629 3166 662 3243 ές
680 3171 803 3233 τοῦτον
822 3162 883 3231 τόν
899 3171 1025 3251 χῶρον,
1050 3166 1087 3231 έν

91 3261 130 3343 τῷ
150 3265 213 3325 νῦν
236 3267 467 3348 κατοικίαται,
488 3273 630 3349 οἴκησαν
649 3271 780 3331 τουτον.
811 3267 866 3330 καί
886 3267 995 3352 διαίτη
1016 3261 1083 3332 ἀπὸ

93 3355 202 3424 τούτου
215 3363 368 3444 χρέονται
382 3367 422 3449 τῇ
436 3367 560 3448 παλαιῇ
573 3367 643 3428 τοάν
652 3364 902 3446 Σαυροματέων
916 3366 952 3429 αί
963 3378 1083 3450 γοναῖ-

93 3477 154 3534 κες,
175 3461 227 3524 καλ
251 3461 304 3525 ἐπὶ
331 3459 446 3544 θήρην
468 3459 885 3543 ἀπ”ίππωνέκφοιτέοοσαι
907 3459 975 3543 άμα
998 3475 1081 3539 τοῖσι
