2500 3925
296 260 381 317 ΗΒ.
414 260 462 315 lv.
496 258 593 317 CAP.
632 264 807 321 164-168.
996 254 1059 321 ³67

83 418 149 485 Οδέ
162 415 339 505 Ἀρυάνδης
358 410 403 504 ἦν
422 409 522 496 οὗτος
543 424 601 504 τῆς
618 418 797 505 Αἰγύπτου
819 416 967 508 ὕπαρχος
989 418 1058 489 ὑπὸ
1075 444 1127 501 ιω

78 518 244 607 Καμβύσεω
265 516 464 605 κατεστεώς,
488 516 525 597 ὃς
546 515 675 610 ὑστέρφ
694 517 806 609 χρόνφ
825 518 956 591 τούτων
966 544 1058 606 παρ-

78 616 230 705 ισούμενος
241 625 376 711 Δαρείῳ
396 618 577 705 διεφθάρη.
607 618 803 705 πυθόμενος
822 615 888 705 γάρ
902 623 958 691 καί
973 616 1058 689 ἰδών

76 726 201 797 Δαρεῖον
231 720 458 805 ἐπιθυμέοντα
489 720 711 806 μνημόσυνον
741 722 870 787 ἑωυτοῦ
898 724 1057 789 λιπέσθαι

76 820 169 901 τούτο,
184 814 219 885 τό
234 816 279 906 μὴ
295 817 386 909 ἀλλφ
398 828 448 905 εἰη
460 822 592 906 βασιλέϊ
604 822 889 905 κατεργασμένον,
907 819 1056 904 ἐμιμέετο

75 918 191 1001 τοῦτον,
212 919 246 994 ές
263 913 283 985 δ’
298 923 396 1006 ἔλαβε
410 914 471 985 τόν
484 917 621 1005 μισθόν.
655 926 800 1000 Δαρεῖος
816 916 879 1003 μέν
892 914 958 1003 γάρ
972 940 1056 1003 χρυ-

74 1016 132 1077 σίον
141 1016 379 1102 καθαρώτατον
386 1014 559 1104 ἀπεψήσας
570 1019 602 1096 ές
613 1012 651 1084 τό
663 1015 899 1085 δυνατώτατον
908 1015 1056 1102 νόμισμα

72 1107 201 1198 ἐκόψατο,
215 1110 403 1201 Ἀρυάνδης
415 1116 451 1183 δὲ
462 1114 575 1201 ἅρχων
584 1116 761 1202 Αἰγύπτου
772 1112 937 1202 ἀργύριον
945 1111 1054 1184 τώυτό

71 1214 150 1277 τούτο
164 1212 288 1281 ἐποίεε·
316 1216 372 1282 καί
392 1222 459 1281 νῦν
476 1216 544 1283 έστί
564 1211 731 1302 ἀργύριον
750 1212 992 1300 καθαρώτατον
1015 1212 1053 1285 τό

69 1301 277 1393 Ἀρυανδικόν.
301 1310 425 1399 μαθών
447 1313 483 1381 δὲ
503 1314 649 1400 Δαρεῖός
669 1338 730 1400 μιν
752 1317 858 1379 ταῦτα
879 1318 1053 1400 ποιεῦντα,

70 1410 157 1493 αἰτίην
167 1414 201 1477 οἰ
209 1408 319 1498 ἀλλην
329 1417 518 1500 ἐπενείκας,
534 1411 579 1493 ώς
588 1417 625 1503 οἰ
633 1416 855 1497 ἐπανίσταιτο,
869 1407 1052 1481 ἀπέκτεινε.

72 1504 137 1574 Τότε
151 1508 185 1577 δί
201 1502 303 1590 οὗτος
319 1508 338 1581 ὁ
356 1510 541 1599 Ἀρυάνδης
555 1518 782 1600 κατοικτείρας
795 1516 983 1599 Φερετίμην
999 1515 1054 1579 δι·
1070 1533 1121 1591 1⁶7

67 1610 109 1672 δοῖ
119 1605 197 1699 αὐτῇ
211 1611 359 1698 στρατόν
372 1610 433 1681 τόν
448 1612 668 1700 έξΑἰγύπτον
679 1610 827 1696 ἅπαντα,
846 1613 903 1679 καί
915 1608 977 1679 τόν
991 1635 1054 1678 πε-

66 1700 109 1784 ζόν
130 1711 182 1777 καί
202 1707 268 1776 τόν
293 1710 472 1796 ναυτικόν,
505 1708 693 1799 στρατηγόν
718 1712 755 1783 δέ
777 1718 839 1779 τοῦ
863 1712 927 1798 μὲν
950 1716 1052 1793 πεζοῦ

59 1798 175 1888 Ἀμασιυ
203 1806 345 1891 ἀπέδεξε
371 1808 480 1897 ἀνδρα
506 1811 712 1898 Μαράφιον,
740 1816 802 1877 τοῦ
826 1809 863 1876 δέ
887 1813 1053 1876 ναυτικοῦ

63 1903 177 1992 Βάδρην
191 1907 293 1978 ἐόντα
306 1911 536 1998 Πασαργάδην
549 1913 655 1998 γένος.
679 1914 760 1994 πρὶν
771 1914 808 1979 δὲ
821 1904 845 1996 ἢ
858 1905 1050 1978 ἀποστεῖλαι

61 2001 108 2088 τὴν
118 2006 275 2095 στρατιὴν
286 2006 305 2077 ό
318 2008 502 2098 Ἀρυάνδης
512 2015 644 2096 πέμψας
654 2013 688 2088 ές
697 2007 760 2096 τὴν
770 2006 910 2093 Βάρκην
919 2006 1051 2094 κη’ρυκα

61 2103 273 2195 ἐπυνθάνετο,
292 2117 342 2190 τίς
362 2119 413 2196 εἰη
442 2107 461 2181 ό
480 2107 699 2194 Ἀρκεσίλεων
719 2103 926 2185 ἀποκτείνας.
960 2107 996 2172 οἰ
1013 2103 1050 2171 δέ

60 2209 200 2290 Βαρκαῖοι
223 2205 321 2277 αύτυί
341 2205 544 2279 ὑπεδέκοντο
565 2209 702 2287 πάντες.
726 2206 834 2276 πολλά
850 2231 888 2274 τε
905 2203 973 2293 γάρ
993 2206 1049 2273 καί

58 2300 127 2370 κακά
137 2305 280 2393 πάσχειν
291 2305 352 2376 ὑπ’
366 2307 480 2379 αὐτοῦ.
504 2309 701 2394 πυθόμενος
711 2305 749 2374 δὲ
758 2312 862 2373 ταῦτα
874 2302 892 2373 ὁ
903 2301 1050 2388 Ἀρυάν·

58 2405 105 2486 δας
115 2403 202 2473 οὕτω
223 2405 266 2494 δὴ
287 2407 349 2496 τὴν
371 2410 529 2496 στρατιὴν
544 2407 716 2478 ἀπέστειλε
730 2404 799 2493 ἅμα
817 2413 858 2495 τῇ
872 2407 1046 2492 Φερετίμη.

55 2499 124 2590 αὕτη
136 2507 199 2590 μέν
214 2534 282 2576 νυν
296 2515 382 2596 αἰτίη
396 2509 572 2596 πρόσχημα
586 2513 649 2575 τοῦ
663 2505 770 2593 λόγον
781 2507 925 2589 ἐγίνετο,
946 2503 1049 2588 ἐπέμ-

56 2625 119 2668 πετο
133 2605 168 2670 δὲ
183 2601 206 2691 ἦ
222 2603 376 2693 στρατιὴ,
398 2605 443 2685 ώς
464 2609 536 2694 ἐμοὶ
551 2606 699 2690 δοκέειν,
721 2604 774 2671 ἐπὶ
787 2599 928 2689 Λιβύων
943 2625 1047 2667 κατα-

53 2710 174 2793 στροφῇ.
221 2704 362 2794 Λιβύων
377 2703 441 2792 γάρ
457 2702 498 2790 δη
512 2710 615 2773 έδνεα
625 2698 734 2772 πολλὰ
745 2703 800 2768 καὶ
812 2711 954 2766 παντοία
967 2699 1046 2782 ἐστὶ,

52 2802 96 2867 καί
108 2799 145 2869 τά
159 2806 226 2888 μὲν
240 2801 354 2871 αύτών
365 2801 460 2890 ὀλίγα
471 2809 624 2892 βασιλέος
635 2796 679 2891 ἦν
690 2798 841 2889 ύπήκοα,
853 2795 898 2865 τά
909 2799 947 2864 δί
957 2799 1047 2864 πλέω

53 2895 209 2985 ἐφρόντιζε
224 2907 375 2985 Δαρείου
390 2901 500 2970 οὐδέν.

121 3005 281 3070 Οἰκέουσι
298 3004 334 3070 δέ
354 2999 438 3070 κατά
453 3004 532 3071 τάδε
549 3009 688 3089 Λίβυες,
710 2998 769 3069 ἀπ’
786 2999 962 3086 Αἰγύπτου
982 2995 1046 3085 ἀρ-
1063 3011 1115 3067 168

53 3095 182 3183 ξάμενον.
210 3109 336 3188 πρῶτοι
354 3099 650 3190 Ἀδυρμαχίδαι
663 3104 804 3191 Λιβύων
823 3098 1043 3185 κατοικέαται,

54 3199 76 3259 εἰ
91 3198 224 3281 νόμοισι
239 3201 302 3285 μὲν
322 3199 363 3269 τά
385 3203 475 3270 πλέω
493 3206 707 3286 Αἰγυπτίοισι
724 3201 896 3286 χρέονται,
919 3200 1045 3286 ἐσθῆτα

54 3292 76 3360 δὲ
91 3301 252 3384 φορέουσι
290 3304 430 3389 οῗηυπερ
454 3303 489 3370 οἰ
507 3297 602 3368 ἄλλοι
616 3307 749 3387 Λίβυες.
772 3302 809 3367 αί
829 3299 866 3366 δὲ
885 3310 1044 3383 γυναῖκες

55 3387 146 3461 αὐτῶν
161 3399 281 3477 ψέλιον
294 3404 371 3485 περὶ
383 3401 522 3490 ἑκατέρη
529 3405 599 3466 τών
613 3402 770 3487 κνημέων
788 3401 950 3483 φορέουσι
962 3394 1045 3481 χάλ-

55 3519 130 3586 ιεον,
153 3495 216 3575 τὰς
238 3497 388 3584 κεφαλάς
411 3499 447 3566 δὲ
462 3499 653 3586 κομέουσαι,
666 3493 747 3575 τούς
772 3506 916 3581 φθεῖρας
941 3486 1044 3560 ἐπεάν
