2500 3925
187 181 273 243 LIB.
304 187 352 244 vl.
386 186 483 244 GAP.
513 187 714 246 lav-Llss.
747 188 806 244 vu.
840 187 938 245 GAP.
973 196 997 246 l.
1043 185 1103 248 121

96 372 131 414 τε
142 342 182 432 δή
194 347 227 423 ἐς
236 342 296 424 τας
305 343 496 432 Ἀθήναςοί
499 345 677 430 Πελασγοὶ,
689 346 744 413 καί
755 349 848 424 δίκας
860 347 1102 467 ἐπηγγέλλοντο

94 444 296 531 βουλόμενοι
318 442 449 512 διδόναι
468 437 594 519 παντός
609 465 671 508 του
656 437 895 528 ἀδικήματος.
929 441 1102 531 Ἀθηναῖοι

95 542 132 611 δὲ
153 544 190 611 ἐν
210 569 257 634 τῳ
243 547 468 632 πρυτανηία
485 546 604 626 κλίνην
621 537 828 626 στρόσαυτες
850 537 894 620 ὡς
915 540 1003 629 είχον
1020 542 1102 610 καλ·

93 649 189 710 λιστα
203 643 258 709 καλ
272 639 395 727 τρόπεζ
393 665 437 707 αν
379 640 610 724 ζέπιπλέην
622 632 764 721 ἀγαθῶν
777 637 914 706 πάντων
928 641 1103 729 παραθέν-

93 769 147 821 τες
161 744 318 812 ἐκέλευον
338 738 418 820 τούς
432 734 628 839 Πελασγοὺς
643 731 705 821 τήν
718 736 832 824 χεέρην
847 744 942 825 σφίσι
958 744 1102 827 παραδι-

95 841 193 912 δόναι
207 840 297 910 οὕτω
308 847 461 928 ἔχουσαν.
480 842 514 907 οί
524 836 560 905 δὲ
570 824 738 921 Πελασγοὶ
748 832 976 923 ὑπολαβόντες
988 835 1100 906 είπαν·

91 940 210 1014 Επεαν
220 946 322 1031 βορέῃ
332 939 444 1032 ανέμρ
455 935 645 1025 αυτημερον
655 961 739 1021 νηυς
750 934 894 1024 ἐξανυση
905 939 991 1005 ἐκ
951 962 1009 1023 της
1020 962 1103 1023 νμε-

93 1047 190 1130 τίρης
202 1039 285 1122 ἐς
248 1068 311 1128 την
321 1039 502 1130 ἡμετέρην,
517 1034 592 1104 τότε
603 1032 857 1120 παραδώσομεν.
883 1041 990 1102 Τοῦτο
1006 1031 1103 1102 εἶπαν

94 1139 308 1227 έαισταμενοι
321 1145 421 1207 τοῦτο
438 1133 524 1205 εἶναι
538 1132 708 1203 ἀδύνατον
718 1131 933 1220 γενέσθαι·’
916 1160 937 1221 η
952 1159 1017 1220 γαρ
1029 1131 1102 1201 Ἀτ-

95 1237 167 1329 τική
183 1235 267 1324 πρός
280 1237 383 1308 νότον
398 1229 508 1306 κέεται
528 1230 656 1303 πολλόν
675 1238 733 1319 τής
747 1231 897 1319 Λήμνου.
940 1230 1023 1300 Τότε
1039 1232 1102 1318 μὲν
1120 1251 1168 1304 140

93 1358 249 1422 τοσαντα,
267 1341 353 1405 ἔτεσι
368 1337 405 1403 δὲ
420 1333 526 1420 κόρτα
538 1327 729 1400 πολλοίσι”
705 1348 849 1450 υστερρν
862 1329 1009 1416 τούτων,
1025 1319 1100 1418 ὡςή

93 1435 307 1523 Χερσονησος
321 1461 343 1516 η
330 1430 416 1502 Ηἐν
413 1430 640 1521 Ελλησπόντρι
657 1425 819 1515 ἐγένετο*
801 1425 861 1498 υπ’
884 1427 1101 1518 Ἀθηναίοισι,

94 1525 467 1619 ΜιλτιαόηςοΚίμωνος
477 1530 633 1615 ἐτησιέων
643 1525 776 1615 ανέμων
787 1528 1035 1616 κατεστηκοταν
1046 1535 1102 1616 νηλ

94 1631 284 1710 κατανύσας
301 1632 334 1711 ἐξ
345 1628 555 1709 Ἐλαιοῦντος
571 1635 632 1697 τοῦ
646 1630 683 1697 ἐν
694 1628 897 1721 Χερσονήσῳ
912 1633 945 1712 ἐς
957 1628 1020 1718 τήν
1030 1635 1101 1716 Λή-

94 1757 182 1820 μυον
192 1729 402 1819 προηγόρευε
416 1732 537 1812 ἐξιέναι
553 1732 590 1799 ἐκ
604 1737 662 1817 τής
675 1729 783 1819 νήσου
793 1745 879 1801 τοῖσι
889 1741 1102 1819 Πελασγοῖσι,

94 1829 358 1918 ἀναμιμνήσκων
373 1834 477 1917 σφέας
487 1829 524 1898 τό
537 1831 750 1919 χρηστήριον,
765 1829 802 1901 τό
815 1830 943 1921 οόόαμᾶ
957 1831 1102 1921 ἤλπισαν

93 1939 190 2021 σφίσι
212 1935 247 2001 οί
263 1935 433 2020 Πελασγοὶ
454 1932 690 2002 ἐπιτελέεσθαι.
726 1928 933 2019 Ἡφαιστιέες
951 1935 1014 2021 μέν
1034 1959 1101 2002 νυν

94 2036 287 2118 ἐπείθοντο,
302 2038 490 2120 Μυριναῖοι
506 2031 543 2099 δέ
558 2027 599 2098 οό
614 2029 924 2119 συγγινωσκόμενοι
940 2030 1025 2101 εἶναι
1039 2029 1102 2119 τήν

93 2128 310 2219 Χερσόνησον
321 2128 471 2217 Ἀττικήν
486 2133 750 2217 ἐπολιορκέοντο,
766 2131 799 2209 ἐς
809 2129 829 2199 ό
839 2133 895 2200 καὶ
905 2128 1001 2201 αὐτοὶ
1014 2138 1102 2219 παρέ

94 2233 245 2316 έστησαν.
284 2225 383 2296 Οὕτω
405 2226 446 2315 δή
464 2227 527 2315 τήν
541 2235 681 2316 Λήμνου
696 2234 794 2314 ἔσχον
807 2225 983 2317 Ἀθηναῖοί
996 2256 1030 2299 τε
1046 2232 1103 2299 καλ

94 2326 290 2412 Μιλτιάδης.

488 2523 706 2532 --——.—.

389 2667 815 2757 HPOAOTOY

570 2829 625 2864 ΝΥ

169 2925 544 2995 ΑΛΙΚΑΡΝΗΣΕΟΣ
563 2926 803 2995 ΙΣΤΟΡΙΩΝ
819 2927 1029 2995 ΕΒΛΟΜΗ

278 3054 650 3107 Επιτοιοοαναα
666 3054 916 3109 αοκοααιι.

95 3288 223 3374 ΕΠΕΙ
233 3300 329 3392 ΔΕή
340 3300 477 3395 ἀγγελίη
487 3305 624 3377 ἀπίκετο
635 3310 712 3395 περὶ
721 3314 779 3395 τής
789 3305 894 3395 μάχης
904 3314 962 3396 τῆς
972 3308 1010 3375 έν
1019 3313 1102 3375 Μα-
1115 3320 1130 3372 1

94 3408 226 3489 ραθιόνι
238 3405 420 3491 γενομένης
430 3404 520 3494 παρὰ
531 3410 668 3495 βασιλέα
674 3417 822 3493 Δαρεῖον
832 3403 893 3475 τόν
901 3403 1100 3487 Ὑστάσπεος
