2500 3925
327 208 415 267 mn.
447 207 506 265 VH.
540 206 639 265 cn.
671 214 847 271 θθθ-θλλ
1031 212 1093 273 λὶδ

85 382 166 439 σθαι
185 367 229 448 ὡς
243 365 342 456 άνδρλ
355 366 499 455 ψεάστη,
515 361 561 454 ῆν
572 364 618 453 μῆ
634 366 740 435 ταῦτά
754 394 805 437 τοι
819 368 923 460 ταότη
940 374 1036 462 ἐκβῆ,
1052 380 1092 463 τῆ

84 468 148 557 ἐγω
162 471 259 556 λέγω.
286 475 397 537 Ταῦτα
412 470 522 555 λέγων
538 465 602 536 οὐκ
620 472 736 537 ἔπειθε
749 464 810 537 τόν
823 471 954 557 Ξέρξην
979 475 1091 542 τέσσε-
1106 486 1158 540 mo

84 597 144 653 ρας
163 569 226 657 μὲν
243 564 283 655 δή
304 574 467 656 παρεξῆκε
483 564 625 655 ῆμέρας,
645 570 785 651 ἐλπίζων
805 576 873 639 αἰεί
886 590 990 659 σφεας
1005 570 1091 642 άπυ·

83 670 278 758 δρήσεσθαι.
301 672 432 759 πέμπτη
448 668 502 756 δὲ,
524 666 568 748 ὡς
584 665 648 737 οὐκ
663 666 933 760 ἀπαλλάσσοντο,
959 672 1043 744 άλλά
1058 678 1092 743 οί

4 849 5 858 ,
84 775 262 857 ἐφαίνοντο
279 767 431 859 άναιδείη
446 795 481 837 τε
495 771 550 838 καὶ
561 765 703 858 άβονλίη
718 768 948 858 διαχρεόμενοι
962 773 1088 861 μένειν,

80 871 202 957 πέμπει
225 866 277 936 ἐπ’
297 866 421 949 αὐτοὺς
435 869 579 957 Μήδους
593 894 629 936 τε
649 870 704 937 καὶ
719 876 880 950 Κισσίους
902 874 1088 960 θυμωθείς,

4 1049 5 1058 ¹
81 966 314 1055 ἐντειλάμενός
326 986 432 1056 σφεας
443 968 676 1056 ζωγρήσαντας
687 967 782 1054 άγειν
791 972 827 1049 ,ές
838 968 918 1053 ὅφιν
928 968 990 1058 τῆν
1002 972 1088 1041 ἑωυ-

80 1074 151 1136 τοῦ.
175 1063 219 1146 ὥς
234 1062 266 1134 δ’
282 1069 445 1137 ἐπέπεσον
456 1068 638 1155 φερόμενοι
653 1070 686 1147 ἐς
701 1065 947 1157 τούςἝλληνας
962 1074 996 1139 οἱ
1005 1076 1086 1157 Μῆ-

79 1170 149 1253 δοι,
172 1172 311 1234 ἔπιπτον
326 1169 460 1253 πολλοὶ,
482 1163 577 1235 άλλοι
595 1165 628 1234 δ’
646 1165 824 1254 ἐπεσήισαν
844 1170 899 1237 καὶ
920 1168 983 1239 οὐκ
997 1168 1085 1255 άπή-

78 1274 224 1351 λαυνον,
240 1272 358 1354 καίπερ
370 1265 521 1353 μεγάλως
535 1272 805 1350 προσπταίοντες.
829 1272 932 1353 δῆλον
944 1265 977 1336 δ’
992 1270 1085 1336 έποί-

79 1392 141 1434 ευν
153 1372 256 1435 παντί
266 1391 329 1457 τεφ
346 1368 402 1435 καλ
416 1362 479 1433 οὐκ
497 1363 616 1451 ῆκιστα
632 1362 722 1456 αὐτῷ
738 1367 883 1455 βασιλέι,
901 1365 952 1434 ὅτι
967 1367 1084 1434 πολλοὶ

77 1468 140 1551 μὲν
154 1462 332 1551 ἄνθρωποι
347 1463 430 1550 εἶεν,
448 1460 554 1549 ὀλίγοι
572 1466 608 1532 δέ
625 1462 754 1550 ἄνδρες.
779 1466 904 1551 ἐγίνετο
918 1462 985 1553 δέῆ
997 1484 1083 1551 συμ-

77 1564 161 1655 βολή
178 1563 222 1633 δι’
241 1562 374 1653 ἡμέρης.
419 1563 543 1635 Ἐπείτε
571 1567 607 1633 δέ
622 1570 656 1634 οί
668 1569 784 1651 Μῆδοι
797 1568 941 1653 τρηχέως
960 1570 1086 1653 περιεί-
1099 1582 1146 1635 211

77 1689 199 1751 παντο,
217 1667 368 1733 ἐνθαῦτα
381 1656 476 1733 οὗτοι
490 1664 553 1750 μέν
568 1660 766 1750 ὑπεξήισαν,
782 1668 817 1733 οί
830 1666 866 1731 δέ
882 1664 1010 1749 Πέρσαι
1027 1665 1043 1733 ἐ
1064 1702 1083 1715 -

77 1762 252 1849 δεξάμενοι
276 1761 434 1851 ἐπήισαν,
461 1759 540 1842 τούς
562 1759 758 1848 ἀθανάτους
780 1761 893 1831 ἐκάλεε
914 1759 1082 1850 βασιλεὺς,

75 1871 143 1933 τῶν
157 1858 237 1952 ῆρχε
249 1860 428 1950 Ὑδάρνης,
440 1860 484 1942 ὡς
496 1859 537 1949 δή
549 1855 646 1932 οὗτοί
656 1888 694 1947 γε
706 1859 867 1941 εὐπετέως
879 1859 1083 1947 κατεργασό-

3 2028 4 2033 ,
74 1991 180 2052 μενοι.
206 1960 250 2042 ὡς
267 1964 303 2032 δέ
317 1965 373 2032 καὶ
388 1954 483 2031 οὗτοι
496 1966 702 2049 συνέμισγον
716 1976 800 2032 τοῖσι
807 1957 958 2047 Ἕλλησι,
981 1957 1082 2028 οὐδὲν

75 2066 178 2132 πλέον
194 2066 353 2150 ἐφέροντο
368 2069 425 2149 τῆς
439 2069 593 2150 στρατιῆς
607 2067 665 2148 τῆς
675 2064 848 2150 Μηδικῆς,
864 2055 947 2128 άλλά
963 2055 1002 2127 τά
1018 2054 1081 2125 αὐ-

73 2159 132 2248 τά,
153 2159 212 2230 άτε
227 2164 265 2231 ἐν
282 2160 489 2253 στεινοπόρῳ
508 2188 542 2229 τε
559 2159 657 2252 χάρφ
670 2159 851 2248 μαχόμενοι
867 2163 923 2229 καλ
939 2157 1080 2242 δοόρασι

72 2265 309 2351 βραχυτέροισι.
319 2261 495 2350 χρεόμενοι
509 2259 594 2349 ῆπερ
608 2265 644 2329 οί
654 2258 821 2347 Ἕλληνες,
837 2261 893 2328 καλ
908 2256 971 2327 οὐκ
985 2264 1081 2345 έχον-

72 2389 126 2440 τες
137 2359 262 2447 πλήθει
269 2360 469 2447 χρήσασθαι.
487 2357 748 2444 Λακεδαιμόνιοι
761 2357 796 2424 δέ
808 2354 968 2442 ἐμάχοντο
981 2351 1079 2434 άξίως

73 2459 189 2544 λόγου,
201 2456 285 2526 άλλα
296 2483 332 2526 τε
342 2455 622 2543 άποδεικνόμενοι
632 2459 669 2523 έν
680 2453 743 2524 οὐκ
754 2453 999 2538 ἐπισταμένοισι
1013 2451 1079 2536 μά-

73 2566 193 2642 χεσθαι
218 2556 483 2642 ἐξεπιστάμενοι,
510 2558 566 2624 καί
586 2553 673 2632 ὅπως
696 2555 889 2639 ἐντρέψειαν
915 2549 955 2618 τά
978 2556 1078 2635 νῶτα,

73 2652 167 2735 ἁλέες
183 2655 373 2744 φεύγεσκον
387 2659 512 2741 δῆθεν,
538 2658 573 2722 οί
587 2652 623 2721 δέ
643 2651 808 2740 βάρβαροι
824 2647 975 2738 ὁρέοντες
992 2645 1079 2734 φεύ-

72 2780 194 2840 γοντας
203 2761 267 2843 βοῇ
281 2778 316 2822 τε
330 2755 385 2821 καλ
400 2751 537 2844 πατάγῳ
552 2751 703 2838 ἐπήισαν,
719 2754 754 2818 οί
763 2745 794 2816 δ’
808 2743 851 2816 όν
866 2753 1078 2832 καταλαμβα-

72 2855 210 2942 νόμενοι
222 2850 434 2941 ὑπέστρεφον
444 2851 550 2929 άντίοι
562 2850 647 2920 εἶναι
660 2865 743 2919 τοῖσι
754 2847 966 2938 βαρβάροισι,
977 2871 1076 2932 μετα·

71 2952 293 3042 στρεφόμενοι
317 2952 354 3022 δδ
373 2954 578 3042 κατέβαλλον
592 2951 718 3038 πλήθει
736 2947 989 3037 ἀναριθμήτους
1009 2951 1077 3012 τῶν

70 3055 245 3139 Περσέων·
273 3058 412 3124 ἔπιπτον
427 3055 464 3121 δὲ
479 3055 535 3122 καλ
555 3050 667 3120 αὐτῶν
686 3058 755 3121 τῶν
768 3047 1007 3137 Σπαρτιητέων
1021 3049 1077 3114 ἐν·

71 3157 183 3218 θαῦτα
193 3147 309 3236 ὀλίγοι.
322 3154 392 3221 ἐπεὶ
403 3153 439 3220 δὲ
449 3148 551 3220 οὐδὲν
561 3151 718 3222 ἐδυνέατο
731 3156 938 3239 παραλαβεῖν
948 3150 981 3216 ολ
987 3146 1076 3229 Πέρ-

70 3265 126 3315 σαι
140 3253 198 3334 τῆς
212 3246 334 3317 ἐσόδου
348 3247 559 3339 πειρεόμενοι
574 3255 629 3319 καὶ
643 3247 726 3318 κατά
740 3250 834 3320 τέλεα
846 3251 901 3318 καλ
911 3250 1077 3322 παντοίως
1119 3315 1133 3334 N

69 3346 348 3436 προσβάλλοντες,
356 3346 553 3438 άπήλαυνον
562 3346 677 3418 ὀπίσω.
691 3346 744 3416 Ἐν
750 3346 888 3436 ταύτῃσι
896 3353 969 3436 τῆσι
977 3363 1075 3432 προσ·
1092 3360 1144 3414 212

70 3446 178 3515 όδοισι
192 3453 249 3534 τῆς
268 3446 374 3536 μάχης
388 3450 516 3534 λέγεται
533 3451 672 3536 βασιλέα
690 3446 885 3534 θηεύμενον
904 3449 973 3534 τρὶς
992 3441 1075 3512 άνα-
