2500 3925
353 235 439 290 Llss.
471 235 506 290 v,
541 197 649 294 οεε.
671 242 819 311 εο-οι,
845 250 870 300 2.
1072 238 1116 305 4³

74 414 75 417 ’
101 386 221 458 αότών
234 397 374 461 Βοιωτοὶ
388 395 444 460 καί
453 395 649 477 Χαλκιδέες,
664 397 748 483 τάχα
763 401 802 466 δέ
810 425 860 478 τις
874 403 930 469 καὶ
943 399 1042 481 ἀλλος
1059 403 1115 471 ἐκ·

103 491 292 578 μαθήσεται
307 490 475 579 ἁμαρτών.
503 493 609 560 ἐπείτε
625 495 662 561 δὲ
674 496 785 563 ἐκεῖνα
794 498 994 585 ποιήσαντες
1004 497 1114 588 ἡμάρ-

107 613 223 675 τομεν,
239 597 306 658 νῦν
320 589 551 677 πειρησόμεθα
565 610 671 676 σφεας
681 591 751 678 ἅμα
762 591 844 680 ὑμῖν
854 593 1054 681 ἀπικόμενοι
1063 603 1115 665 τί·

102 699 249 758 σασθαι·
271 688 376 760 αὐτοῦ
407 688 472 778 γάρ
498 690 620 758 τούτου
651 691 779 756 εἵνεκέν
804 689 902 759 τόνδε
927 719 964 760 τε
983 693 1115 782 Ἱππίην

104 789 387 876 μετεπεμψάμεθα
407 793 463 858 καὶ
478 785 582 875 ὑμέας
596 784 665 856 άπό
682 797 751 857 τῶν
770 798 915 879 πολίων,
938 797 996 860 ἰ’να
1009 799 1114 882 κοινῷ

104 913 140 954 τε
151 888 240 977 λόγῳ
251 889 307 955 καὶ
317 893 421 976 κοινῷ
431 885 539 976 στόλῳ
551 888 773 974 ἐσαγαγόντες
783 885 888 958 αὐτόν
900 893 934 968 ἐς
943 888 1114 977 τάςἏθή-

104 1011 167 1063 νας
180 984 358 1072 ἀποδῶμεν
371 984 412 1054 τά
426 989 480 1054 καὶ
494 983 712 1072 ἀπειλόμεθα.
737 993 783 1056 O!
790 987 853 1074 μὲν
866 995 972 1057 ταῦτα
983 993 1111 1076 ἔλεγον,
1125 1003 1162 1059 91

104 1079 173 1152 τών
185 1086 222 1154 δὲ
233 1086 417 1171 συμμάχων
426 1081 464 1153 τό
480 1090 611 1171 πλῆθος
626 1083 690 1154 οόκ
702 1088 871 1154 ἐνεδέκετο
884 1084 966 1166 τούς
978 1086 1111 1172 λόγους.

99 1188 138 1252 ολ
149 1185 212 1269 μέν
225 1209 293 1250 νυν
304 1181 399 1252 ἀλλοι
408 1180 551 1270 ἡσυχίην
561 1176 661 1271 ἦγον,
674 1191 859 1273 Κορίνθιος
870 1186 907 1253 δὲ
918 1186 1113 1268 Σωσικλέης

98 1286 191 1362 ἔλεξε
206 1282 302 1350 τάδε·
319 1276 363 1349 Ἦ
374 1279 415 1369 δη
430 1280 451 1350 ό
463 1308 499 1349 τε
515 1277 661 1370 οάρανδς
672 1289 763 1352 ἔσται
773 1289 895 1370 ἔνερθε
908 1290 967 1369 τῆς
978 1288 1041 1369 γῆς
1053 1282 1110 1349 καί
1123 1306 1140 1360 1

100 1379 122 1466 ἡ
138 1387 181 1467 γῆ
194 1383 358 1468 μετέωρος
373 1380 459 1468 ὑπὲρ
481 1387 543 1449 τοῦ
564 1379 715 1469 οὐρανοῦ
735 1386 792 1450 καί
811 1386 846 1450 οί
856 1381 1036 1467 ἄνθρωποι
1051 1404 1113 1446 νο-

35 1549 42 1564 ,
100 1476 168 1564 μόν
182 1482 220 1546 ἐν
233 1481 391 1569 θαλάσση
411 1483 523 1560 ἕξουσι
545 1482 601 1558 καὶ
615 1486 650 1548 οί
661 1479 779 1567 ἰχθύες
791 1477 853 1547 τόν
866 1479 1033 1567 πρότερον
1048 1474 1112 1544 ἀν-

101 1589 252 1665 θρωποι,
270 1578 326 1647 ὅτε
341 1605 380 1666 με
394 1577 505 1666 ὑμεῖς,
522 1572 833 1666 ώΛακεδαιμόνιοι,
845 1583 1036 1663 ἰσοκρατίας
1048 1600 1112 1643 κα-

100 1677 281 1756 ταλάουτες
289 1682 492 1762 τυραννίδας
503 1681 537 1758 ἐς
547 1675 606 1757 τάς
617 1677 715 1757 πόλις
725 1677 885 1765 κατάγειν
894 1672 1111 1761 παρασκευά-

99 1782 215 1865 ζεσθε,
230 1785 292 1846 τοῦ
307 1777 384 1847 οὔτε
402 1775 607 1864 ἀδικώτερον
618 1775 720 1845 οὐδέν
736 1779 805 1845 ἐστι
816 1772 889 1844 κατ’
902 1771 1111 1861 ἀνθρώπους

100 1874 178 1943 οὔτε
193 1875 472 1964 μιαιφονώτερον.
495 1880 525 1942 εί
536 1872 601 1964 γάρ
617 1873 659 1962 δὴ
675 1874 776 1944 τοῦτό
791 1899 830 1961 γε
845 1874 954 1949 δοκέει
966 1869 1049 1958 ὑμῖν
1062 1866 1111 1937 εἶ-

100 2000 156 2041 ναι
170 1972 315 2062 χρηστόν
330 1974 414 2045 όστε
423 1975 694 2062 τυραννεύεσθαι
707 1972 766 2054 τάς
780 1972 894 2061 πόλις,
909 1969 1004 2041 αὐτοὶ
1015 1975 1110 2056 πρώ-

98 2098 150 2141 τοι
163 2074 634 2163 τόραννονκαταστησάμευοι
651 2072 742 2163 παρά
756 2081 853 2162 σφίσι
867 2069 999 2140 αότολσι
1017 2066 1109 2137 οὕτω

98 2176 153 2239 καί
166 2186 252 2242 τοῖσι
263 2172 392 2243 ἀλλοισι
404 2178 540 2261 δίζησθε
551 2174 763 2243 κατιστάναι·
778 2180 845 2241 νῦν
857 2172 894 2239 δὲ
904 2166 1000 2237 αάτοδ
1011 2164 1109 2235 ἀπει-
1144 2212 1147 2219 ·

98 2294 151 2351 ροι
167 2270 277 2349 ἐόντες
293 2272 473 2361 τυράννων
494 2275 549 2341 καὶ
564 2272 795 2359 φυλάσσοντες
814 2268 990 2339 δεινότατα
1006 2271 1107 2334 τοῦτο

98 2372 135 2437 ἐν
149 2376 190 2458 τῇ
204 2370 346 2461 Σπάρτη
363 2370 408 2460 μὴ
424 2374 583 2458 γενέσθαι
596 2377 817 2459 παραχρᾶσθε
830 2373 864 2449 ἐς
878 2367 960 2447 τοάς
972 2364 1108 2452 συμμά-

97 2492 193 2589 χους
216 2474 247 2536 εί
233 2470 297 2537 ίδε
314 2468 410 2539 αὐτοὶ
424 2476 575 2558 ἔμπειροι
589 2476 679 2556 ἔατε,
705 2469 853 2556 κατάπερ
876 2464 989 2556 ημελς,
1005 2474 1107 2551 εἴχετε

95 2564 140 2633 ἀν
151 2571 226 2651 περι
238 2566 344 2637 αὐτοῦ
355 2596 491 2656 γνώμας
498 2576 677 2656 αμειυονας
688 2564 954 2657 συμβαλέσθαι
930 2590 1015 2655 ηπερ
1027 2570 1103 2631 νῦν.

96 2670 311 2749 Κορινθίοισι
326 2665 391 2753 γάρ
404 2659 449 2753 ἦν
463 2666 580 2744 πόλιος
592 2667 791 2743 κατάστασις
803 2664 932 2753 τοιήδε·
950 2691 996 2754 ην
1010 2662 1102 2748 ὀλιγ-
1116 2696 1134 2748 ²

95 2770 210 2852 αρχίη,
228 2768 345 2833 καί
304 2758 398 2835 οὗτοι
414 2766 599 2852 Βακχιάδαι
617 2766 848 2853 καλεόμενοι
829 2790 952 2853 ενεμον
963 2792 1028 2854 την
1040 2762 1106 2833 πό-

95 2868 167 2945 λιν,
196 2864 385 2929 ἐδίδοσαν
372 2862 409 2932 δε
430 2863 528 2933 καί”
505 2887 629 2952 ηροντο
650 2868 684 2945 ἐξ
697 2860 869 2953 ἀλληλων,
890 2862 1046 2983 Ἀμρίονι
1068 2863 1105 2929 δε

60 3036 79 3057 α
92 2959 183 3028 ἐοντα
197 2958 328 3031 τούτου
339 2969 407 3030 τών
418 2962 554 3085 ἀνδρων
564 2968 692 3052 γίνεται
705 2964 863 3085 θυγάτηρ
872 2968 980 3053 χειλη·
1001 2964 1106 3030 οὖνο-

94 3084 140 3143 μα
155 3052 267 3127 δέοί
222 3063 288 3145 ίην
298 3058 426 3149 Λάβδα.
442 3063 568 3154 ταύτην
578 3061 844 3151 Βακχιαδέων
803 3090 869 3151 γαρ
881 3061 991 3141 οὐδεὶς
1000 3059 1104 3148 ηθελε

92 3182 213 3277 ρημαι,
219 3165 302 3244 ι’σχει
312 3156 499 3231 Ἠετίωυὸ’
492 3162 716 3252 Εχεκράτεος,
732 3161 842 3251 δήμου
853 3164 915 3250 μὲν
926 3166 963 3231 ἐκ
974 3163 1103 3247 Πέτρης

93 3250 160 3321 ἐών
166 3250 278 3342 ,ἀτὰρ
289 3255 329 3325 τά
342 3255 512 3329 ἀιέκαθεν
523 3268 681 3349 Λαπνθης
691 3288 727 3330 τε
738 3267 794 3331 καλ
806 3266 994 3348 Καινείδης.
1018 3261 1055 3327 ἐκ
1066 3260 1105 3325 δέ

91 3355 128 3419 οι·
140 3353 263 3442 ταύτης
282 3363 341 3443 τῆς
355 3357 517 3446 γυναικός
534 3358 609 3429 οὐδ’
627 3363 662 3443 ἐξ
683 3358 785 3451 άλλης
804 3364 920 3441 παῖδες
939 3363 1101 3449 ἐγίνοντο
