2500 3925
344 263 429 319 ΗΒ.
460 265 481 320 l.
514 263 611 323 cAP.
646 271 820 328 198-202.
1021 263 1082 332 107

159 418 273 508 Νόμοι
287 421 350 508 μὲν
360 420 402 509 δὴ
413 437 499 492 τοῖσι
508 431 756 514 Βαβυλωνίοισι
767 419 861 496 ούτοι
879 429 1081 516 κατεστέασι,
1099 447 1152 500 τοο

83 523 138 590 scaz
152 523 190 590 δέ
204 519 320 590 αὐτῶν
333 526 469 611 πατριαὶ
484 540 589 615 τρεῖς,
608 532 647 595 αδ
661 523 762 596 οὐδὲν
779 525 860 597 άλλο
876 531 1038 597 σιτέονται
1054 534 1085 597 εί

81 620 118 708 μὴ
131 627 231 709 ἰχθύς
242 629 389 710 μοῦνον,
404 619 484 703 τούς
494 627 615 694 ἐπείτε
630 622 674 693 ἂν
688 626 918 712 θηρεύσαντες
931 625 1083 716 αὐήνωσι

80 719 157 806 πρὸς
165 717 285 808 ἥλιον,
299 727 434 790 ποιεῦσι
442 721 540 789 τάδε·
566 724 768 811 ἐσβάλλουσι
779 727 811 803 ές
822 721 929 811 ὅλμον
938 727 1083 814 καίλεή-

79 848 192 900 ναντες
201 819 359 908 ὑπέροισι
369 826 453 889 σῶσι
467 818 524 888 διά
539 825 713 904 σινδόνος·
741 827 797 892 καὶ
811 821 848 904 ὃς
861 825 924 912 μὲν
938 819 982 892 άν
997 826 1082 912 βού-

77 934 169 1010 ληται
191 919 324 1010 αὐτῶν,
351 921 409 991 άτε
432 922 540 1007 μάζαν
558 925 747 1012 μαξάμενος
768 930 850 1012 ἔχει,
878 922 897 994 ὁ
919 927 957 994 δέ
976 924 1081 1010 ἄρτου

76 1021 201 1104 τρόπον
216 1018 372 1110 ὀπτήσας.

148 1120 210 1199 Ὡς
220 1123 258 1188 δὲ
268 1126 315 1210 τῷ
326 1118 430 1210 Κύρφ
440 1123 496 1186 καὶ
505 1125 606 1187 τούτο
616 1117 654 1186 τό
666 1125 767 1200 έθνος
776 1125 989 1209 κατέργαστο,
1002 1124 1080 1190 έπε-
1096 1143 1146 1198 τοι

75 1220 206 1307 θύμησε
212 1220 436 1303 Μασσαγέτας
448 1214 509 1284 ὑπ’
521 1221 635 1307 ἑωυτῷ
647 1218 863 1305 ποιήσασθαι.
880 1218 918 1289 τό
930 1220 967 1290 δέ
978 1226 1080 1302 έθνος

75 1329 170 1390 τοῦτο
192 1322 250 1388 καὶ
273 1321 358 1405 μέγα
377 1322 507 1405 λέγεται
529 1315 615 1387 εἶναι
635 1322 692 1388 καὶ
712 1317 871 1410 ἄλκιμον,
900 1325 1079 1409 οἰκημένον

11 1490 12 1507 ρ
75 1421 108 1488 δὲ
122 1415 210 1508 πρός
231 1413 281 1504 ἠῶ
296 1441 333 1484 τε
348 1418 405 1485 καὶ
417 1413 518 1502 ἡλίου
532 1413 715 1504 ἀνατολάς,
740 1422 847 1508 πέρην
862 1425 924 1488 τού
935 1417 1078 1507 Ἀράξεω

74 1525 243 1607 ποταμοῦ,
262 1514 380 1586 ιἰντίον
393 1517 431 1584 δὲ
442 1513 642 1603 Ἰσσηδόνων
657 1514 802 1607 ἀνδρῶν.
830 1523 892 1590 scol
905 1521 942 1590 δέ
958 1523 1078 1598 οἵτινες

73 1623 124 1687 καὶ
135 1615 320 1688 Σκυθικόν
332 1621 467 1704 λέγουσι
476 1622 576 1684 τοῦτο
589 1613 627 1684 τό
641 1623 742 1698 ἔθνος
758 1617 852 1688 εἶναι.
879 1618 916 1688 ‘0
932 1621 970 1688 δὲ
980 1617 1079 1707 Ἀρά-
1093 1641 1145 1694 202

75 1726 126 1808 ξης
146 1723 354 1807 λέγεταικαὶ
373 1721 480 1803 μέζων
502 1721 559 1785 καὶ
583 1719 735 1788 ἐλάσσων
752 1717 838 1788 εἶναι
860 1725 922 1788 τοῦ
934 1717 1076 1807 Ἴστρου.

73 1819 195 1907 κη’σους
210 1817 243 1886 δ’
260 1819 299 1886 έν
312 1813 403 1907 αύτῷ
414 1821 531 1906 Λέσβῳ
542 1817 695 1902 μεγάθεα
709 1824 939 1906 παραπλησίας
954 1816 1079 1902 συχνάς

72 1939 153 2007 φασι
168 1917 272 2002 εἶναι,
296 1918 333 1984 ἐκ
354 1913 391 1984 δέ
403 1911 523 2003 αύτῇσι
538 1911 763 2003 ἀνθρώπους,
789 1923 824 1986 οἳ
838 1918 1002 1985 σιτέονται
1015 1912 1078 2003 μέν

68 2022 157 2106 ῥίζας
177 2013 216 2084 τδ
239 2016 342 2100 θέρος
362 2011 564 2100 ὀρύσσοντες
586 2022 762 2101 παντοίας,
788 2010 938 2103 καρπούς
960 2014 996 2083 δὲ
1010 2010 1075 2081 ἀπὸ

68 2118 239 2202 δενδρέων
263 2112 505 2200 ἐξευρημένους
532 2131 594 2198 σφι
621 2116 655 2193 ές
679 2112 812 2203 φορβὴν
834 2119 1076 2183 κατατίθεσθαι

68 2213 233 2302 ὡραίους,
261 2213 318 2279 καλ
333 2211 476 2289 τούτους
489 2215 659 2280 σιτέεσθαι
681 2210 744 2300 τὴν
758 2212 966 2302 χειμερινήν·
992 2210 1076 2281 ἄλλα

67 2319 106 2383 δέ
117 2334 181 2399 σφι
197 2314 401 2399 ἐξευρῆσθαι
415 2312 556 2398 δένδρεα
572 2309 724 2399 καρπούς
737 2312 893 2382 τοιούσδε
906 2309 1000 2391 τινάς
1014 2314 1077 2397 φέ-

65 2438 188 2499 ροντα,
205 2409 303 2497 τούς,
327 2411 435 2477 έπείτε
455 2405 499 2477 ἂν
519 2412 553 2489 ές
571 2406 680 2477 τόυτό
698 2416 889 2480 συνέλθωσι
906 2409 989 2479 κατὰ
1004 2418 1076 2488 ίλας

65 2520 203 2597 καὶπῦρ
217 2510 487 2598 ἀνακαύσωνται,
498 2511 614 2602 κύκλφ
623 2514 873 2599 περιιζομένους
885 2511 1076 2599 ἐπιβάλλειν

65 2619 117 2683 ἐπὶ
131 2610 173 2681 τὸ
189 2618 278 2698 πῦρ,
292 2607 585 2698 ὀσφραινομένους
599 2611 636 2679 δέ
647 2614 906 2697 καταγιζομένου
921 2616 981 2679 τοῦ
992 2635 1075 2696 καρ-

63 2720 132 2780 ποῦ
145 2718 212 2780 τοῦ
224 2710 490 2797 ἐπιβαλλομένου
500 2709 734 2794 μεθύσκεσθαι
744 2716 785 2797 τῇ
795 2706 898 2797 ὀδμῇ,
927 2706 1075 2793 κατάπερ

60 2812 225 2901 Έλληνας
237 2818 285 2901 τῷ
299 2820 398 2901 οίνφ,
422 2817 567 2890 πλεῦνος
583 2814 620 2879 δὲ
637 2812 900 2900 ἐπιβαλλομένου
915 2816 975 2877 τού
992 2834 1075 2896 καρο

64 2920 133 2979 ποῦ
156 2917 288 2998 μάλλον
309 2908 561 2996 μεθύσκεσθαι,
588 2915 622 2989 ές
643 2906 663 2978 δ’
683 2913 715 2989 ἐς
736 2908 871 3005 ὄρχησίν
887 2935 923 2978 τε
940 2906 1075 2978 άνίστα-

64 3022 149 3080 σθαι
164 3012 222 3080 καὶ
236 3012 270 3089 ές
279 3006 401 3096 άοιδὴν
411 3008 642 3081 άπικνέεσθαι.
668 3011 799 3080 τούτων
813 3010 875 3098 μὲν
885 3009 969 3095 αὕτη
981 3012 1076 3095 λέγε-

63 3138 118 3179 ται
145 3113 256 3179 δίαιτα
283 3106 378 3177 εἶναι.
421 3106 439 3177 ὁ
464 3111 501 3178 δὲ
523 3108 662 3197 ’Λράξης
687 3106 834 3196 ποταμός
858 3110 925 3195 ῥέει
952 3105 1014 3194 μὲν
1039 3112 1075 3175 έκ

64 3214 273 3295 Ματιηνῶν,
295 3204 382 3276 ὅθεν
404 3234 466 3296 περ
489 3206 507 3275 ὁ
526 3210 678 3296 Γύνδης,
705 3208 766 3279 τὸν
786 3211 819 3287 ές
835 3205 894 3286 τάς
911 3205 1077 3295 διώρυχας

62 3308 123 3387 τὰς
138 3306 302 3398 ἑξήκοντά
318 3333 355 3376 τε
376 3310 431 3376 καὶ
447 3315 637 3395 τριηκοσίας
653 3312 785 3395 διέλαβε
805 3302 823 3375 ὁ
840 3313 970 3393 Κῦρος,
997 3304 1076 3374 στό·

63 3430 147 3487 μασι
162 3408 200 3477 δέ
216 3405 423 3494 ἐξερεύγεται
437 3407 698 3494 τεσσεράκοντα,
723 3412 792 3475 τόν
805 3401 846 3473 τά
864 3402 973 3472 πάντα
987 3400 1075 3490 πλὴν

63 3504 142 3586 ένὸς
157 3508 192 3586 ές
207 3504 283 3575 ἕλεά
294 3532 330 3573 τε
345 3509 400 3574 καὶ
409 3506 552 3594 τενάγεα
566 3510 708 3594 έκδιδοῑ,
727 3509 763 3574 έν
774 3520 858 3573 τολσι
871 3501 1074 3588 ἀνθρώπους
