2500 3925
341 224 427 279 ιιο.
458 224 492 280 11.
525 222 628 282 οΑο.
663 228 838 284 ιιι-ιιι
1033 216 1092 281 197
1167 286 1172 297 ,

89 391 278 481 ἀπικόμενος
308 399 356 487 τῷ
388 402 615 487 Ψαμμητίχῳ,
649 392 693 475 ὥς
724 392 786 463 ούκ
815 392 900 463 ἰθύν
929 392 1096 481 πρότερον

89 502 188 586 χαλκῷ
206 494 338 585 ἄνδρας
350 493 588 583 ὁπλισθέντας,
608 489 655 576 ύς
671 493 806 583 χάλκεοι
818 494 940 584 ἄνδρες
955 492 1098 580 ἀπιγμέ-

89 623 134 664 νοι
149 593 215 665 dud
233 597 411 687 θαλάσσης
429 599 647 686 λεηλατέονσι
665 595 704 665 τὰ
722 602 851 666 πεδίον.
880 594 898 665 ὁ
918 596 956 665 θλ
973 594 1096 682 μαθων

87 695 119 765 τό
140 697 345 788 χρηστήριον
372 699 622 789 ἐπιτελεύμενον
649 704 734 787 φίλα
758 724 795 767 τε
821 712 908 766 τοῖσι
923 695 1019 767 Ἴωσι
1045 694 1101 763 καλ

87 801 190 887 Καρσὶ
203 800 365 887 ποιέεται,
384 807 444 869 καί
455 821 559 889 σφεας
572 796 978 888 μεγάλαύπισχνεύμευος
992 802 1104 865 πείθει

86 898 151 986 μετ’
170 902 303 971 ἑωυτοῦ
321 901 496 989 γενέσθαι·
523 899 567 980 ὦς
592 902 631 969 δέ
655 906 782 985 ἔπεισε,
808 898 897 969 ούτω
923 898 993 988 ἅμα
1017 912 1104 965 τοῖσι

91 1007 321 1090 βουλομένοισι
335 1009 549 1089 Αἰγυπτίοισι
571 1006 627 1070 καί
647 1014 734 1069 τοῖσι
756 1000 966 1087 ἐπικούροισι
981 1025 1097 1066 καται-

91 1105 151 1187 ρέει
172 1098 254 1181 τούς
275 1102 442 1189 βασιλέας.
486 1101 665 1188 Κρατήσας
689 1101 726 1168 δὲ
742 1100 919 1186 Αἰγύπτου
943 1098 1053 1185 πάσης
1076 1096 1095 1165 ὁ
1116 1108 1165 1163 1¹03

93 1198 303 1288 Ψαμμήτιχος
315 1201 450 1286 έποίησε
468 1205 515 1289 τῷ
524 1196 696 1289 Ἡφαίστῳ
713 1197 907 1282 προπύλαια
921 1200 958 1265 ἐν
973 1200 1095 1284 Μέμφι

90 1295 125 1363 τά
140 1296 225 1383 πρὸς
242 1296 344 1366 νότον
365 1294 492 1385 ἄνεμον
511 1299 737 1384 τετραμμένα,
759 1292 868 1384 αύλήν
889 1321 924 1363 τε
943 1301 989 1385 τῷ
1003 1291 1093 1378 Ἄπι,

89 1401 122 1465 έν
141 1406 181 1488 τῇ
201 1402 358 1484 τρέφεται
375 1392 478 1465 έπεάν
493 1402 585 1484 φανῇ
605 1392 624 1461 ὁ
642 1388 753 1480 Ἆπις,
777 1394 976 1481 οίκοθύμησε
994 1396 1095 1461 έναν-

90 1503 155 1565 τίον
171 1505 240 1565 τῶν
253 1501 492 1581 προπυλαίων,
507 1494 621 1563 πᾶσάν
636 1521 673 1563 τε
687 1494 889 1582 περίστυλον
904 1498 1028 1563 έοῦσαν
1039 1494 1094 1560 καλ

88 1595 199 1662 τύπων
219 1596 343 1682 πλέην·
364 1591 439 1662 άντλ
461 1592 497 1661 δέ
511 1592 640 1661 κιόνων
657 1589 818 1661 ὑπεστᾶσι
831 1596 986 1661 κολοσσοὶ
1004 1596 1095 1659 δυω-

89 1694 283 1783 δεκαπήχεες
307 1701 348 1783 τῇ
373 1689 469 1781 αύλή.
494 1690 527 1761 -ὁ
553 1692 590 1761 δὲ
613 1685 708 1771 Ἀπις
733 1690 816 1760 κατά
843 1690 905 1780 τήν
923 1690 1094 1780 Ἐλλήνων

88 1795 238 1881 γλισσάυ
256 1796 325 1863 ἐστι
336 1793 497 1882 Ἔπαφος.
545 1801 640 1861 Τοῖσι
657 1795 693 1861 δὲ
704 1790 796 1860 Ἴωσι
813 1796 868 1860 καλ
883 1806 968 1859 τοῖσι
987 1793 1095 1876 Καρσὶ
1114 1811 1162 1864 154

90 1908 169 1964 τοῖσι
191 1894 578 1982 συγκατεργασαμένοισι
594 1891 686 1985 αύτῷ
708 1889 726 1960 ὁ
743 1890 958 1979 Ψαμμήτιχος
978 1896 1094 1960 δίδωσι

90 1993 211 2080 χύρους
225 1994 397 2080 ἐνοικῆσαι
411 1991 548 2072 ἀντίους
562 1989 734 2079 άλλήλων,
757 1997 818 2058 τοῦ
833 1999 961 2060 Νείλου
976 1988 1013 2059 τὸ
1035 1994 1094 2078 με’-

92 2113 148 2161 σον
168 2099 319 2180 ἔχοντος,
341 2106 428 2161 τοῖσι
443 2089 616 2178 οὐνόματα
638 2093 736 2178 έτέθη
751 2091 978 2176 Στρατόπεδα.
1013 2089 1086 2158 τού-

91 2217 161 2270 τους
174 2217 209 2258 τε
224 2189 268 2277 δή
283 2209 345 2275 σφι
362 2187 441 2270 τούς
460 2191 592 2279 χώρους
607 2191 740 2275 δίδωσι,
763 2191 819 2256 καὶ
833 2183 938 2256 τᾶλλα
954 2185 994 2255 τά
1010 2185 1093 2256 ὑπέ-

93 2309 177 2373 σχετο
204 2288 315 2356 πάντα
345 2285 507 2357 άπέθωκε.
551 2291 607 2356 καί
633 2285 673 2374 θή
703 2291 758 2356 καὶ
781 2291 902 2364 παῖδας
927 2288 1093 2373 παρέβαλε

92 2381 211 2454 αύτοῖσι
232 2391 440 2472 Αἰγυπτίους
463 2383 525 2472 τήν
547 2384 690 2454 Ἐλλάδα
715 2391 872 2472 γλῶσσαν
900 2385 1094 2452 ἐκδιδάσκε-

92 2492 182 2570 σθαι,
203 2480 270 2551 άπὸ
287 2485 325 2552 δὲ
347 2484 478 2552 τούτων
492 2484 715 2570 ἐκμαθόντων
730 2481 792 2569 τήν
807 2488 963 2570 γλῶσσαν
978 2487 1012 2550 οί
1027 2489 1093 2548 νῦν

93 2580 238 2667 ἑρμηνέες
254 2583 292 2650 έν
305 2582 467 2674 Αἰγύπτῳ
488 2582 657 2668 γεγόνασι.
692 2586 727 2650 οί
742 2585 778 2650 δὲ
793 2579 906 2662 Ἴωνές
927 2607 963 2650 τε
985 2583 1040 2648 καλ
1061 2585 1094 2648 οί

98 2685 191 2765 Κᾶρες
205 2680 347 2760 τούτους
358 2680 438 2761 τούς
448 2681 580 2768 χοίρους
592 2690 734 2767 οἴκησαν
744 2680 869 2767 χρόνον
883 2684 935 2748 ἐπὶ
947 2679 1090 2748 πολλύν·

95 2779 147 2844 εἰσί
162 2778 196 2846 σε
219 2770 313 2847 οὗτοι
343 2783 377 2848 οί
400 2785 505 2867 χῶροι
529 2777 615 2867 πρὸς
638 2778 813 2866 θαλάσσης
833 2777 947 2864 ὀλίγον
971 2783 1091 2864 ἔνερθε

99 2875 286 2962 Βουβάστιος
299 2875 417 2957 πόλιος
432 2880 485 2946 έπλ
498 2885 545 2969 τῷ
555 2883 736 2968 Πηλουσίῳ
747 2883 941 2968 καλεομένῳ
952 2877 1090 2962 στόματι

98 2977 146 3038 τοῦ
156 2979 291 3043 Νείλου.
326 2974 468 3054 τούτους
484 2979 547 3062 μὲν
569 2975 609 3062 δή
633 2977 745 3067 χρόνῳ
768 2974 912 3064 ὕστερον
933 2971 1090 3060 βασιλεύς

91 3065 207 3154 ’ίμασις
219 3073 443 3160 ἐξαναστήσας
454 3076 615 3141 ἐνθεῦτεν
626 3080 794 3142 κατοίκισε
809 3076 842 3152 ές
854 3074 1006 3158 Μέμφιν,
1020 3096 1088 3156 φυ-

96 3167 186 3257 λακήν
203 3176 331 3240 ἑωυτοῦ
352 3171 553 3259 ποιεύμενος
573 3171 658 3262 πρὸς
673 3179 877 3260 Αἰγυπτίων.
907 3170 1037 3239 τούτων
1051 3171 1087 3238 &z

96 3272 299 3340 οἰκισθέντων
316 3277 354 3340 έν
367 3273 530 3365 Αίγύπτφ
545 3278 580 3342 οί
589 3271 748 3359 Ἕλληνες
765 3269 854 3339 ούτω
871 3271 1087 3358 ἐπιμισγόμε-

97 3389 138 3432 νοι
151 3368 296 3436 τούτοισι
321 3366 362 3437 τά
386 3371 463 3456 περὶ
475 3380 652 3456 Αίγνπτον
675 3367 837 3457 γινόμενα
861 3364 926 3434 άπὸ
945 3377 1087 3453 Ψαμμη-

97 3468 172 3547 τίχου
184 3470 337 3555 βασιλέος
352 3465 534 3554 ἀρξάμενοι
550 3469 660 3556 πάντα
673 3463 778 3534 καὶτὰ
793 3463 936 3551 ὕστερον
952 3463 1084 3530 ἐπιστά-
