2500 3925
171 210 234 272 338
571 214 821 272 ΗΕΒΟΒΟΤΙ

170 377 380 460 μεσαμβρίην
416 372 474 438 καὶ
508 367 570 456 τῆν
599 367 685 458 πρός
714 367 783 457 ῆά,
818 369 964 456 κατάπερ
997 375 1056 456 τῆς
1071 366 1163 437 Ἀττι-

112 471 118 482 ’
171 478 231 559 κῆς
244 470 367 557 χώρης·
391 472 445 537 καὶ
456 469 670 556 παραπλήσια
679 474 785 557 ταύτῃ
795 472 850 537 καὶ
865 475 899 536 οί
913 478 1038 553 Ταῦροι
1053 473 1163 555 νέμου-

169 597 223 637 ται
245 576 302 655 τῆς
317 574 509 654 Σκυθικῆς,
538 566 582 647 ὡς
604 574 636 635 εί
653 575 711 653 τῆς
729 563 875 653 Ἀττικῆς
895 565 977 637 άλλο
1000 574 1100 647 ἔθνος
1117 572 1164 635 καί

169 668 214 757 μῆ
228 668 400 756 Ἀθηναῖοι
415 675 570 755 νεμοίατο
585 666 646 736 τὸν
660 664 788 753 γουνὸν
798 665 858 735 τόν
868 666 1074 754 Σουνιακόν,
1088 675 1165 753 μάλ-

122 768 128 777 ’
168 779 230 838 λον
245 770 278 847 ἐς
294 766 355 835 τόν
371 768 502 836 πόντου
513 764 576 854 τῆν
589 765 698 855 άκρην
713 765 891 855 ἀνέχοντα,
913 766 974 835 τόν
990 765 1054 835 άπό
1072 776 1165 850 Θορι-

168 877 231 937 κοῦ
245 869 339 956 μέχρι
351 866 583 953 Ἀναφλύστου
603 869 722 954 δῆμον.
746 867 833 953 λέγω
854 869 890 933 δὲ
907 865 952 945 ὡς
968 866 1053 935 εἶναι
1071 871 1166 932 ταῦτα

168 967 291 1057 σμικρά
307 968 480 1055 μεγάλοισι
499 971 694 1053 συμβαλεῖν.
739 975 872 1036 τοιοῦτο
887 965 907 1056 ῆ
927 966 1080 1055 Ταυρική
1094 970 1163 1035 ἐστι.

167 1070 205 1147 ὃς
222 1069 258 1136 δέ
275 1075 332 1153 τῆς
344 1064 490 1153 Ἀττικῆς
503 1074 608 1134 ταῦτα
623 1065 667 1153 μῆ
684 1072 947 1154 παραπέπλωκε,
969 1064 1035 1153 έγῶ
1056 1069 1093 1134 δὲ
1112 1065 1167 1134 άλ-

168 1178 233 1246 λως
249 1164 405 1251 δηλώσω·
435 1162 479 1243 ὡς
507 1171 537 1233 εί
560 1172 618 1251 τῆς
637 1162 803 1253 Ἰηπυγίης
824 1164 906 1235 ἄλλο
932 1173 1035 1245 έθυος
1054 1169 1109 1238 καί
1128 1162 1166 1252 μῆ

164 1262 312 1353 Ἰήπυγες
329 1262 509 1351 ἀρξάμενοι
531 1266 566 1332 ἐκ
583 1272 785 1350 Βρεντεσίου
799 1267 933 1351 λιμένος
950 1262 1168 1350 ἀποταμοίατο

167 1364 450 1451 μέχρι-Τάραντος
466 1366 521 1432 καὶ
536 1370 691 1449 νεμοίατο
707 1362 770 1448 τῆν
786 1362 903 1450 ἄκρην.
934 1366 996 1432 δύο
1013 1365 1050 1433 δὲ
1066 1369 1169 1451 λέγων

167 1470 270 1530 ταῦτα
285 1460 390 1531 πολλά
407 1466 494 1548 λέγω
509 1463 694 1549 παρόμοια,
717 1476 802 1528 τοῖσι
817 1460 948 1529 ἄλλοισι
963 1460 1069 1549 οἷκεῆ
1085 1471 1168 1530 Ταυ-

103 1581 150 1632 Ιοο
165 1562 251 1650 ρικῆ.
300 1560 345 1629 Τὸ
368 1560 400 1630 δ’
424 1560 490 1631 άπδ
512 1570 570 1650 τῆς
594 1569 762 1648 Ταυρικῆς
786 1559 851 1647 ῆδη
871 1560 1011 1629 Σκύθαι
1033 1559 1071 1629 τό
1094 1588 1168 1630 κατ-

167 1661 297 1746 ύπερθε
316 1669 386 1729 των
404 1663 548 1748 Ταύρων
568 1665 623 1730 καί
642 1659 684 1728 τά
705 1657 789 1742 πρός
808 1660 984 1746 θαλάσσης
1003 1668 1063 1747 τῆς
1081 1659 1170 1748 ῆοίης
1221 1625 1224 1758 λ

166 1764 324 1847 νέμονται
336 1771 411 1851 (τοῦ
421 1792 457 1832 τε
469 1764 648 1850 Βοσπόρου
658 1769 720 1829 τοῦ
730 1768 919 1847 Κιμμερίου
930 1760 969 1827 τά
980 1758 1066 1844 πρδς
1078 1765 1170 1829 έσπέ-
1222 1767 1224 1808 ¹

166 1886 225 1945 ρης
241 1863 296 1928 καί
311 1868 369 1947 τῆς
383 1869 501 1949 λίμνης
518 1870 575 1948 τῆς
590 1862 793 1947 Μαιήτιδος)
815 1864 910 1945 μέχρι
930 1860 1098 1941 Τανάιδος
1111 1887 1171 1928 πο-
1221 1825 1224 1965 λ

168 1970 291 2047 ταμοῦ,
314 1958 350 2040 δς
366 1966 493 2032 ἐκδιδοῖ
505 1966 538 2042 ἐς
552 1959 661 2049 μυχὸν
677 1969 735 2048 τῆς
749 1968 867 2047 λίμνης
882 1960 1014 2047 ταύτης.
1042 1960 1109 2048 ῆδη
1126 1954 1171 2030 όν
1222 1970 1224 2065 ᾗ

166 2056 230 2124 άπό
243 2057 446 2144 μὲνἺστρυυ
457 2058 497 2128 τά
509 2062 702 2142 κατύπερθε
713 2061 746 2138 ές
757 2057 819 2144 τῆν
830 2058 1015 2144 μεσόγαιαν
1026 2063 1170 2147 φέροντα
1222 2067 1224 2113 λ

166 2154 378 2240 ἀποκληίεται
392 2156 412 2244 ῆ
425 2157 583 2248 Σκυθικῆ
596 2159 663 2227 ὑπὸ
676 2161 819 2247 πρώτων
830 2158 1069 2248 Ἀγαθύρσων,
1091 2162 1170 2249 μετά

166 2256 202 2321 δὲ
222 2261 386 2340 Νευρῶν,
415 2262 543 2326 ἔπειτεν
569 2263 605 2326 δὲ
623 2257 882 2346 Ἀνδροφάγων,
909 2268 1112 2330 τελευταίων
1137 2263 1170 2328 δὲ
1222 2220 1224 2329 ί

101 2371 146 2421 101
163 2361 438 2438 Μελαγχλαίνων.
474 2357 565 2427 Ἔστι
582 2352 632 2426 εἶν
647 2368 705 2446 τῆς
720 2367 898 2445 Σκυθικῆς
913 2357 958 2439 ὦς
978 2359 1100 2447 ἐούσης
1120 2387 1169 2426 τε-

164 2453 357 2539 τραγώνου,
380 2463 449 2524 τῶν
474 2459 537 2524 δύο
555 2463 684 2545 μερέων
700 2459 917 2545 κατηκόντων
933 2461 967 2536 ές
981 2457 1170 2543 θάλασσαν,
1222 2418 1224 2519 ί

164 2553 273 2641 πάντη
288 2564 362 2622 ἴσον
375 2555 415 2624 τό
434 2584 470 2625 τε
491 2562 524 2637 ές
544 2557 606 2644 τῆν
619 2559 805 2645 μεσόγαιαν
819 2563 926 2644 φέρον
947 2559 1003 2625 καὶ
1026 2556 1065 2623 τὸ
1083 2555 1171 2640 παρὰ

163 2651 225 2738 τῆν
239 2655 426 2726 θάλασσαν.
457 2655 522 2726 άπὸ
542 2659 608 2747 γάρ
621 2659 756 2743 Ἴστρου
773 2663 826 2728 ἐπὶ
845 2662 1069 2743 Βορυσθένεα
1094 2665 1172 2728 δέκα

162 2751 314 2841 ῆμερέων
329 2753 423 2842 ὁδός,
445 2757 511 2826 άπό
526 2760 762 2847 Βορυσθένεός
775 2757 807 2827 τ’
827 2763 881 2827 ἐπὶ
894 2760 957 2844 τῆν
971 2765 1098 2846 λίμνην
1113 2757 1173 2843 τῆν

164 2865 314 2944 Μαιῆτιν
327 2857 465 2945 ἑτερέων
478 2863 576 2926 δέκα·
606 2862 662 2928 καὶ
682 2857 720 2927 τό
741 2857 807 2928 άπδ
828 2859 1006 2944 θαλάσσης
1022 2861 1057 2936 ές
1070 2858 1172 2944 μεσό-

161 2983 262 3042 γαιαν
276 2959 309 3034 ές
323 2955 402 3034 τούς
417 2965 691 3044 Μελαγχλαίνους
702 2958 781 3039 τούς
795 2959 990 3045 κατύπερθε
1000 2964 1174 3027 Σκυθέων

161 3059 359 3141 οἰκημένους
377 3066 481 3124 είκοσι
497 3057 649 3145 ἡμερέων
664 3057 752 3138 ὁδός.
779 3057 853 3145 ῆδὲ
868 3055 948 3137 ὁδός
966 3055 988 3144 ῆ
1006 3055 1173 3144 ῆμερησίη

161 3147 226 3217 άνδι
242 3153 395 3238 διηκόσια
410 3156 528 3222 στάδια
546 3160 775 3245 συμβέβληταί
787 3183 853 3243 μοι.
877 3154 968 3248 υύτω
984 3151 1030 3223 άν
1049 3165 1102 3242 είη
1117 3162 1174 3240 τῆς
1222 3144 1224 3221 l

161 3257 337 3336 Σκυθικῆς
351 3251 391 3319 τά
410 3255 587 3341 ἐπικάρσια
602 3266 873 3345 τετρακισχιλίων
890 3262 1038 3342 σταδίων
1058 3261 1119 3325 καὶ
1135 3254 1172 3324 τά
1222 3306 1224 3313 -

162 3344 264 3425 όρθια
283 3347 323 3416 τά
345 3353 378 3430 ές
397 3351 460 3440 τῆν
476 3355 662 3443 μεσόγαιαν
686 3363 834 3445 φέροντα
852 3362 976 3442 ἑτέρων
997 3357 1172 3424 τοσούτων
1222 3368 1224 3407 ἶ

161 3447 314 3515 σταδίων.
337 3447 357 3534 ῆ
373 3455 436 3536 μέν
450 3480 516 3520 νυν
531 3463 574 3541 γῆ
591 3455 676 3542 αὕτη
692 3460 759 3526 ἐστὶ
773 3463 923 3545 μέγαθος
937 3455 1099 3540 τοσαύτη.
