<?xml version="1.0" encoding="UTF-8"?>
<!DOCTYPE html PUBLIC "-//W3C//DTD XHTML 1.0 Transitional//EN"
    "http://www.w3.org/TR/xhtml1/DTD/xhtml1-transitional.dtd">
<html xmlns="http://www.w3.org/1999/xhtml" xml:lang="en" lang="en">
 <head>
  <title>
</title>
<meta http-equiv="Content-Type" content="text/html;charset=utf-8" />
  <meta name='ocr-system' content='tesseract 3.04.00' />
  <meta name='ocr-capabilities' content='ocr_page ocr_carea ocr_par ocr_line ocrx_word'/>
</head>
<body>
  <div class='ocr_page' id='page_1' title='image "./herodotihistori00dietgoog_0637.png"; bbox 0 0 2500 3925; ppageno 0'>
   <div class='ocr_carea' id='block_1_1' title="bbox 309 208 1077 275">
    <p class='ocr_par' dir='ltr' id='par_1_1' title="bbox 309 208 1077 275">
     <span class='ocr_line' id='line_1_1' title="bbox 309 208 1077 275; baseline 0.007 -6"><span class='ocrx_word' id='word_1_1' title='bbox 309 213 397 271; x_wconf 71' lang='grc' dir='ltr'><strong><em>ΗΒ.</em></strong></span> <span class='ocrx_word' id='word_1_2' title='bbox 433 213 490 269; x_wconf 81' lang='lat' dir='ltr'><strong><em>VH.</em></strong></span> <span class='ocrx_word' id='word_1_3' title='bbox 524 209 624 269; x_wconf 71' lang='lat' dir='ltr'><strong>GAP.</strong></span> <span class='ocrx_word' id='word_1_4' title='bbox 659 217 838 274; x_wconf 71' lang='lat'><strong><em>218—222.</em></strong></span> <span class='ocrx_word' id='word_1_5' title='bbox 1016 208 1077 275; x_wconf 73' lang='lat'><strong><em>217</em></strong></span> 
     </span>
    </p>
   </div>
   <div class='ocr_carea' id='block_1_2' title="bbox 66 368 1143 3529">
    <p class='ocr_par' dir='ltr' id='par_1_2' title="bbox 66 368 1143 3529">
     <span class='ocr_line' id='line_1_2' title="bbox 72 368 1078 462; baseline 0.001 -20"><span class='ocrx_word' id='word_1_6' title='bbox 72 379 167 460; x_wconf 67' lang='grc' dir='ltr'><strong><em>ἐχειν.</em></strong></span> <span class='ocrx_word' id='word_1_7' title='bbox 180 379 317 460; x_wconf 86' lang='grc' dir='ltr'><strong><em>μένοντι</em></strong></span> <span class='ocrx_word' id='word_1_8' title='bbox 328 371 365 441; x_wconf 76' lang='grc' dir='ltr'><strong><em>δὲ</em></strong></span> <span class='ocrx_word' id='word_1_9' title='bbox 376 368 481 439; x_wconf 70' lang='grc' dir='ltr'><strong><em>αὐτοῦ</em></strong></span> <span class='ocrx_word' id='word_1_10' title='bbox 493 374 587 450; x_wconf 82' lang='grc' dir='ltr'><strong><em>πλέος</em></strong></span> <span class='ocrx_word' id='word_1_11' title='bbox 597 373 683 457; x_wconf 87' lang='grc' dir='ltr'><strong><em>μέγα</em></strong></span> <span class='ocrx_word' id='word_1_12' title='bbox 694 373 851 460; x_wconf 80' lang='grc' dir='ltr'><strong><em>ἐλείπετο,</em></strong></span> <span class='ocrx_word' id='word_1_13' title='bbox 863 375 918 442; x_wconf 81' lang='grc' dir='ltr'><strong><em>καί</em></strong></span> <span class='ocrx_word' id='word_1_14' title='bbox 928 371 1078 462; x_wconf 84' lang='grc' dir='ltr'><strong><em>ἡΣπάρ-</em></strong></span> 
     </span>
     <span class='ocr_line' id='line_1_3' title="bbox 71 468 1078 560; baseline 0.004 -23"><span class='ocrx_word' id='word_1_15' title='bbox 71 497 129 556; x_wconf 86' lang='grc' dir='ltr'><strong><em>της</em></strong></span> <span class='ocrx_word' id='word_1_16' title='bbox 149 469 342 557; x_wconf 78' lang='grc' dir='ltr'><strong><em>εὐδαιμονίη</em></strong></span> <span class='ocrx_word' id='word_1_17' title='bbox 358 468 421 537; x_wconf 79' lang='grc' dir='ltr'><strong><em>οὐκ</em></strong></span> <span class='ocrx_word' id='word_1_18' title='bbox 436 472 635 557; x_wconf 75' lang='grc' dir='ltr'><strong><em>ἐξηλείφετο.</em></strong></span> <span class='ocrx_word' id='word_1_19' title='bbox 663 472 840 557; x_wconf 74' lang='grc' dir='ltr'><strong><em>ἐκέχρηστο</em></strong></span> <span class='ocrx_word' id='word_1_20' title='bbox 854 469 918 556; x_wconf 80' lang='grc' dir='ltr'><strong><em>γὰρ</em></strong></span> <span class='ocrx_word' id='word_1_21' title='bbox 936 469 1002 541; x_wconf 89' lang='grc' dir='ltr'><strong><em>ὑπό</em></strong></span> <span class='ocrx_word' id='word_1_22' title='bbox 1020 480 1078 560; x_wconf 81' lang='grc' dir='ltr'><strong><em>τῆς</em></strong></span> 
     </span>
     <span class='ocr_line' id='line_1_4' title="bbox 70 567 1077 659; baseline -0.001 -22"><span class='ocrx_word' id='word_1_23' title='bbox 70 576 205 659; x_wconf 80' lang='grc' dir='ltr'><strong><em>Πυθίης</em></strong></span> <span class='ocrx_word' id='word_1_24' title='bbox 215 584 301 639; x_wconf 81' lang='grc' dir='ltr'><strong><em>τοῖσι</em></strong></span> <span class='ocrx_word' id='word_1_25' title='bbox 310 567 541 657; x_wconf 75' lang='grc' dir='ltr'><strong><em>Σπαρτιήτῃσι</em></strong></span> <span class='ocrx_word' id='word_1_26' title='bbox 551 569 762 654; x_wconf 85' lang='grc' dir='ltr'><strong><em>χρεομένοισι</em></strong></span> <span class='ocrx_word' id='word_1_27' title='bbox 772 571 848 656; x_wconf 78' lang='grc' dir='ltr'><strong><em>περὶ</em></strong></span> <span class='ocrx_word' id='word_1_28' title='bbox 859 576 920 637; x_wconf 81' lang='grc' dir='ltr'><strong><em>τοῦ</em></strong></span> <span class='ocrx_word' id='word_1_29' title='bbox 929 570 1077 655; x_wconf 83' lang='grc' dir='ltr'><strong><em>πολέμου</em></strong></span> 
     </span>
     <span class='ocr_line' id='line_1_5' title="bbox 69 661 1076 754; baseline -0.002 -19"><span class='ocrx_word' id='word_1_30' title='bbox 69 668 193 737; x_wconf 79' lang='grc' dir='ltr'><strong><em>τούτου</em></strong></span> <span class='ocrx_word' id='word_1_31' title='bbox 208 664 327 737; x_wconf 79' lang='grc' dir='ltr'><strong><em>αὐτίκα</em></strong></span> <span class='ocrx_word' id='word_1_32' title='bbox 344 665 418 736; x_wconf 86' lang='grc' dir='ltr'><strong><em>κατ’</em></strong></span> <span class='ocrx_word' id='word_1_33' title='bbox 436 663 539 753; x_wconf 85' lang='grc' dir='ltr'><strong><em>άρχάς</em></strong></span> <span class='ocrx_word' id='word_1_34' title='bbox 554 667 786 753; x_wconf 83' lang='grc' dir='ltr'><strong><em>ἐγειρομένου,</em></strong></span> <span class='ocrx_word' id='word_1_35' title='bbox 806 661 829 754; x_wconf 75' lang='grc' dir='ltr'><strong><em>ἦ</em></strong></span> <span class='ocrx_word' id='word_1_36' title='bbox 842 672 1076 753; x_wconf 88' lang='grc' dir='ltr'><strong><em>Λακεδαίμονα</em></strong></span> 
     </span>
     <span class='ocr_line' id='line_1_6' title="bbox 69 763 1077 857; baseline 0.002 -22"><span class='ocrx_word' id='word_1_37' title='bbox 69 763 259 837; x_wconf 76' lang='grc' dir='ltr'><strong><em>ἀνάστατον</em></strong></span> <span class='ocrx_word' id='word_1_38' title='bbox 276 765 467 855; x_wconf 72' lang='grc' dir='ltr'><strong><em>γενέσθαι’</em></strong></span> <span class='ocrx_word' id='word_1_39' title='bbox 450 766 516 835; x_wconf 86' lang='grc' dir='ltr'><strong><em>υπό</em></strong></span> <span class='ocrx_word' id='word_1_40' title='bbox 533 764 852 855; x_wconf 78' lang='grc' dir='ltr'><strong><em>τῶνβαρβάρων,</em></strong></span> <span class='ocrx_word' id='word_1_41' title='bbox 830 794 851 855; x_wconf 93' lang='grc' dir='ltr'><strong><em>η</em></strong></span> <span class='ocrx_word' id='word_1_42' title='bbox 866 766 926 836; x_wconf 85' lang='grc' dir='ltr'><strong><em>τὸν</em></strong></span> <span class='ocrx_word' id='word_1_43' title='bbox 940 773 1077 857; x_wconf 79' lang='grc' dir='ltr'><em>βασιλέα</em></span> 
     </span>
     <span class='ocr_line' id='line_1_7' title="bbox 70 865 1076 997; baseline 0 -62"><span class='ocrx_word' id='word_1_44' title='bbox 70 872 186 952; x_wconf 87' lang='grc' dir='ltr'><strong><em>σφέων</em></strong></span> <span class='ocrx_word' id='word_1_45' title='bbox 198 865 393 937; x_wconf 81' lang='grc' dir='ltr'><strong><em>ἀπολέσθαι.</em></strong></span> <span class='ocrx_word' id='word_1_46' title='bbox 410 874 514 935; x_wconf 86' lang='grc' dir='ltr'><strong><em>ταῦτα</em></strong></span> <span class='ocrx_word' id='word_1_47' title='bbox 525 870 564 935; x_wconf 89' lang='grc' dir='ltr'><strong><em>δέ</em></strong></span> <span class='ocrx_word' id='word_1_48' title='bbox 571 885 633 952; x_wconf 90' lang='grc' dir='ltr'><strong><em>σφι</em></strong></span> <span class='ocrx_word' id='word_1_49' title='bbox 645 869 682 933; x_wconf 83' lang='grc' dir='ltr'><strong><em>ἐν</em></strong></span> <span class='ocrx_word' id='word_1_50' title='bbox 693 870 784 935; x_wconf 82' lang='grc' dir='ltr'><strong><em>ἔπεσι</em></strong></span> <span class='ocrx_word' id='word_1_51' title='bbox 800 868 1003 997; x_wconf 74' lang='grc' dir='ltr'><strong><em>ἑξαμέτροισι</em></strong></span> <span class='ocrx_word' id='word_1_52' title='bbox 1013 874 1076 957; x_wconf 80' lang='grc' dir='ltr'><strong><em>χρᾷ</em></strong></span> 
     </span>
     <span class='ocr_line' id='line_1_8' title="bbox 71 959 286 1053; baseline 0.005 -19"><span class='ocrx_word' id='word_1_53' title='bbox 71 973 189 1053; x_wconf 77' lang='grc' dir='ltr'><strong><em>ἔχοντα</em></strong></span> <span class='ocrx_word' id='word_1_54' title='bbox 205 959 286 1037; x_wconf 88' lang='grc' dir='ltr'><strong><em>ωδε·</em></strong></span> 
     </span>
     <span class='ocr_line' id='line_1_9' title="bbox 107 1059 895 1155; baseline 0 -20"><span class='ocrx_word' id='word_1_55' title='bbox 107 1064 266 1154; x_wconf 62' lang='grc' dir='ltr'><strong><em>Τμῑνιί,</em></strong></span> <span class='ocrx_word' id='word_1_56' title='bbox 284 1093 309 1135; x_wconf 93' lang='grc' dir='ltr'><strong><em>ω</em></strong></span> <span class='ocrx_word' id='word_1_57' title='bbox 298 1059 484 1155; x_wconf 75' lang='grc' dir='ltr'><strong><em>Σπάρτης</em></strong></span> <span class='ocrx_word' id='word_1_58' title='bbox 498 1066 670 1155; x_wconf 81' lang='grc' dir='ltr'><strong><em>οἰκήτορες</em></strong></span> <span class='ocrx_word' id='word_1_59' title='bbox 686 1064 895 1155; x_wconf 84' lang='grc' dir='ltr'><strong><em>εὐρυχόροιο,</em></strong></span> 
     </span>
     <span class='ocr_line' id='line_1_10' title="bbox 112 1161 971 1257; baseline 0.005 -24"><span class='ocrx_word' id='word_1_60' title='bbox 112 1161 291 1252; x_wconf 75' lang='grc' dir='ltr'><strong><em>Ἦμέγα”</em></strong></span> <span class='ocrx_word' id='word_1_61' title='bbox 269 1187 354 1235; x_wconf 86' lang='grc' dir='ltr'><strong><em>αστν</em></strong></span> <span class='ocrx_word' id='word_1_62' title='bbox 370 1168 521 1255; x_wconf 76' lang='grc' dir='ltr'><strong><em>ἐρικυδὲς</em></strong></span> <span class='ocrx_word' id='word_1_63' title='bbox 536 1161 596 1234; x_wconf 83' lang='grc' dir='ltr'><strong><em>ὑπ’</em></strong></span> <span class='ocrx_word' id='word_1_64' title='bbox 612 1162 757 1252; x_wconf 82' lang='grc' dir='ltr'><strong><em>ἀνδράσι</em></strong></span> <span class='ocrx_word' id='word_1_65' title='bbox 771 1173 971 1257; x_wconf 85' lang='grc' dir='ltr'><strong><em>Περσείδησι</em></strong></span> 
     </span>
     <span class='ocr_line' id='line_1_11' title="bbox 111 1261 1035 1354; baseline 0.003 -20"><span class='ocrx_word' id='word_1_66' title='bbox 111 1270 290 1352; x_wconf 86' lang='grc' dir='ltr'><strong><em>Πέρθεται,</em></strong></span> <span class='ocrx_word' id='word_1_67' title='bbox 308 1261 376 1352; x_wconf 80' lang='grc' dir='ltr'><strong><em>ἢτδ</em></strong></span> <span class='ocrx_word' id='word_1_68' title='bbox 389 1268 451 1352; x_wconf 72' lang='grc' dir='ltr'><strong><em>μὲν</em></strong></span> <span class='ocrx_word' id='word_1_69' title='bbox 462 1261 548 1351; x_wconf 84' lang='grc' dir='ltr'><strong><em>οόκι,</em></strong></span> <span class='ocrx_word' id='word_1_70' title='bbox 560 1261 620 1350; x_wconf 75' lang='grc' dir='ltr'><strong><em>ἀφ’</em></strong></span> <span class='ocrx_word' id='word_1_71' title='bbox 633 1262 814 1350; x_wconf 78' lang='grc' dir='ltr'><strong><em>Ἡρακλέος</em></strong></span> <span class='ocrx_word' id='word_1_72' title='bbox 825 1268 861 1335; x_wconf 74' lang='grc' dir='ltr'><strong><em>δὲ</em></strong></span> <span class='ocrx_word' id='word_1_73' title='bbox 873 1270 1035 1354; x_wconf 77' lang='grc' dir='ltr'><strong><em>γενέθλης</em></strong></span> 
     </span>
     <span class='ocr_line' id='line_1_12' title="bbox 111 1358 993 1453; baseline 0.002 -20"><span class='ocrx_word' id='word_1_74' title='bbox 111 1364 284 1453; x_wconf 78' lang='grc' dir='ltr'><strong><em>Πενθήσει</em></strong></span> <span class='ocrx_word' id='word_1_75' title='bbox 298 1371 419 1450; x_wconf 77' lang='grc' dir='ltr'><strong><em>βασιλῆ</em></strong></span> <span class='ocrx_word' id='word_1_76' title='bbox 434 1370 607 1453; x_wconf 80' lang='grc' dir='ltr'><strong><em>φθίμενον</em></strong></span> <span class='ocrx_word' id='word_1_77' title='bbox 617 1367 868 1449; x_wconf 89' lang='grc' dir='ltr'><strong><em>Λακεδαίμονος</em></strong></span> <span class='ocrx_word' id='word_1_78' title='bbox 882 1358 993 1449; x_wconf 83' lang='grc' dir='ltr'><strong><em>οὖρος.</em></strong></span> 
     </span>
     <span class='ocr_line' id='line_1_13' title="bbox 114 1459 975 1550; baseline 0.001 -19"><span class='ocrx_word' id='word_1_79' title='bbox 114 1461 166 1533; x_wconf 82' lang='grc' dir='ltr'><strong><em>Οὐ</em></strong></span> <span class='ocrx_word' id='word_1_80' title='bbox 179 1461 246 1550; x_wconf 84' lang='grc' dir='ltr'><strong><em>γάρ</em></strong></span> <span class='ocrx_word' id='word_1_81' title='bbox 263 1460 323 1529; x_wconf 82' lang='grc' dir='ltr'><strong><em>τόν</em></strong></span> <span class='ocrx_word' id='word_1_82' title='bbox 338 1461 473 1549; x_wconf 85' lang='grc' dir='ltr'><strong><em>ταόρων</em></strong></span> <span class='ocrx_word' id='word_1_83' title='bbox 488 1461 601 1548; x_wconf 79' lang='grc' dir='ltr'><strong><em>σχήσει</em></strong></span> <span class='ocrx_word' id='word_1_84' title='bbox 615 1465 716 1547; x_wconf 83' lang='grc' dir='ltr'><strong><em>μένος</em></strong></span> <span class='ocrx_word' id='word_1_85' title='bbox 733 1459 813 1531; x_wconf 76' lang='grc' dir='ltr'><strong><em>οὐδὲ</em></strong></span> <span class='ocrx_word' id='word_1_86' title='bbox 826 1463 975 1533; x_wconf 91' lang='grc' dir='ltr'><strong><em>λεόντων</em></strong></span> 
     </span>
     <span class='ocr_line' id='line_1_14' title="bbox 108 1555 948 1649; baseline 0.001 -20"><span class='ocrx_word' id='word_1_87' title='bbox 108 1560 293 1649; x_wconf 70' lang='grc' dir='ltr'><strong><em>’Λντιβίην</em></strong></span> <span class='ocrx_word' id='word_1_88' title='bbox 313 1558 423 1648; x_wconf 88' lang='grc' dir='ltr'><strong><em>Ζηνός</em></strong></span> <span class='ocrx_word' id='word_1_89' title='bbox 436 1557 501 1647; x_wconf 83' lang='grc' dir='ltr'><strong><em>γάρ</em></strong></span> <span class='ocrx_word' id='word_1_90' title='bbox 517 1561 712 1645; x_wconf 82' lang='grc' dir='ltr'><strong><em>ἔχειμένος·</em></strong></span> <span class='ocrx_word' id='word_1_91' title='bbox 737 1555 818 1628; x_wconf 80' lang='grc' dir='ltr'><strong><em>οὐδέ</em></strong></span> <span class='ocrx_word' id='word_1_92' title='bbox 831 1564 948 1648; x_wconf 80' lang='grc' dir='ltr'><strong><em>ἕφημι</em></strong></span> 
     </span>
     <span class='ocr_line' id='line_1_15' title="bbox 111 1654 1029 1750; baseline -0.004 -18"><span class='ocrx_word' id='word_1_93' title='bbox 111 1660 321 1750; x_wconf 81' lang='grc' dir='ltr'><strong><em>Σχήσεσθαι,</em></strong></span> <span class='ocrx_word' id='word_1_94' title='bbox 338 1662 419 1748; x_wconf 81' lang='grc' dir='ltr'><strong><em>πρὶν</em></strong></span> <span class='ocrx_word' id='word_1_95' title='bbox 434 1656 535 1726; x_wconf 79' lang='grc' dir='ltr'><strong><em>τῶνδ’</em></strong></span> <span class='ocrx_word' id='word_1_96' title='bbox 553 1660 669 1745; x_wconf 77' lang='grc' dir='ltr'><strong><em>ἕτερον</em></strong></span> <span class='ocrx_word' id='word_1_97' title='bbox 686 1654 741 1725; x_wconf 80' lang='grc' dir='ltr'><strong><em>διὰ</em></strong></span> <span class='ocrx_word' id='word_1_98' title='bbox 757 1656 866 1727; x_wconf 84' lang='grc' dir='ltr'><strong><em>πάντα</em></strong></span> <span class='ocrx_word' id='word_1_99' title='bbox 882 1659 1029 1746; x_wconf 89' lang='grc' dir='ltr'><strong><em>δάσηται.</em></strong></span> 
     </span>
     <span class='ocr_line' id='line_1_16' title="bbox 73 1756 1074 1846; baseline 0 -18"><span class='ocrx_word' id='word_1_100' title='bbox 73 1759 185 1829; x_wconf 84' lang='grc' dir='ltr'><strong><em>Ταῦτά</em></strong></span> <span class='ocrx_word' id='word_1_101' title='bbox 205 1785 240 1828; x_wconf 88' lang='grc' dir='ltr'><strong><em>τε</em></strong></span> <span class='ocrx_word' id='word_1_102' title='bbox 257 1756 298 1845; x_wconf 79' lang='grc' dir='ltr'><strong><em>δὴ</em></strong></span> <span class='ocrx_word' id='word_1_103' title='bbox 319 1757 559 1844; x_wconf 78' lang='grc' dir='ltr'><strong><em>ἐπιλεγόμενον</em></strong></span> <span class='ocrx_word' id='word_1_104' title='bbox 571 1759 763 1841; x_wconf 84' lang='grc' dir='ltr'><strong><em>Λεωνίδην,</em></strong></span> <span class='ocrx_word' id='word_1_105' title='bbox 788 1759 843 1826; x_wconf 80' lang='grc' dir='ltr'><strong><em>καὶ</em></strong></span> <span class='ocrx_word' id='word_1_106' title='bbox 864 1759 1074 1846; x_wconf 80' lang='grc' dir='ltr'><strong><em>βουλόμενον</em></strong></span> 
     </span>
     <span class='ocr_line' id='line_1_17' title="bbox 69 1851 1075 1944; baseline -0.002 -17"><span class='ocrx_word' id='word_1_107' title='bbox 69 1861 163 1937; x_wconf 88' lang='grc' dir='ltr'><strong><em>κλέος</em></strong></span> <span class='ocrx_word' id='word_1_108' title='bbox 171 1859 381 1926; x_wconf 86' lang='grc' dir='ltr'><strong><em>καταθέσθαι</em></strong></span> <span class='ocrx_word' id='word_1_109' title='bbox 390 1855 785 1942; x_wconf 81' lang='grc' dir='ltr'><strong><em>μούνωνΣπαρτιητέων,</em></strong></span> <span class='ocrx_word' id='word_1_110' title='bbox 794 1851 985 1944; x_wconf 79' lang='grc' dir='ltr'><strong><em>άποπέμφαι</em></strong></span> <span class='ocrx_word' id='word_1_111' title='bbox 995 1855 1075 1937; x_wconf 79' lang='grc' dir='ltr'><strong><em>τοὺς</em></strong></span> 
     </span>
     <span class='ocr_line' id='line_1_18' title="bbox 70 1950 1074 2045; baseline -0.002 -19"><span class='ocrx_word' id='word_1_112' title='bbox 70 1957 263 2045; x_wconf 81' lang='grc' dir='ltr'><strong><em>συμμάχους</em></strong></span> <span class='ocrx_word' id='word_1_113' title='bbox 269 1965 397 2044; x_wconf 83' lang='grc' dir='ltr'><strong><em>μᾶλλον</em></strong></span> <span class='ocrx_word' id='word_1_114' title='bbox 407 1950 429 2042; x_wconf 78' lang='grc' dir='ltr'><strong><em>ἦ</em></strong></span> <span class='ocrx_word' id='word_1_115' title='bbox 440 1954 557 2043; x_wconf 77' lang='grc' dir='ltr'><strong><em>γνοίμη</em></strong></span> <span class='ocrx_word' id='word_1_116' title='bbox 569 1954 813 2044; x_wconf 80' lang='grc' dir='ltr'><strong><em>διενειχθέντας</em></strong></span> <span class='ocrx_word' id='word_1_117' title='bbox 822 1951 911 2023; x_wconf 79' lang='grc' dir='ltr'><strong><em>οὕτω</em></strong></span> <span class='ocrx_word' id='word_1_118' title='bbox 919 1952 1074 2044; x_wconf 88' lang='grc' dir='ltr'><strong><em>άκόσμως</em></strong></span> 
     </span>
     <span class='ocr_line' id='line_1_19' title="bbox 70 2050 1137 2144; baseline 0.004 -19"><span class='ocrx_word' id='word_1_119' title='bbox 70 2067 220 2144; x_wconf 73' lang='grc' dir='ltr'><strong><em>οἴχεσθαι</em></strong></span> <span class='ocrx_word' id='word_1_120' title='bbox 236 2055 316 2136; x_wconf 82' lang='grc' dir='ltr'><strong><em>τούς</em></strong></span> <span class='ocrx_word' id='word_1_121' title='bbox 333 2057 535 2142; x_wconf 78' lang='grc' dir='ltr'><strong><em>οἰχομένους.</em></strong></span> <span class='ocrx_word' id='word_1_122' title='bbox 574 2050 778 2141; x_wconf 85' lang='grc' dir='ltr'><strong><em>Μαρτόριον</em></strong></span> <span class='ocrx_word' id='word_1_123' title='bbox 796 2057 834 2122; x_wconf 87' lang='grc' dir='ltr'><strong><em>δέ</em></strong></span> <span class='ocrx_word' id='word_1_124' title='bbox 850 2081 908 2140; x_wconf 93' lang='grc' dir='ltr'><strong><em>μοι</em></strong></span> <span class='ocrx_word' id='word_1_125' title='bbox 925 2059 980 2124; x_wconf 83' lang='grc' dir='ltr'><strong><em>καλ</em></strong></span> <span class='ocrx_word' id='word_1_126' title='bbox 997 2056 1073 2124; x_wconf 85' lang='grc' dir='ltr'><strong><em>τόδε</em></strong></span> <span class='ocrx_word' id='word_1_127' title='bbox 1089 2078 1137 2130; x_wconf 74' lang='grc' dir='ltr'><strong><em>ενι</em></strong></span> 
     </span>
     <span class='ocr_line' id='line_1_20' title="bbox 70 2149 1074 2241; baseline 0.001 -18"><span class='ocrx_word' id='word_1_128' title='bbox 70 2152 132 2223; x_wconf 83' lang='grc' dir='ltr'><strong><em>οὐκ</em></strong></span> <span class='ocrx_word' id='word_1_129' title='bbox 147 2153 318 2241; x_wconf 79' lang='grc' dir='ltr'><strong><em>ἐλάχιστον</em></strong></span> <span class='ocrx_word' id='word_1_130' title='bbox 332 2153 456 2224; x_wconf 87' lang='grc' dir='ltr'><strong><em>τοάτου</em></strong></span> <span class='ocrx_word' id='word_1_131' title='bbox 469 2156 545 2239; x_wconf 87' lang='grc' dir='ltr'><strong><em>πέρι</em></strong></span> <span class='ocrx_word' id='word_1_132' title='bbox 560 2156 695 2238; x_wconf 87' lang='grc' dir='ltr'><strong><em>γέγονε·</em></strong></span> <span class='ocrx_word' id='word_1_133' title='bbox 718 2149 840 2240; x_wconf 76' lang='grc' dir='ltr'><strong><em>οὐγὰρ</em></strong></span> <span class='ocrx_word' id='word_1_134' title='bbox 854 2161 984 2240; x_wconf 86' lang='grc' dir='ltr'><strong><em>μοῦνον</em></strong></span> <span class='ocrx_word' id='word_1_135' title='bbox 994 2153 1074 2234; x_wconf 82' lang='grc' dir='ltr'><strong><em>τούς</em></strong></span> 
     </span>
     <span class='ocr_line' id='line_1_21' title="bbox 68 2250 1073 2344; baseline -0.001 -21"><span class='ocrx_word' id='word_1_136' title='bbox 68 2254 200 2343; x_wconf 80' lang='grc' dir='ltr'><strong><em>ἄλλους,</em></strong></span> <span class='ocrx_word' id='word_1_137' title='bbox 212 2252 297 2324; x_wconf 82' lang='grc' dir='ltr'><strong><em>άλλᾶ</em></strong></span> <span class='ocrx_word' id='word_1_138' title='bbox 310 2256 365 2323; x_wconf 81' lang='grc' dir='ltr'><strong><em>καὶ</em></strong></span> <span class='ocrx_word' id='word_1_139' title='bbox 376 2252 436 2322; x_wconf 82' lang='grc' dir='ltr'><strong><em>τόν</em></strong></span> <span class='ocrx_word' id='word_1_140' title='bbox 446 2252 579 2341; x_wconf 89' lang='grc' dir='ltr'><strong><em>μάντιν,</em></strong></span> <span class='ocrx_word' id='word_1_141' title='bbox 590 2250 628 2331; x_wconf 84' lang='grc' dir='ltr'><strong><em>δς</em></strong></span> <span class='ocrx_word' id='word_1_142' title='bbox 639 2257 747 2320; x_wconf 76' lang='grc' dir='ltr'><strong><em>εἵπετο</em></strong></span> <span class='ocrx_word' id='word_1_143' title='bbox 760 2259 800 2342; x_wconf 71' lang='grc' dir='ltr'><strong><em>τῇ</em></strong></span> <span class='ocrx_word' id='word_1_144' title='bbox 810 2262 947 2344; x_wconf 85' lang='grc' dir='ltr'><strong><em>στρατιῇ</em></strong></span> <span class='ocrx_word' id='word_1_145' title='bbox 957 2255 1073 2342; x_wconf 85' lang='grc' dir='ltr'><strong><em>ταότη,</em></strong></span> 
     </span>
     <span class='ocr_line' id='line_1_22' title="bbox 68 2349 1074 2441; baseline -0.003 -19"><span class='ocrx_word' id='word_1_146' title='bbox 68 2360 255 2440; x_wconf 85' lang='grc' dir='ltr'><strong><em>Μεγιστίην</em></strong></span> <span class='ocrx_word' id='word_1_147' title='bbox 266 2350 326 2422; x_wconf 85' lang='grc' dir='ltr'><strong><em>τόν</em></strong></span> <span class='ocrx_word' id='word_1_148' title='bbox 338 2351 545 2441; x_wconf 79' lang='grc' dir='ltr'><strong><em>Ἀκαρνῆνα,</em></strong></span> <span class='ocrx_word' id='word_1_149' title='bbox 560 2349 744 2438; x_wconf 90' lang='grc' dir='ltr'><strong><em>λεγόμενον</em></strong></span> <span class='ocrx_word' id='word_1_150' title='bbox 756 2349 841 2420; x_wconf 81' lang='grc' dir='ltr'><strong><em>εἶναι</em></strong></span> <span class='ocrx_word' id='word_1_151' title='bbox 854 2350 893 2422; x_wconf 82' lang='grc' dir='ltr'><strong><em>τά</em></strong></span> <span class='ocrx_word' id='word_1_152' title='bbox 905 2350 1074 2422; x_wconf 86' lang='grc' dir='ltr'><strong><em>άνέκαθεν</em></strong></span> 
     </span>
     <span class='ocr_line' id='line_1_23' title="bbox 68 2449 1073 2540; baseline -0.004 -18"><span class='ocrx_word' id='word_1_153' title='bbox 68 2451 133 2522; x_wconf 86' lang='grc' dir='ltr'><strong><em>ιἰπό</em></strong></span> <span class='ocrx_word' id='word_1_154' title='bbox 151 2453 393 2540; x_wconf 79' lang='grc' dir='ltr'><strong><em>Μελάμποδος,</em></strong></span> <span class='ocrx_word' id='word_1_155' title='bbox 413 2460 536 2521; x_wconf 85' lang='grc' dir='ltr'><strong><em>τοῦτον</em></strong></span> <span class='ocrx_word' id='word_1_156' title='bbox 552 2449 612 2520; x_wconf 89' lang='grc' dir='ltr'><strong><em>τόν</em></strong></span> <span class='ocrx_word' id='word_1_157' title='bbox 630 2461 768 2520; x_wconf 78' lang='grc' dir='ltr'><strong><em>εἴπαντα</em></strong></span> <span class='ocrx_word' id='word_1_158' title='bbox 789 2454 825 2520; x_wconf 83' lang='grc' dir='ltr'><strong><em>ἐκ</em></strong></span> <span class='ocrx_word' id='word_1_159' title='bbox 846 2459 914 2520; x_wconf 78' lang='grc' dir='ltr'><strong><em>τῶν</em></strong></span> <span class='ocrx_word' id='word_1_160' title='bbox 935 2459 1019 2538; x_wconf 70' lang='grc' dir='ltr'><strong><em>ι’ρολν</em></strong></span> <span class='ocrx_word' id='word_1_161' title='bbox 1033 2451 1073 2520; x_wconf 81' lang='grc' dir='ltr'><strong><em>τὰ</em></strong></span> 
     </span>
     <span class='ocr_line' id='line_1_24' title="bbox 68 2549 1075 2640; baseline 0.002 -22"><span class='ocrx_word' id='word_1_162' title='bbox 68 2550 230 2640; x_wconf 87' lang='grc' dir='ltr'><strong><em>μέλλοντά</em></strong></span> <span class='ocrx_word' id='word_1_163' title='bbox 242 2571 303 2636; x_wconf 88' lang='grc' dir='ltr'><strong><em>σφι</em></strong></span> <span class='ocrx_word' id='word_1_164' title='bbox 314 2553 493 2638; x_wconf 83' lang='grc' dir='ltr'><strong><em>ἐκβαίνειν,</em></strong></span> <span class='ocrx_word' id='word_1_165' title='bbox 505 2549 652 2637; x_wconf 85' lang='grc' dir='ltr'><strong><em>φανερός</em></strong></span> <span class='ocrx_word' id='word_1_166' title='bbox 664 2553 733 2617; x_wconf 81' lang='grc' dir='ltr'><strong><em>ἐστι</em></strong></span> <span class='ocrx_word' id='word_1_167' title='bbox 742 2549 942 2637; x_wconf 87' lang='grc' dir='ltr'><strong><em>Λεωνίδης’</em></strong></span> <span class='ocrx_word' id='word_1_168' title='bbox 924 2556 1075 2638; x_wconf 85' lang='grc' dir='ltr'><strong><em>αποπέμ-</em></strong></span> 
     </span>
     <span class='ocr_line' id='line_1_25' title="bbox 68 2642 1086 2770; baseline -0.001 -51"><span class='ocrx_word' id='word_1_169' title='bbox 68 2676 159 2736; x_wconf 90' lang='grc' dir='ltr'><strong><em>πων,</em></strong></span> <span class='ocrx_word' id='word_1_170' title='bbox 177 2675 234 2716; x_wconf 93' lang='grc' dir='ltr'><strong><em>ινα</em></strong></span> <span class='ocrx_word' id='word_1_171' title='bbox 244 2676 289 2770; x_wconf 87' lang='grc' dir='ltr'><strong><em>μη</em></strong></span> <span class='ocrx_word' id='word_1_172' title='bbox 277 2645 536 2735; x_wconf 87' lang='grc' dir='ltr'><strong><em>συναπόληταί</em></strong></span> <span class='ocrx_word' id='word_1_173' title='bbox 547 2668 619 2735; x_wconf 88' lang='grc' dir='ltr'><strong><em>σφι.</em></strong></span> <span class='ocrx_word' id='word_1_174' title='bbox 643 2645 742 2716; x_wconf 74' lang='grc' dir='ltr'><strong><em>ὁδὲ’</em></strong></span> <span class='ocrx_word' id='word_1_175' title='bbox 722 2649 1002 2738; x_wconf 86' lang='grc' dir='ltr'><strong><em>αποπεμπόμενος</em></strong></span> <span class='ocrx_word' id='word_1_176' title='bbox 1012 2642 1086 2718; x_wconf 56' lang='grc' dir='ltr'><strong><em>αό-Χ</em></strong></span> 
     </span>
     <span class='ocr_line' id='line_1_26' title="bbox 69 2743 1074 2837; baseline -0.002 -19"><span class='ocrx_word' id='word_1_177' title='bbox 69 2750 123 2828; x_wconf 82' lang='grc' dir='ltr'><strong><em>τός</em></strong></span> <span class='ocrx_word' id='word_1_178' title='bbox 137 2746 253 2836; x_wconf 66' lang='grc' dir='ltr'><strong><em>μέν’</em></strong></span> <span class='ocrx_word' id='word_1_179' title='bbox 214 2775 277 2816; x_wconf 91' lang='grc' dir='ltr'><strong><em>ουκ</em></strong></span> <span class='ocrx_word' id='word_1_180' title='bbox 291 2746 497 2835; x_wconf 74' lang='grc' dir='ltr'><strong><em>ἀπελείπετο,</em></strong></span> <span class='ocrx_word' id='word_1_181' title='bbox 511 2744 572 2818; x_wconf 87' lang='grc' dir='ltr'><strong><em>τόν</em></strong></span> <span class='ocrx_word' id='word_1_182' title='bbox 586 2746 623 2814; x_wconf 76' lang='grc' dir='ltr'><strong><em>δὲ</em></strong></span> <span class='ocrx_word' id='word_1_183' title='bbox 634 2752 737 2816; x_wconf 79' lang='grc' dir='ltr'><strong><em>παῖδα</em></strong></span> <span class='ocrx_word' id='word_1_184' title='bbox 751 2743 1074 2837; x_wconf 85' lang='grc' dir='ltr'><strong><em>συστρατευόμενον,</em></strong></span> 
     </span>
     <span class='ocr_line' id='line_1_27' title="bbox 67 2846 1143 2936; baseline -0.005 -16"><span class='ocrx_word' id='word_1_185' title='bbox 67 2851 165 2920; x_wconf 88' lang='grc' dir='ltr'><strong><em>έόντα</em></strong></span> <span class='ocrx_word' id='word_1_186' title='bbox 182 2855 217 2918; x_wconf 91' lang='grc' dir='ltr'><strong><em>οί</em></strong></span> <span class='ocrx_word' id='word_1_187' title='bbox 228 2853 454 2936; x_wconf 87' lang='grc' dir='ltr'><strong><em>μουνογενέα,</em></strong></span> <span class='ocrx_word' id='word_1_188' title='bbox 476 2846 657 2933; x_wconf 79' lang='grc' dir='ltr'><strong><em>άπέπεμφε.</em></strong></span> <span class='ocrx_word' id='word_1_189' title='bbox 696 2851 741 2914; x_wconf 70' lang='lat' dir='ltr'><strong><em>Ol</em></strong></span> <span class='ocrx_word' id='word_1_190' title='bbox 752 2848 815 2933; x_wconf 85' lang='grc' dir='ltr'><strong><em>μέν</em></strong></span> <span class='ocrx_word' id='word_1_191' title='bbox 829 2873 895 2915; x_wconf 89' lang='grc' dir='ltr'><strong><em>νυν</em></strong></span> <span class='ocrx_word' id='word_1_192' title='bbox 909 2849 1075 2936; x_wconf 85' lang='grc' dir='ltr'><strong><em>σύμμαχοι</em></strong></span> <span class='ocrx_word' id='word_1_193' title='bbox 1092 2865 1143 2916; x_wconf 71' lang='grc' dir='ltr'><strong><em>ενι</em></strong></span> 
     </span>
     <span class='ocr_line' id='line_1_28' title="bbox 68 2943 1074 3034; baseline -0.005 -16"><span class='ocrx_word' id='word_1_194' title='bbox 68 2946 142 3018; x_wconf 88' lang='grc' dir='ltr'><strong><em>ολ’</em></strong></span> <span class='ocrx_word' id='word_1_195' title='bbox 123 2946 399 3034; x_wconf 87' lang='grc' dir='ltr'><strong><em>αποπεμπόμενοι</em></strong></span> <span class='ocrx_word' id='word_1_196' title='bbox 424 2946 556 3034; x_wconf 85' lang='grc' dir='ltr'><strong><em>οίχοντό</em></strong></span> <span class='ocrx_word' id='word_1_197' title='bbox 583 2972 618 3014; x_wconf 88' lang='grc' dir='ltr'><strong><em>τε</em></strong></span> <span class='ocrx_word' id='word_1_198' title='bbox 644 2943 798 3026; x_wconf 86' lang='grc' dir='ltr'><strong><em>άπιόντες</em></strong></span> <span class='ocrx_word' id='word_1_199' title='bbox 817 2950 873 3014; x_wconf 83' lang='grc' dir='ltr'><strong><em>καλ</em></strong></span> <span class='ocrx_word' id='word_1_200' title='bbox 898 2949 1074 3016; x_wconf 78' lang='grc' dir='ltr'><strong><em>ἐπείθοντο</em></strong></span> 
     </span>
     <span class='ocr_line' id='line_1_29' title="bbox 66 3047 1077 3134; baseline -0.001 -20"><span class='ocrx_word' id='word_1_201' title='bbox 66 3048 231 3133; x_wconf 82' lang='grc' dir='ltr'><strong><em>Λεωνίδη,</em></strong></span> <span class='ocrx_word' id='word_1_202' title='bbox 239 3050 397 3125; x_wconf 82' lang='grc' dir='ltr'><strong><em>Θεσπιέες</em></strong></span> <span class='ocrx_word' id='word_1_203' title='bbox 408 3048 445 3114; x_wconf 76' lang='grc' dir='ltr'><strong><em>δὲ</em></strong></span> <span class='ocrx_word' id='word_1_204' title='bbox 455 3048 659 3134; x_wconf 66' lang='grc' dir='ltr'><strong><em>καλΘηβαιῗοι</em></strong></span> <span class='ocrx_word' id='word_1_205' title='bbox 670 3047 867 3131; x_wconf 85' lang='grc' dir='ltr'><strong><em>κατέμειναν</em></strong></span> <span class='ocrx_word' id='word_1_206' title='bbox 876 3052 998 3132; x_wconf 81' lang='grc' dir='ltr'><strong><em>μοῦνοι</em></strong></span> <span class='ocrx_word' id='word_1_207' title='bbox 1011 3071 1077 3114; x_wconf 83' lang='grc' dir='ltr'><strong><em>πα-</em></strong></span> 
     </span>
     <span class='ocr_line' id='line_1_30' title="bbox 68 3142 1075 3232; baseline 0 -20"><span class='ocrx_word' id='word_1_208' title='bbox 68 3143 111 3232; x_wconf 85' lang='grc' dir='ltr'><strong><em>ρά</em></strong></span> <span class='ocrx_word' id='word_1_209' title='bbox 131 3150 434 3232; x_wconf 89' lang='grc' dir='ltr'><strong><em>Λακεδαιμονίοισι.</em></strong></span> <span class='ocrx_word' id='word_1_210' title='bbox 466 3145 597 3214; x_wconf 81' lang='grc' dir='ltr'><strong><em>τούτων</em></strong></span> <span class='ocrx_word' id='word_1_211' title='bbox 618 3144 655 3212; x_wconf 75' lang='grc' dir='ltr'><strong><em>δὲ</em></strong></span> <span class='ocrx_word' id='word_1_212' title='bbox 674 3151 815 3231; x_wconf 81' lang='grc' dir='ltr'><strong><em>Θηβαῖοι</em></strong></span> <span class='ocrx_word' id='word_1_213' title='bbox 834 3144 897 3230; x_wconf 78' lang='grc' dir='ltr'><strong><em>μὲν</em></strong></span> <span class='ocrx_word' id='word_1_214' title='bbox 921 3142 1075 3224; x_wconf 83' lang='grc' dir='ltr'><strong><em>ἀέκοντες</em></strong></span> 
     </span>
     <span class='ocr_line' id='line_1_31' title="bbox 67 3240 1075 3330; baseline 0 -18"><span class='ocrx_word' id='word_1_215' title='bbox 67 3249 188 3330; x_wconf 78' lang='grc' dir='ltr'><strong><em>ἔμενον</em></strong></span> <span class='ocrx_word' id='word_1_216' title='bbox 202 3244 258 3311; x_wconf 86' lang='grc' dir='ltr'><strong><em>καλ</em></strong></span> <span class='ocrx_word' id='word_1_217' title='bbox 271 3241 313 3311; x_wconf 84' lang='grc' dir='ltr'><strong><em>οὐ</em></strong></span> <span class='ocrx_word' id='word_1_218' title='bbox 326 3243 529 3330; x_wconf 77' lang='grc' dir='ltr'><strong><em>βουλόμενοι</em></strong></span> <span class='ocrx_word' id='word_1_219' title='bbox 548 3257 688 3328; x_wconf 85' lang='grc' dir='ltr'><strong><em>’κατεῖχε</em></strong></span> <span class='ocrx_word' id='word_1_220' title='bbox 702 3240 768 3329; x_wconf 86' lang='grc' dir='ltr'><strong><em>γάρ</em></strong></span> <span class='ocrx_word' id='word_1_221' title='bbox 784 3262 889 3329; x_wconf 87' lang='grc' dir='ltr'><strong><em>σφεας</em></strong></span> <span class='ocrx_word' id='word_1_222' title='bbox 903 3247 1075 3330; x_wconf 79' lang='grc' dir='ltr'><strong><em>Λεωνίδης</em></strong></span> 
     </span>
     <span class='ocr_line' id='line_1_32' title="bbox 66 3336 1075 3434; baseline 0.002 -25"><span class='ocrx_word' id='word_1_223' title='bbox 66 3345 104 3409; x_wconf 91' lang='grc' dir='ltr'><strong><em>έν</em></strong></span> <span class='ocrx_word' id='word_1_224' title='bbox 121 3336 259 3429; x_wconf 76' lang='grc' dir='ltr'><strong><em>ὁμήρων</em></strong></span> <span class='ocrx_word' id='word_1_225' title='bbox 278 3342 368 3434; x_wconf 79' lang='grc' dir='ltr'><strong><em>λόγῳ</em></strong></span> <span class='ocrx_word' id='word_1_226' title='bbox 388 3342 617 3428; x_wconf 71' lang='grc' dir='ltr'><strong><em>ποιεόμενος,</em></strong></span> <span class='ocrx_word' id='word_1_227' title='bbox 640 3344 797 3420; x_wconf 79' lang='grc' dir='ltr'><strong><em>Θεσπιέες</em></strong></span> <span class='ocrx_word' id='word_1_228' title='bbox 811 3341 848 3409; x_wconf 72' lang='grc' dir='ltr'><strong><em>δὲ</em></strong></span> <span class='ocrx_word' id='word_1_229' title='bbox 863 3338 995 3420; x_wconf 78' lang='grc' dir='ltr'><strong><em>ἑκόντες</em></strong></span> <span class='ocrx_word' id='word_1_230' title='bbox 1010 3341 1075 3428; x_wconf 81' lang='grc' dir='ltr'><strong><em>μά-</em></strong></span> 
     </span>
     <span class='ocr_line' id='line_1_33' title="bbox 69 3438 1075 3529; baseline -0.002 -19"><span class='ocrx_word' id='word_1_231' title='bbox 69 3455 178 3529; x_wconf 72' lang='grc' dir='ltr'><strong><em>λιστα,</em></strong></span> <span class='ocrx_word' id='word_1_232' title='bbox 200 3448 235 3510; x_wconf 83' lang='grc' dir='ltr'><strong><em>οἳ</em></strong></span> <span class='ocrx_word' id='word_1_233' title='bbox 252 3438 316 3510; x_wconf 82' lang='grc' dir='ltr'><strong><em>οὐκ</em></strong></span> <span class='ocrx_word' id='word_1_234' title='bbox 336 3448 467 3529; x_wconf 81' lang='grc' dir='ltr'><strong><em>ἔφασαν</em></strong></span> <span class='ocrx_word' id='word_1_235' title='bbox 487 3439 709 3518; x_wconf 80' lang='grc' dir='ltr'><strong><em>ἀπολιπόντες</em></strong></span> <span class='ocrx_word' id='word_1_236' title='bbox 730 3445 903 3528; x_wconf 86' lang='grc' dir='ltr'><strong><em>Λεωνίδην</em></strong></span> <span class='ocrx_word' id='word_1_237' title='bbox 923 3444 979 3510; x_wconf 79' lang='grc' dir='ltr'><strong><em>καί</em></strong></span> <span class='ocrx_word' id='word_1_238' title='bbox 996 3438 1075 3521; x_wconf 80' lang='grc' dir='ltr'><strong><em>τούς</em></strong></span> 
     </span>
    </p>
   </div>
   <div class='ocr_carea' id='block_1_3' title="bbox 0 0 1254 3925">
    <p class='ocr_par' dir='ltr' id='par_1_3' title="bbox 0 0 1254 3925">
     <span class='ocr_line' id='line_1_34' title="bbox 0 0 1254 3925; baseline 0 0"><span class='ocrx_word' id='word_1_239' title='bbox 0 0 1254 3925; x_wconf 95' lang='lat' dir='ltr'><strong><em> </em></strong></span> 
     </span>
    </p>
   </div>
  </div>
 </body>
</html>
