2500 3925
356 239 442 294 LIB.
478 237 525 294 VI.
559 235 659 294 CAP.
691 237 832 296 68-62
1058 229 1100 292 85

78 405 148 478 λος
164 403 231 466 τῶν
248 400 488 485 Σπαρτιητέων
508 391 612 482 ἀνὴρ,
635 400 682 484 τῷ
697 394 895 480 προσεκέετο
907 399 976 460 τῶν
989 390 1100 462 ἀστῶν

90 494 232 580 μάλιστα
243 493 261 563 ὁ
273 493 441 582 Ἀρίστων.
466 493 573 584 τούτω
584 498 631 582 τῷ
642 490 741 580 ἀνδρί
755 491 914 578 ἐτύγχανε
925 494 1026 560 ἐοῦσα
1036 519 1099 578 γυ-
1167 537 1173 546 ·

91 589 134 680 νὴ
148 599 305 680 καλλίστη
321 599 438 683 μακρῷ
449 594 566 660 τῶνέν
577 590 720 681 Σπάρτῃ
733 597 917 677 γυναικῶν,
931 592 1100 658 καὶταῦτα

90 693 205 779 μέντοι
220 701 304 761 καλλ
319 712 379 779 στη
396 695 429 772 ἐξ
442 697 612 777 ἀἰσχίστης
626 692 800 778 γενομένη.
825 694 948 759 έοῦσαν
961 691 1027 779 γάρ
1042 717 1101 777 μιν

89 789 127 859 τὸ
146 791 233 872 εἶδος
244 790 434 880 φλαύρηνὴ
449 789 574 878 τροφὸς
584 789 703 877 αὐτῆς,
720 787 773 859 οἷα
787 790 982 878 ἀνθρώπων
992 817 1028 859 τε
1042 788 1101 859 ὀλ-

90 895 176 978 βίων
183 897 357 979 θυγατέρα
367 894 422 960 καί
434 891 588 958 δυσειδέα
600 892 734 977 έοῦσαν,
748 888 833 979 πρὸς
843 892 880 960 δὲ
891 892 946 960 καί
957 889 1101 975 ὁρέουσα

90 985 170 1067 τούς
183 990 303 1074 γονέας
318 987 499 1077 συμφορὴν
513 985 551 1056 τδ
563 987 649 1067 εἶδος
660 986 762 1076 αὐτῆς
773 992 1005 1078 ποιευμένους,
1017 996 1100 1058 ταῦ-

89 1113 131 1153 τα
150 1088 272 1154 ἕκαστα
293 1095 452 1172 μαθοῦσα
468 1086 683 1174 ἐπιφράζεται
697 1087 827 1155 τοιάδε·
857 1086 977 1175 ἐφόρεε
992 1086 1100 1174 αὐτὴν

90 1181 156 1252 ἀνὰ
171 1192 284 1252 πᾶσαν
298 1184 426 1273 ἡμέρην
441 1187 474 1264 ἐς
487 1183 525 1252 τδ
542 1191 600 1272 τῆς
609 1183 742 1272 Ἑλένης
758 1185 850 1270 ίρόν·
876 1183 913 1254 τὸ
929 1183 961 1253 δ’
981 1189 1048 1268 ἐστὶ
1062 1188 1100 1253 έν

89 1289 129 1371 τῇ
136 1282 296 1372 Θεράπνη
308 1284 507 1372 καλευμένη,
520 1282 650 1370 ὕπερθε
661 1290 721 1350 τοῦ
729 1290 893 1376 Φοιβηίου
904 1289 996 1371 ίροῠ·
1012 1283 1099 1364 ὅκως

90 1383 127 1449 δὲ
141 1383 276 1450 ἐνείκειε
289 1379 310 1469 ἡ
322 1385 464 1469 τροφός,
480 1381 565 1470 πρός
574 1407 611 1449 τε
625 1379 782 1468 τῶγαλμα
794 1384 868 1466 ἵστη
882 1385 937 1452 καὶ
952 1386 1099 1453 έλίσσετο

89 1476 153 1566 τὴν
166 1476 252 1547 θεὸν
267 1476 452 1600 ἀπαλλάξαι
469 1487 527 1568 τῆς
541 1485 752 1566 δυσμορφίης
766 1477 804 1547 τὸ
820 1486 965 1552 παιδίον.
988 1487 1043 1551 καί
1057 1480 1099 1568 δή

90 1603 166 1646 κοτε
180 1576 327 1666 ἀπιούσῃ
342 1581 379 1647 ἐκ
390 1585 450 1647 τού
461 1583 538 1666 έροῦ
549 1586 588 1668 τῇ
602 1585 717 1670 τροφῷ
728 1593 873 1664 γυναῖκα
883 1584 1043 1668 λέγεται’
1026 1605 1099 1650 επι-
1170 1605 1182 1612 ·

91 1682 256 1762 φανῆναι,
273 1679 494 1763 ἐπιφανεῖσαν
509 1679 545 1745 δὲ
560 1679 754 1797 έπείρεσθαί
766 1703 843 1765 μιν,
865 1677 886 1747 ὅ
902 1704 933 1746 τι
949 1683 1044 1766 φέρει
1061 1681 1098 1746 έν

90 1803 129 1866 τη
114 1771 290 1864 ἀγκάλη,
305 1770 409 1844 καί
373 1802 436 1863 την
450 1775 595 1863 φράσαι,
617 1772 662 1854 ὡς
675 1780 811 1843 παιδίον
826 1780 958 1864 φορέει
984 1802 1047 1861 την
1061 1777 1098 1844 δὲ

89 1881 247 1944 κελεῦσαί
260 1880 293 1942 oc
291 1879 408 2001 δέξαι,
435 1872 548 1961 τηνδε
564 1871 605 1942 ού
620 1873 743 1959 φάναι
766 1872 970 1962 ἀπειρῆσθαι
985 1873 1050 1960 γάρ
1066 1878 1100 1942 οί

89 1980 126 2044 ἐκ
136 1983 205 2043 τῶν
218 1980 428 2062 γειναμένων
438 1979 555 2062 μηδενὶ
570 1973 815 2041 ἐπιδεικνύναι·
835 1971 949 2061 τηνδὲ
963 1973 1098 2050 πάντως

89 2076 197 2163 ἑωυτῇ
207 2073 360 2142 κελεύειν
375 2076 536 2154 ἐπιδέξαι·
559 2070 725 2161 ὁρέουσαν
737 2073 773 2139 δὲ
787 2068 849 2157 τὴν
863 2083 1007 2156 γυναῖκα
1021 2070 1097 2155 περὶ

88 2177 218 2239 πολλοῦ
233 2172 602 2259 ποιευμένηνίδέσθαι,
624 2169 713 2240 οὕτω
728 2168 769 2258 δὴ
786 2169 849 2258 τὴν
861 2166 992 2258 τροφδν
1007 2170 1097 2249 δέξαι

89 2266 125 2338 τδ
141 2272 293 2337 παιδίον·
314 2268 378 2357 τήν
392 2272 428 2338 δὲ
439 2276 643 2353 καταψῶσαν
653 2277 715 2338 τοῦ
724 2269 934 2357 παιδίουτὴν
945 2264 1094 2355 κεφαλὴν

89 2368 193 2454 εἶπαι,
216 2366 260 2446 ὡς
277 2371 507 2439 καλλιστεύσει
528 2374 663 2437 πασέων
679 2376 747 2436 τῶν
762 2371 799 2436 έν
817 2367 960 2457 Σπάρτη
976 2393 1098 2454 γυναι-

87 2477 168 2539 κῶν.
192 2466 256 2535 ἀπὸ
272 2470 334 2555 μέν
349 2468 389 2557 δὴ
400 2472 522 2559 ταύτης
535 2479 592 2559 τῆς
605 2470 730 2559 ἡμέρης
740 2484 936 2555 μεταπεσεῖν
949 2468 986 2536 τδ
999 2468 1094 2547 εἶδος.

35 2642 40 2651 ,
88 2569 203 2657 γαμέει
218 2570 254 2636 δὲ
271 2568 312 2656 δή
326 2596 385 2655 μιν
405 2574 438 2651 ές
451 2572 565 2659 γάμον
586 2570 679 2658 ύρην
699 2565 906 2655 ἀπικομένην
919 2566 1095 2657 Ἀγητοςὸ

85 2671 267 2757 Ἀλκείδεω,
281 2662 379 2751 οὗτος
390 2668 431 2757 δὴ
443 2669 462 2737 ὁ
472 2677 533 2738 τοῦ
543 2668 741 2757 Ἀρίστωνος
752 2673 857 2753 φίλος.
878 2666 946 2757 Τᾲν
959 2670 996 2737 δὲ
1006 2667 1095 2756 Ἀρί·
1109 2676 1144 2732 δλ

87 2787 198 2835 στωνα
213 2772 319 2849 ἔκνιζε
333 2767 398 2855 ἀρα
413 2774 471 2855 τῆς
483 2765 644 2853 γυναικὸς
657 2766 779 2851 ταύτης
802 2771 899 2853 ἔρως·
945 2773 1096 2853 μηχανᾶ-

87 2891 140 2933 ται
154 2863 195 2953 δὴ
210 2868 339 2935 τοιάδε·
361 2864 463 2946 αὐτός
476 2892 513 2934 τε
525 2872 572 2956 τῷ
588 2868 721 2956 έταίρφ,
736 2872 798 2933 τοῦ
808 2859 852 2952 ἦν
862 2862 882 2952 ἡ
894 2864 982 2952 γυνὴ
998 2863 1094 2950 αὕτη,

86 2961 284 3033 ὑποδέκεται
302 2970 447 3053 δωτίνην
462 2965 584 3034 δάσειν
600 2971 668 3033 τῶν
684 2968 812 3032 ἑωυτοῦ
825 2964 964 3033 πάντων
977 2965 1031 3050 ἓν,
1055 2963 1092 3032 τδ

87 3057 130 3127 ἀν
148 3058 248 3141 αύτδς
263 3066 388 3142 ἐκεῖνος
404 3065 532 3150 ἕληται,
551 3059 677 3130 καὶτὸν
689 3063 820 3145 ἑταίρου
836 3064 948 3153 ἑωυτῷ
962 3064 1093 3130 ἐκέλευε

87 3156 245 3237 ὡσαύτως
263 3156 323 3248 τὴν
338 3158 458 3249 ὁμοίην
473 3161 614 3229 διδόναι.
636 3158 654 3228 ὁ
671 3162 707 3228 δέ
718 3158 819 3227 οὐδὲν
830 3162 993 3247 φοβηθεὶς
1008 3156 1094 3245 ἀμφὶ

75 3264 125 3348 ’τῇ
138 3258 284 3344 γυναικί,
302 3257 409 3347 ὁρέων
421 3262 545 3328 έοῦσαν
555 3260 611 3326 καὶ
621 3255 793 3343 Ἀρίστωνι
807 3271 963 3344 γυναῖκα,
978 3282 1094 3324 καται-
1128 3290 1133 3297 ·

86 3362 153 3429 νέει
168 3367 287 3427 ταῦτα·
315 3362 368 3429 ἐπὶ
384 3361 532 3429 τούτοισι
554 3360 590 3428 δὲ
604 3358 728 3449 ὅρκους
748 3356 927 3445 ἐπήλασαν.
958 3351 1041 3442 μετὰ
1057 3354 1094 3422 δὲ

84 3461 185 3543 αύτάς
198 3489 234 3532 τε
251 3459 441 3548 ὁἈρίστωυ
456 3467 560 3533 έδωκε
574 3469 692 3550 τοῦτο,
714 3459 734 3529 ὅ
747 3487 779 3528 τι
794 3458 834 3546 δη
850 3450 911 3546 ἦν,
932 3453 969 3527 τδ
988 3459 1093 3527 εἵλετο
