2500 3925
278 230 362 287 LlB.
393 230 464 285 vul.
498 228 595 287 cAP.
628 232 770 291 n-w.
971 226 1032 289 ⁸235

15 402 157 462 ιασθαι.
188 389 489 477 διαπεραιωθέντες
510 387 546 455 δέ
570 389 734 475 ἐθηεῦντο
755 388 933 470 διεξιόντες
953 387 1032 469 τούς

15 489 181 578 ιεκρούς·
200 487 323 567 πάντες
333 485 370 554 δέ
380 484 557 573 ἠπιστέατο
569 482 649 565 τούς
659 488 835 573 κειμένους
847 485 932 556 είναι
942 487 1032 555 πάν-

15 615 77 667 τας
88 591 376 672 Λακεδαιμονίους
391 587 447 652 καί
458 586 632 678 Θεσπιέας,
650 578 804 669 ὁρέοντες
821 586 877 653 καί
887 581 966 664 τούς
982 586 1031 652 εἵ-

15 698 136 767 λωτας.
161 683 203 755 ού
217 685 280 772 μὲν
292 681 366 753 οὐδ’
379 681 549 752 ἐλάνθανε
561 680 641 761 τούς
656 682 897 771 διαβεβηκότας
907 686 1030 773 Ξέρξης

15 792 124 853 ταῦτα
138 783 265 872 πρήξας
279 784 354 872 περὶ
368 778 448 859 τούς
461 778 604 869 νεκρούς
620 778 700 861 τούς
716 782 860 849 ἑωυτοῦ·
888 787 943 851 καί
963 782 1028 869 γάρ

15 880 52 969 δὴ
74 886 132 949 καί
144 872 347 967 γελοῖονῆν·
370 884 438 947 τῶν
448 880 511 965 μὲν
523 884 623 964 χίλιοι
641 879 820 965 ἐφαίνοντο
837 885 948 965 νεκροί
960 887 1030 949 κεί·

15 1009 132 1067 ιενοι,
157 984 191 1049 οί
210 982 247 1048 δὲ
273 980 396 1059 πάντες
418 975 531 1048 ἐκέατο
555 974 649 1056 ἁλέες
671 980 971 1066 συγκεκομισμένοι
996 981 1029 1059 ές

15 1078 126 1149 τώυτό
138 1085 273 1167 χωρίον,
288 1080 438 1167 τέσσερες
448 1075 602 1164 χιλιάδες.
618 1074 744 1163 ταύτην
754 1076 817 1163 μὲν
827 1074 889 1165 την
900 1075 1028 1166 ἡμέρην

15 1178 104 1268 τρός
117 1180 205 1264 θέην
219 1176 419 1265 ἐτράποντο,
441 1182 481 1264 τῇ
496 1172 528 1243 δ’
552 1172 711 1262 ύστεραίη
726 1179 760 1244 οί
772 1175 834 1261 μέν
849 1173 1028 1245 ἀπέπλωον

15 1282 43 1359 ἐς
55 1276 218 1346 Ἱστίαιαν
236 1278 287 1343 ἐπί
302 1274 362 1353 τὰς.
374 1276 462 1359 νέας,
481 1276 514 1341 ol
527 1271 564 1340 δέ
579 1270 665 1358 άμφί
678 1275 804 1361 Ξέρξην
815 1278 846 1353 ές
861 1272 944 1344 ὁδόν
960 1273 1027 1363 ὡρ-

15 1380 129 1445 ιέατο.
147 1366 251 1441 Ἠκον
262 1376 301 1442 δέ
308 1393 369 1460 σφι
381 1370 561 1457 αύτόμολοι
572 1368 758 1459 άνδρεςάπ’
773 1372 944 1462 Ἀρκαδίης
955 1372 1026 1443 όλί-
1040 1394 1075 1449 26

15 1502 71 1544 τοι
88 1478 192 1560 τινές,
210 1478 288 1560 βίον
298 1498 334 1539 τε
345 1470 500 1557 δεόμενοι
510 1471 565 1537 καί
575 1470 705 1556 ἐνεργοί
715 1471 918 1558 βουλόμενοι
930 1470 1024 1540 εἶναι.

15 1571 159 1658 ’ίγοντες
174 1572 211 1638 δὲ
231 1570 372 1649 τούτους
388 1571 421 1648 ἐς
438 1567 519 1650 ὅφιν
539 1564 601 1654 την
615 1572 769 1656 βασιλέος
790 1570 1025 1640 ἐπυνθάνοντο

15 1675 48 1738 εί
58 1672 190 1757 Πέρσαι
201 1670 277 1756 περὶ
292 1675 359 1735 τῶν
367 1664 537 1754 Ἑλλήνων
550 1663 589 1733 τά
606 1669 770 1735 ποιέοιεν·
794 1662 839 1748 εἷς
850 1670 890 1737 δέ
897 1695 946 1747 τις
959 1664 1024 1755 πρὸ

15 1769 158 1837 σάντων
171 1761 248 1857 ἦνό
269 1771 433 1856 είρωτέων
446 1762 570 1844 αύτούς
584 1772 697 1833 ταῦτα.
721 1770 755 1833 οί
766 1768 806 1833 δέ
819 1786 879 1853 σφι
898 1772 1024 1851 ἔλεγον,

15 1865 61 1946 όις
80 1863 244 1953 Ὀλύμπια
259 1864 375 1951 άγοιεν
388 1865 444 1932 καί
463 1866 645 1950 θεωρέοιεν
660 1861 773 1949 άγωνα
788 1861 955 1950 γυμνικόν
970 1864 1025 1931 καί

15 1966 168 2037 ἵππικόν.
192 1965 210 2035 ὁ
225 1969 262 2035 δέ
279 1969 436 2053 ἐπείρετο,
455 1961 475 2032 ό
488 1991 519 2033 τι
533 1961 570 2048 τό
583 1960 711 2032 άεθλον
723 1975 773 2050 είη
785 1983 847 2051 σφι
858 1977 1025 2050 κείμενον,

15 2069 95 2154 περί
109 2064 188 2135 ότέυ
203 2063 437 2154 ἀγωνίζονται·
460 2068 494 2133 οί
510 2061 541 2132 δ’
555 2062 651 2132 είπον
665 2069 721 2151 τῆς
736 2065 846 2151 ἐλαίης
860 2061 921 2132 τόν
932 2063 1027 2131 διδό-

15 2192 124 2236 αενον
139 2169 316 2253 στέφανον.
351 2169 500 2237 ἐνθαῦτα
516 2173 610 2244 εἴπας
625 2161 766 2251 γνύμηυ
782 2162 1026 2250 γενναιοτάτην

15 2271 281 2355 Τριτανταίχμης
302 2263 320 2335 ὁ
341 2263 548 2355 Ἀρταβάνου
569 2271 697 2352 δειλίην
719 2257 811 2351 εόφλε
829 2263 913 2353 πρὸς
927 2273 1025 2354 βασι-

15 2368 101 2442 λέος.
125 2364 385 2451 πυνθανόμενος
398 2363 463 2451 γάρ
477 2360 514 2432 τδ
531 2361 659 2433 άεθλον
673 2361 731 2432 έόν
747 2365 933 2462 στέφανον,
949 2361 1023 2432 ἀλλ’

15 2462 58 2533 ού
73 2461 234 2550 χρήματα,
248 2461 324 2530 οὔτε
335 2460 489 2549 ἠνέσχετο
496 2464 616 2548 σιγέωυ
625 2458 703 2530 είπέ
708 2487 743 2529 τε
753 2462 919 2542 ἐςττάντνς
930 2462 1024 2530 τάδε·

15 2563 149 2647 Παπαί,
168 2560 357 2646 Μαρδόνιε,
373 2566 487 2638 κοίους
502 2557 553 2627 ἐπ’
567 2557 693 2645 άνδρας
705 2556 828 2645 ἤγαγες
841 2561 1026 2646 μαχεσομέ-

15 2684 101 2737 νους
114 2653 232 2746 ἡμέας,
248 2665 283 2727 οἳ
297 2655 339 2726 ού
354 2661 429 2744 περὶ
443 2657 620 2744 χρημάτων
635 2653 695 2724 τόν
709 2654 825 2743 άγῶνα
839 2663 1023 2731 ποιεῦνται,

15 2752 103 2827 άλλδ
118 2757 194 2844 περί
207 2754 334 2844 ἀρετῆς.
362 2755 478 2847 Τούτφ
493 2755 555 2842 μὲν
570 2753 610 2843 δὴ
621 2763 726 2824 ταῦτα
738 2765 867 2843 είρητο,
882 2759 920 2825 ἐν
930 2757 966 2824 δὲ
977 2762 1023 2846 τῷ
1036 2778 1069 2835 οη

15 2852 75 2924 διά
91 2857 193 2942 μέσον
208 2854 330 2946 χρόνῳ,
349 2855 456 2923 ἐπείτε
471 2853 508 2922 τό
525 2857 562 2922 ἐν
574 2855 811 2944 Θερμοπύλῃσι
825 2863 940 2944 τρῶμα
952 2849 1025 2942 ἐγε-

15 2954 127 3043 γόνεε,
142 2951 260 3022 αὐτίκα
272 2957 435 3024 Θεσσαλοί
446 2957 613 3041 πέμπουσι
624 2954 755 3043 κη’ρυκα
767 2959 799 3035 ές
807 2959 954 3043 Φωκέας,
966 2953 1024 3024 άτε

15 3075 81 3139 σφι
97 3051 263 3137 ένέχοντες
279 3057 342 3122 αίελ
355 3053 468 3140 χόλον,
484 3051 549 3120 άπὸ
566 3053 602 3122 δὲ
617 3061 679 3123 τοῦ
691 3052 838 3123 ὑστάτου
853 3054 1024 3142 τραύματος

15 3151 75 3219 καὶ
94 3145 130 3216 τό
151 3147 265 3235 κάρτα.
296 3152 492 3240 ἐσβαλόντες
511 3149 576 3240 γάρ
596 3159 801 3242 πανστρατιῇ
822 3151 920 3220 αύτοί
937 3177 972 3220 τε
992 3156 1027 3220 οί

16 3249 182 3321 Θεσσαλοί
192 3250 248 3315 καί
258 3253 293 3318 οί
301 3250 467 3337 σύμμαχοι
478 3247 591 3319 αύτων
603 3254 637 3332 ἐς
648 3249 728 3332 τούς
739 3253 876 3330 Φωκέας
886 3248 929 3320 ού
938 3260 1024 3320 πολ·

18 3357 106 3418 λοίσι
123 3349 209 3422 ἔτεσι
224 3347 390 3438 πρότερον
404 3349 526 3437 ταύτης
538 3356 595 3438 τῆς
614 3353 768 3440 βασιλέος
784 3355 1023 3438 στρατηλασίης

17 3440 218 3532 έσσόθησαν
234 3441 300 3514 ύπό
317 3453 385 3516 τῶν
396 3451 543 3518 Φωκέων
554 3453 608 3517 καί
622 3450 856 3540 περιέφθησαν
869 3451 1020 3535 τρηχέως.
