2500 3925
144 257 206 322 188
521 260 771 319 HERODOTI

142 415 186 486 ού
203 426 451 506 συμμίσγουσαι
472 415 653 507 ἀλλήλῃσι,
684 413 758 486 ἀλλ’
781 415 857 504 ἀχρι
877 425 935 504 τῆς
952 418 1078 488 ἐσόδου
1092 422 1159 484 τοῦ

141 526 222 608 ἰροῦ
240 523 377 608 ἑκατέρη
397 521 516 606 ἐσέχει,
543 517 566 606 ή
587 519 650 604 μὲν
670 524 710 606 τῇ
729 521 972 612 περιρρέουσα,
998 515 1020 606 ἡ
1042 518 1080 586 δὲ
1101 521 1157 606 τῇ,

142 614 241 708 εύρος
266 621 369 688 ἐοῦσα
394 622 532 706 ἑκατέρη
558 615 678 687 ἑκατόν
701 621 833 697 ποδῶν,
865 622 1020 703 δένδρεσι
1046 615 1157 684 κατά-

141 742 242 800 σκιος.
286 717 328 788 τά
344 721 381 788 δέ
395 721 589 807 προπύλαια
603 718 690 800 ὕψος
704 721 767 805 μὲν
787 723 868 788 δέκα
884 717 1055 806 ὀργυιέων
1070 720 1155 804 ἐστὶ,

140 822 276 892 τύποισι
296 823 334 888 δὲ
354 820 527 906 έξαπήχεσι
558 818 755 890 ἐσκεύασται
789 815 911 898 ἀξίοισι
928 819 1047 906 λόγον.
1092 813 1156 888 έδν

143 917 174 988 δ’
195 922 233 988 ἐν
252 921 335 1006 μέση
355 925 396 1007 τῇ
417 919 497 986 πόλι
517 915 555 986 τό
576 915 654 1006 ἰρδυ
667 924 846 1005 κατορᾶται
860 919 1037 988 πάντοθεν
1051 941 1155 1004 περι-

139 1017 243 1087 ιόντι·
266 1016 324 1084 ἅτε
336 1015 403 1105 γάρ
416 1023 475 1104 τῆς
488 1017 606 1094 πόλιος
619 1016 683 1103 μέν
697 1016 945 1102 ἐκκεχωσμένης
959 1014 1065 1101 ὑψοῦ,
1087 1020 1155 1083 τοῦ

140 1111 173 1183 δ’
195 1121 273 1203 ἰροῦ
293 1111 337 1182 ού
356 1117 579 1202 κεκινημένον
593 1111 638 1194 ἀς
652 1113 803 1202 ἀρχῆθεν
816 1115 978 1202 ἐποιήθη,
1001 1115 1155 1184 ἐσοπτόυ

138 1216 216 1282 ἐστι.
259 1217 410 1301 περιθέει
427 1211 460 1280 δ’
476 1211 558 1282 αύτδ
574 1211 710 1299 αἰμασιή
726 1216 976 1299 ἐγγεγλυμμένη
990 1214 1153 1281 τύποισι·

139 1316 207 1380 ἐστι
229 1308 261 1377 δ’
284 1317 415 1380 ἐσωθευ
435 1309 536 1391 ἀλσος
556 1314 725 1396 δενδρέων
745 1317 911 1398 μεγίστων
931 1315 1154 1398 πεφυτευμέ-

138 1435 201 1477 νον
220 1413 296 1498 περί
310 1408 396 1498 νηόν
409 1414 533 1499 μέγαν,
553 1413 650 1501 ἐντῷ
664 1407 705 1496 δή
721 1407 878 1496 τῶγαλμα
893 1416 960 1479 ἐνι·
991 1403 1096 1497 εύρος
1112 1415 1154 1478 δὲ

137 1509 193 1576 καί
213 1513 317 1595 μῆκος
337 1516 398 1576 τοῦ
418 1513 495 1597 ἰροῦ
515 1511 626 1597 πάντη
646 1512 784 1577 σταδίου
799 1513 876 1578 ἐστί.
920 1507 1004 1578 κατὰ
1020 1511 1086 1596 μὲν
1103 1507 1151 1598 δή

135 1594 199 1704 τήν
223 1609 343 1674 ἐσοδον
367 1609 557 1695 ἐστρωμένη
582 1610 651 1676 ἐστὶ
677 1605 755 1686 ὁδός
778 1616 882 1676 λίθον
904 1611 960 1678 έπί
984 1615 1153 1690 σταδίους

136 1719 225 1792 τρεῖς
244 1706 388 1792 μάλιστά
408 1733 467 1796 κη,
490 1705 545 1774 διά
562 1712 620 1792 τῆς
641 1702 764 1791 ἀγορῆς
786 1713 937 1793 φέρουσα
955 1709 990 1787 ἐς
1002 1706 1041 1775 τό
1058 1707 1154 1796 πρὸς

133 1802 202 1891 ήῶ,
225 1799 325 1893 εύρος
344 1806 381 1874 δέ
401 1803 446 1885 ἀς
465 1809 632 1893 τεσσέρων
651 1807 827 1892 πλέθρων·
847 1813 888 1894 τῇ
902 1807 939 1873 δὲ
953 1810 1010 1876 καί
1023 1815 1065 1895 τῇ
1087 1814 1153 1894 τῆς
1233 1835 1234 1838 “

134 1903 220 1975 ὁδοῦ
234 1908 374 1993 δένδρεα
388 1903 622 1994 οὐρανομήκεα
636 1907 782 1991 πέφυκε·
805 1907 901 1990 φέρει
915 1902 947 1973 δ’
965 1907 999 1985 ἐς
1013 1903 1152 1995 Ἑρμέω

72 2025 124 2082 139
134 2002 221 2091 ἱρόν.
264 2000 303 2069 τό
318 2001 438 2091 μένδή
473 2002 536 2090 ρδν
555 2010 655 2071 τοῦτο
676 2001 765 2070 οὕτω
779 2008 854 2088 ἔχει.
902 2007 1005 2085 Τέλος
1027 2006 1066 2075 δὲ
1086 2015 1153 2095 τῆς

134 2097 328 2187 ἀπαλλαγῆς
341 2108 402 2167 τοῦ
416 2107 582 2180 Αἰθίοπος
597 2094 662 2169 ύδε
677 2108 793 2188 ἔλεγον
809 2108 984 2188 γενέσθαι·
1005 2105 1091 2189 ὄψιν
1109 2111 1150 2177 ἐν

133 2204 179 2287 τῷ
207 2196 306 2288 ύπνηι
332 2199 467 2288 τοιήνδε
492 2200 607 2269 ἰδόντα
636 2198 741 2268 αὐτόν
766 2210 918 2287 οἰχεσθαι
948 2207 1149 2293 φεύγοντα·
1231 2194 1232 2201 ¹

134 2297 251 2366 ἐδόκεέ
271 2302 305 2366 οἰ
333 2296 442 2387 ἀνδρα
468 2302 647 2370 ἐπιστάντα
672 2302 919 2388 συμβουλεύειν
941 2302 1024 2385 τούς
1049 2311 1151 2395 ἰρέας

133 2395 212 2479 τούς
236 2400 274 2466 ἐν
299 2400 460 2493 Αἰγύπτῳ
484 2405 687 2483 συλλέξαντα
710 2403 836 2481 πάντας
866 2407 999 2489 μέσους,
1023 2410 1149 2474 διατα-
1230 2396 1231 2399 ¹

130 2508 222 2586 μελν·
268 2498 384 2569 ἰδόντα
404 2502 442 2569 δέ
466 2498 529 2587 τήν
556 2499 637 2581 ὄψιν
657 2502 783 2585 ταύτην
806 2505 919 2587 λέγειν
939 2500 1066 2590 αὐτόν,
1098 2503 1149 2585 ὡς

131 2596 304 2684 πρόφασίν
324 2603 359 2667 οἰ
377 2602 488 2669 δοκέοι
508 2601 634 2685 ταύτην
653 2596 733 2677 τούς
752 2598 859 2680 θεούς
877 2604 1146 2688 προδεικνύναι,

130 2699 188 2763 ἵνα
208 2694 374 2786 ἀσεβήσας
390 2702 467 2785 περί
486 2697 526 2767 τά
547 2695 605 2784 ἰρά
625 2698 732 2766 κακόν
752 2724 784 2766 τι
800 2698 885 2785 πρὸς
898 2708 994 2768 θεῶν
1014 2696 1148 2789 ήπρὸς
1228 2780 1229 2797 ¹

131 2795 326 2885 ἀνθρώπων
346 2800 461 2889 λάβοι·
491 2797 554 2867 ούκ
575 2792 624 2867 όν
644 2799 799 2885 ποιήσειν
818 2807 941 2887 ταῦτα,
970 2798 1057 2872 ἀλλά
1072 2805 1147 2892 γάρ

130 2902 164 2969 οἰ
187 2902 424 2988 ἐξεληλυθέναι
449 2897 510 2968 τόν
536 2898 679 2986 χρόνον,
709 2895 835 2966 ὁκόσον
859 2908 1047 2987 κεχρῆσθαι
1074 2902 1144 2987 ἀρ-

128 3002 229 3080 ξαυτα
243 3001 420 3087 Αἰγύπτου
435 2997 646 3085 ἐκχωρήσειν.
676 2998 713 3065 ἐν
726 2994 791 3083 γάρ
805 3004 845 3086 τῇ
859 3004 1027 3089 Αἰθιοπίη
1045 3002 1145 3071 ἐόντι
1226 3068 1227 3091 3

127 3098 217 3191 αὐτῷ
231 3098 271 3167 τά
286 3098 446 3187 μαντήια,
467 3111 551 3166 τοῖσι
565 3098 718 3184 χρέονται
733 3103 913 3185 Αἰθίοπες,
935 3097 1067 3189 ἀνεῖλε,
1095 3103 1146 3185 ὡς
1226 3100 1227 3137 ἰ

127 3200 196 3265 δέοι
211 3195 317 3265 αὐτόν
330 3196 507 3284 Αἰγύπτου
520 3204 717 3283 βασιλεῦσαι
732 3204 807 3265 ἐτεα
825 3201 1047 3288 πεντήκοντα.
1092 3205 1145 3287 ὥς
1225 3254 1226 3271 ι

125 3286 173 3360 ἀν
187 3291 206 3362 ὁ
220 3293 341 3381 χρόνος
356 3287 455 3372 οὗτος
470 3295 556 3380 ἐξήιε
570 3298 625 3363 καὶ
640 3293 781 3383 αύτόυὴ
799 3295 876 3379 ὄψις
889 3309 952 3369 τοῦ
966 3304 1143 3376 ἐνυπνίου

122 3392 344 3479 ἐπετάρασσε,
371 3388 457 3457 ἑκάν
483 3388 729 3463 ἀπαλλάσσεται
755 3398 791 3463 ἐκ
818 3404 876 3485 τῆς
907 3404 1090 3489 Αἰγύπτου
1117 3403 1142 3475 ὁ

120 3491 295 3578 Σαβακοός.
