2500 3925
345 218 432 275 ΗΒ.
463 219 508 273 111.
542 216 641 279 cAP.
672 221 814 277 49—52.
1022 215 1086 281 m

92 378 284 461 δεξαμένοισι
300 380 355 445 καὶ
370 378 517 461 ἐξέργειν
531 375 737 457 κελεύοντος.
761 374 1035 469 ἀπελαυνόμενος
1049 378 1081 449 δ’

91 469 130 541 όν
146 470 191 561 ήιε
210 472 264 542 ἐπ’
282 475 399 561 ἐτέρην
417 481 486 542 τῶν
507 476 664 561 ἑταίρων·
686 480 721 545 οί
740 478 776 546 δέ
794 475 851 547 ἅτε
867 480 1083 569 Περιάνδρου

90 572 174 640 ε’όντα
186 577 307 661 παῖδα,
323 580 443 660 καίπερ
458 577 701 661 δειμαίνοντες,
716 572 806 661 ὅμως
820 580 984 647 ἐδέκοντο.
1027 580 1080 647 τέ-
1095 596 1130 650 5²

89 680 137 751 λος
149 672 181 740 δέ
192 670 209 741 ό
221 678 432 762 Περίανδρος
446 673 601 761 κήρυγμα
611 673 800 762 ἐποιήσατο,
813 672 850 755 ὃς
862 669 938 764 άνή
949 680 1081 745 οἰκίοισι

90 769 275 859 ὑποδέξηταί
289 799 348 860 μιν
361 768 384 859 ή
397 771 663 861 προσδιαλεχθῇ,
678 769 756 860 ἱρήν
770 778 887 860 ζημίην
901 778 1023 841 τοῦτον
1035 778 1081 863 τῷ

86 866 252 938 Ἀπόλλωνι
274 866 441 957 ὀφείλειν,
464 865 591 956 ὁσηνδή
614 876 717 948 είπας.
748 866 832 957 πρός
853 860 902 939 όν
923 865 1080 957 δήτοῦτο

87 966 117 1033 τό
137 968 291 1057 κήρυγμα
312 966 390 1038 οὔτε
409 978 458 1048 τίς
478 973 513 1037 οί
532 971 746 1055 διαλέγεσθαι
771 967 848 1037 οὔτε
869 973 1003 1038 οίκίοισι
1024 970 1081 1037 δέ-

60 1102 66 1113 1
87 1076 190 1136 κεσθαι
205 1065 327 1155 ήθελε·
349 1065 433 1151 πρὸς
448 1066 485 1134 δέ
496 1063 576 1135 οὐδὲ
587 1062 688 1145 αιἰτός
703 1069 829 1147 ἐκεῖνος
844 1068 991 1137 ἐδικαίευ
1004 1090 1080 1135 πει-

86 1172 195 1251 ρᾶσθαι
207 1163 453 1253 ἀπειρημένου,
465 1160 549 1233 ἄλλά
561 1165 807 1253 διακαρτερέων
816 1166 854 1234 ἐν
864 1172 938 1254 τῇσι
950 1171 1077 1255 στοιήσι

84 1266 289 1333 ἐκαλινδέετο.
317 1263 457 1352 τετάρτη
478 1259 510 1329 δ’
532 1259 639 1350 ἡμέρη
655 1261 739 1331 ίδιόν
752 1287 812 1349 μιν
835 1260 853 1333 ὁ
871 1267 1078 1352 Περίανδρος

84 1358 249 1451 ἀλουσίησί
260 1386 297 1429 τε
308 1359 515 1450 καλάσιτίησι
527 1361 792 1447 συμπεπτωκότα
804 1369 960 1449 οίκτειρε·
982 1356 1079 1442 ὑπεὶς

85 1458 113 1527 δὲ
127 1466 179 1547 τής
193 1458 299 1547 ὀργῆς
313 1457 364 1546 ἤιε
379 1452 486 1527 ἆσσον
500 1460 555 1527 καὶ
569 1464 678 1546 ἔλεγε·
706 1452 747 1527 ’.Ω
762 1473 838 1546 παλ,
859 1457 979 1547 κότερα
995 1457 1077 1529 τού·

82 1584 138 1624 των
150 1557 354 1647 αἱρετώτερα
374 1560 460 1644 ἐστι,
480 1564 586 1625 ταῦτα
602 1554 643 1625 τά
664 1563 731 1625 νῦν
752 1563 837 1645 έχων
856 1557 1032 1646 πρήσσεις,
1055 1551 1078 1643 ἢ

81 1653 132 1743 τήν
138 1658 323 1743 τυραννίδα
330 1652 432 1721 καὶτὰ
440 1651 569 1745 ἀγαθά,
581 1653 694 1723 τὰνῦν
703 1656 767 1743 ἐγω
777 1664 853 1747 έχω,
859 1664 963 1726 ταῦτα
978 1657 1077 1725 ἐόντα

82 1761 119 1843 τῷ
127 1756 221 1840 πατρὶ
236 1752 413 1842 ἐπιτήδεον
423 1753 716 1842 παραλαμβάνεινς
740 1750 855 1833 όςέόν
866 1754 943 1841 ἐμός
953 1780 988 1823 τε
999 1768 1076 1833 παίς

82 1855 126 1921 καὶ
139 1860 319 1939 Κορίνθου
334 1858 392 1941 τῆς
408 1850 606 1939 εὐδαίμονος
621 1848 780 1941 βασιλεὺς
795 1849 921 1942 ἀλήτην
935 1858 1012 1941 βίρν
1027 1854 1076 1921 εἳ-

80 1959 145 2039 λεο,
164 1947 391 2022 ἀντιστατέων
405 1978 441 2020 τε
454 1952 509 2020 καὶ
526 1947 611 2041 ὀργή
625 1950 805 2039 χρεόμενος
827 1953 860 2032 ἐς
873 1950 934 2022 τόν
949 1972 986 2020 σε
999 1949 1075 2039 ήκε-

80 2067 129 2115 σια
142 2057 235 2138 χρήν.
268 2056 298 2118 εί
310 2051 376 2139 γάρ
395 2077 445 2130 τις
465 2046 623 2138 συμφορή
642 2052 679 2118 ἐν
699 2046 828 2119 αὐτοῖσι
849 2048 1018 2139 ἐγεγόνεε,
1041 2050 1074 2128 ἐξ

79 2141 110 2235 ἧς
127 2148 276 2238 ὑποψίην
296 2153 329 2230 ές
350 2151 406 2238 ἐμὲ
426 2156 525 2237 ἔχεις,
549 2152 625 2238 έμοί
641 2177 676 2219 τε
694 2149 779 2239 αὕτη
797 2153 915 2239 γέγονε
935 2155 991 2220 καὶ
1008 2147 1072 2238 έγιό

80 2244 165 2336 αὐτῆς
181 2246 219 2318 τό
236 2256 345 2318 πλεῦν
362 2248 497 2337 μέτοχός
513 2255 594 2336 είμι,
608 2246 677 2342 ὅσῳ
688 2249 789 2332 αὐτός
799 2272 886 2340 σφεα
894 2249 1073 2340 ἐξεργασά-

79 2373 142 2433 μην.
173 2345 217 2416 σύ
240 2349 278 2416 δὲ
304 2345 443 2434 μαθών,
466 2344 535 2438 όσφ
560 2351 770 2434 φθονέεσθαι
796 2351 939 2439 κρέσσον
960 2350 1027 2418 ἐστὶ
1052 2343 1073 2434 ή

79 2452 307 2537 οἰκτείρεσθαι,
331 2446 400 2535 ἅμα
419 2472 456 2516 τε
480 2444 597 2516 ὁκοῖόν
620 2475 653 2517 τι
677 2452 711 2529 ές
730 2448 810 2531 τοὺς
829 2453 945 2531 τοκέας
964 2453 1018 2519 καὶ
1040 2452 1073 2530 ἐς

79 2542 143 2624 τούς
155 2549 340 2636 κρέσσονας
353 2553 592 2635 τεθυμῶσθαι,
616 2545 716 2617 άπιθι
730 2551 763 2629 ἐς
777 2547 818 2617 τά
834 2555 930 2618 οίκία.
968 2553 1072 2632 Περί-

78 2649 185 2733 ανδρος
199 2647 264 2733 μὲν
277 2647 425 2715 τούτοισι
440 2643 546 2715 αὐτόν
559 2647 805 2736 κατελάμβανε,
829 2645 847 2717 ὁ
862 2649 899 2716 δέ
913 2646 994 2715 ἄλλο
1009 2648 1072 2734 μὲν

79 2741 164 2814 οὐδέν
184 2743 355 2836 ἀμείβεται
379 2743 440 2814 τόν
462 2749 604 2836 πατέρα,
628 2753 693 2834 ἔφη
716 2749 756 2816 δέ
773 2773 833 2834 μιν
854 2743 932 2835 ίρήν
953 2751 1071 2834 ζημίην

79 2843 212 2933 ὀφείλειν
225 2856 273 2941 τῷ
290 2855 364 2942 θεῷ
380 2851 495 2942 ἑωυτῷ
509 2852 542 2930 ἐς
563 2849 686 2937 λόγους
703 2845 916 2937 ἀπικόμενον.
947 2845 1070 2936 μαθόυ

79 2945 106 3012 δὲ
118 2944 134 3014 ὁ
144 2952 369 3037 Περίανδρος,
391 2945 415 3017 ὦ
420 2975 437 3029 ς
452 2946 582 3037 α”πορόν
595 2976 626 3016 τι
640 2946 677 3018 τό
692 2946 801 3020 κακόν
815 2959 866 3037 είη
877 2955 938 3017 τοῦ
951 2943 1071 3024 παιδός

78 3049 121 3115 καὶ
142 3045 316 3138 ἀνίκητον,
340 3052 373 3130 έξ
396 3046 586 3135 ὀφθαλμόν
606 3075 665 3138 μιν
692 3046 920 3137 ἀποπέμπεται
942 3049 1070 3122 στείλας

78 3159 180 3220 πλοῖον
197 3156 231 3233 ἐς
245 3154 441 3242 Κέρκυραν·
465 3152 642 3240 ἐπεκράτεε
661 3149 727 3240 γάρ
748 3154 802 3220 καὶ
822 3148 951 3234 ταύτης.
984 3141 1066 3212 ἀπο

79 3257 191 3333 στείλας
215 3255 252 3321 δέ
276 3259 399 3321 τοῦτον
424 3249 442 3320 ὁ
463 3255 674 3341 Περίανδρος
697 3247 909 3334 ἐστρατεύετο
935 3245 987 3312 ἐπὶ
1008 3265 1070 3311 τον

78 3348 234 3438 πενθερόν
253 3356 409 3440 Προκλέα
430 3349 474 3431 άις
498 3357 567 3419 τῶν
587 3349 784 3436 παρεόντων
810 3351 843 3414 υί
864 3341 1068 3433 πρηγμάτων

79 3445 161 3520 ἐόντα
176 3455 388 3543 αίτιότατον,
410 3456 464 3524 καὶ
480 3448 546 3523 εἷλε
560 3453 623 3540 μέν
638 3449 700 3540 τήν
711 3449 926 3536 Ἐπίδαυρον,
949 3441 1014 3514 εἷλε
1031 3444 1066 3510 δὲ
