2500 3925
149 230 191 294 70
525 237 778 295 EERODOTI

150 397 304 481 βασιλέα,
322 393 389 474 έςδ
406 394 508 483 γήραι
519 399 603 482 μέγα
614 393 728 483 ὄλβιος
737 393 805 466 &dv
814 396 1008 486 ἐτελεύτησε
1020 399 1160 480 ένΠέρ·

149 514 234 583 σησι.
274 494 401 582 Σάμιοι
422 495 458 564 δέ
472 493 742 581 ἀπαλλαχθέντες
756 497 890 582 Μήδων
902 495 1045 583 ἀπονητὶ
1059 497 1168 566 πόλιν

102 605 136 658 25
152 599 331 679 καλλίστην
348 594 504 680 Ζάγκλην
521 597 783 682 περιεβεβλέατο.
805 595 888 681 μετὰ
904 599 941 666 δὲ
955 596 1018 684 τήν
1027 623 1169 683 ναυμα-

149 700 225 780 χίην
239 690 301 778 τὴν
322 690 408 779 ὑπὲρ
426 693 580 780 Μιλήτου
597 696 785 779 γενομένην
801 701 957 774 Φοίνικες
976 696 1171 768 κελευσάν-

150 819 218 860 των
228 797 389 880 Περσέων
400 800 546 882 κατῆγον
557 795 718 881 ἐςΣάμον
728 796 856 863 Αίάκεα
866 795 928 865 τδν
937 804 1170 874 Συλοσῶντος

151 888 196 970 ὡς
210 899 339 960 πολλοῦ
356 919 392 960 τε
406 892 502 973 ἀξιον
517 893 705 979 γενόμενον
719 900 815 979 σφίσι
828 891 884 964 καί
897 895 1027 981 μεγάλα
1040 919 1168 981 κατερ-

149 990 350 1076 γασάμενον.
374 996 429 1060 καὶ
440 999 599 1079 Σαμίοισι
609 992 767 1079 μούνοισι
781 992 1079 1063 τόνάποστάντων
1093 993 1165 1063 ἀπο

149 1095 299 1175 Δαρείου
314 1089 370 1157 διά
386 1091 448 1178 τήν
463 1099 612 1174 ἔκλειψιν
622 1099 691 1159 τόν
706 1100 794 1163 νεολν
808 1092 871 1180 τήν
885 1097 923 1162 έν
936 1103 977 1184 τῇ
992 1098 1167 1181 ναυμαχίη

148 1186 261 1274 οάτεὴ
277 1189 374 1268 πόλις
385 1190 462 1259 οὔτε
473 1190 512 1259 τά
525 1189 581 1275 ίρά
596 1193 799 1278 ἐνεπρήσθη.
828 1193 988 1281 Μιλήτου
1002 1193 1040 1262 δὲ
1053 1191 1166 1260 ἀλοά-

149 1309 210 1375 σης
226 1287 345 1358 αὐτίκα
359 1297 492 1379 Καρίην
507 1299 604 1380 έσχον
619 1299 655 1362 οί
666 1296 810 1381 Πέρσαι,
825 1293 885 1374 τάς
898 1299 962 1381 μὲν
976 1293 1167 1379 ἐθελοντήν

150 1394 216 1454 τῶν
231 1393 358 1456 πολίων
369 1387 608 1479 ὑποκυψάσας,
626 1390 686 1471 τάς
696 1396 733 1462 δέ
747 1392 879 1483 ἀνάγκη
892 1396 1162 1484 προσηγάγοντο.

101 1514 135 1569 ης
238 1495 349 1557 Ταῦτα
361 1493 423 1577 μὲν
435 1490 475 1578 δή
488 1491 578 1560 οὕτω
594 1497 731 1580 ἐγίνετο,
742 1491 883 1585 Ἱστιαίῳ
893 1499 931 1564 δὲ
943 1502 990 1587 τῷ
1002 1500 1165 1584 Μιλησίῳ

148 1586 239 1654 ἐόντι
255 1592 332 1672 περὶ
343 1590 528 1670 Βυζάντιον
538 1595 593 1659 καὶ
608 1594 879 1680 συλλαμβάνοντι
893 1591 953 1690 τδρ
965 1592 1090 1662 Ἰάνων
1101 1589 1165 1659 ὃλ-

149 1684 253 1764 κάδας
269 1689 485 1770 έκπλωοόσας
500 1693 536 1758 ἐκ
553 1698 615 1758 τοῦ
629 1691 766 1758 Πόντου
784 1693 1013 1778 ἐξαγγέλλεται
1026 1689 1067 1759 τά
1084 1692 1164 1773 περὶ

150 1792 304 1873 Μίλητον
314 1789 490 1875 γενόμενα.
512 1788 626 1876 τὰμὲν
641 1790 682 1876 δή
694 1789 771 1876 περὶ
781 1788 1028 1877 Ἑλλήσποντον
1042 1796 1165 1875 ἔχοντα

148 1889 325 1976 πρήγματα
337 1891 508 1976 ἐπιτράπει
517 1891 665 1977 Βισάλτη
676 1888 944 1976 Ἀπολλοφάνεος
954 1892 1050 1958 παιδὶ
1059 1885 1164 1976 Ἀβυ-

148 1993 239 2080 δηυςό
247 2042 257 2076 ,
273 1987 374 2068 αὐτὸς
388 1991 425 2057 δὲ
440 1996 526 2075 έχων
540 1997 705 2078 Λεσβίους
719 1993 753 2068 ές
765 1996 851 2057 Χίον
865 1994 983 2076 ἔπλωε,
998 1989 1056 2055 καὶ
1066 1992 1164 2054 Χίων

147 2093 282 2173 φρουρῇ
297 2083 339 2152 οὐ
353 2090 556 2175 προσιεμένη
571 2113 631 2173 μιν
642 2090 806 2174 συνέβαλε
820 2089 858 2153 έν
868 2092 1023 2154 Κοίλοισι
1037 2094 1163 2153 καλεο-

146 2184 277 2267 μένοισι
288 2190 345 2269 τῆς
356 2190 439 2271 Χίης
448 2185 566 2272 χώρης.
585 2187 716 2253 τούτων
725 2210 762 2253 τε
772 2185 814 2271 δὴ
825 2185 990 2272 ἐφόνευσε
1000 2182 1163 2270 συχνοὺς,

146 2284 280 2347 καὶτῶν
294 2289 422 2349 λοιπῶν
432 2291 541 2371 Χίων,
558 2280 612 2352 οἷα
629 2283 669 2371 δή
686 2287 930 2371 κεκακωμένων
943 2286 980 2353 έκ
1000 2291 1059 2370 τῆς
1072 2308 1161 2349 ναυ·

145 2387 279 2469 μαχίης,
301 2380 319 2449 ὁ
333 2380 484 2463 Ἱστιαῖος
498 2390 583 2471 έχων
606 2383 686 2464 τούς
699 2392 863 2471 Λεσβίους
878 2382 1100 2471 ἐπεκράτησε,
1124 2384 1163 2449 έκ

98 2496 131 2549 27
146 2485 313 2567 Πολίχνης
330 2488 388 2566 τής
401 2489 495 2551 Χίων
510 2480 722 2570 δρμεόμενος.
761 2486 873 2551 Φιλέει
891 2485 929 2550 δέ
946 2508 1016 2561 κως
1028 2498 1163 2566 προση-

144 2585 293 2665 μαίνειν,
312 2574 382 2648 εὖτ’
395 2577 440 2649 ἀν
455 2586 557 2669 μέλλῃ
573 2581 701 2667 μεγάλα
716 2578 803 2647 κακά
817 2576 929 2665 ήπόλι
943 2576 965 2665 ἢ
977 2586 1074 2647 ἔθνει
1085 2584 1162 2645 ἔσε-

145 2686 243 2743 σθαι·
272 2680 328 2743 καὶ
347 2676 412 2765 γάρ
430 2685 542 2747 Χίοισι
560 2676 625 2760 πρὸ
645 2678 775 2745 τούτων
796 2676 921 2764 σημήια
939 2676 1070 2762 μεγάλα
1086 2676 1162 2760 έγέ-

143 2801 229 2844 νετο.
251 2784 349 2846 τοῦτο
362 2781 425 2863 μέν
435 2799 496 2866 σφι
507 2782 655 2865 πέμψασι
666 2773 868 2862 έςΛελφοδς
878 2773 982 2862 χορόν
993 2777 1160 2861 νεηνιέων

144 2872 264 2943 έκατόν
281 2876 344 2944 δύο
360 2885 482 2964 μοῦνοι
499 2877 630 2946 τούτων
644 2875 896 2961 ἀπενόστησαν,
919 2871 1000 2952 τούς
1014 2875 1053 2939 δέ
1070 2871 1158 2940 όκττι

143 3002 179 3045 τε
200 2979 255 3045 καί
276 2976 479 3063 ἐνενήκοντα
503 2975 617 3045 αὐτῶν
641 2975 757 3062 λοιμός
780 2972 964 3060 ὑπολαβών
984 2971 1159 3059 ἀπήνεικε,

143 3083 241 3144 τοῦτο
257 3075 293 3143 δὲ
303 3078 341 3143 έν
354 3084 393 3167 τῇ
404 3078 482 3146 πόλι
493 3074 553 3145 τόν
565 3074 670 3145 αὐτόν
683 3083 805 3143 τοῦτον
815 3074 956 3162 χρόνον,
971 3070 1076 3164 όλίγφ
1091 3070 1158 3155 πρὸ

142 3180 199 3261 τῆς
216 3182 416 3263 ναυμαχίης,
432 3178 525 3245 παισὶ
541 3177 719 3265 γράμματα
733 3174 1004 3257 διδασκομένοισι
1019 3174 1159 3239 ἐνέπεσε

141 3270 163 3355 ἡ
178 3274 293 3359 στέγη,
317 3272 402 3343 εόστε
416 3272 475 3343 ἀπ’
492 3274 612 3345 έκατδν
629 3278 686 3343 καλ
700 3283 805 3342 είκοσι
819 3276 951 3339 παίδων
966 3266 1012 3349 εἷς
1026 3277 1158 3357 μοῦνος

140 3369 303 3456 ἀπέφυγε.
333 3381 438 3442 ταῦτα
453 3380 516 3463 μέν
531 3398 593 3463 σφι
610 3374 736 3462 σημήια
751 3370 769 3440 ὁ
786 3370 869 3451 θεὸς
882 3372 1056 3458 προέδεξε,
1072 3369 1158 3458 μετὰ

142 3469 178 3535 δέ
204 3477 309 3537 ταῦτα
331 3472 353 3557 ἡ
374 3484 541 3562 ναυμαχίη
562 3474 782 3560 ὑπολαβοῦσα
803 3476 836 3553 ές
861 3471 949 3559 γόνυ
969 3470 1032 3558 τήν
1053 3470 1160 3539 πόλιν
