2500 3925
385 244 469 301 LIB.
501 245 534 302 n.
577 246 675 305 CAP.
709 254 795 308 21-
806 255 849 310 ’λθ
1039 246 1122 312 »ΗῚ

116 425 170 485 την
196 398 291 482 οἰκός
321 407 425 490 διψῆν
449 429 485 472 τε
512 401 649 474 ὑδάτων
674 406 818 492 μάλιστα
843 409 953 479 καλ
917 439 957 480 τα
978 410 1120 501 έγχώρια

114 500 259 585 όεόματα
274 509 501 590 μαραίνεσθαι
515 509 585 573 ταῖν
600 511 769 592 ποταμών.
809 504 867 587 Ως
888 507 924 576 66
946 511 983 578 έν
1002 511 1118 580 πλέονι
1133 529 1168 584 το

9 618 10 645 ³
114 595 198 691 λόγῳ
218 604 388 689 δηλώσαι,
413 594 480 670 τάδε
502 607 585 689 ἔχει
614 601 748 684 διεξιών
770 612 828 693 τῆς
844 605 974 724 Λιβύης
993 605 1032 676 τά
1048 605 1119 676 ἀνω

111 692 232 784 ὑῆλιος
246 699 327 768 τάδε
337 698 504 770 ποιέει·”
480 725 539 768 ατε
554 697 611 770 διά
625 701 752 783 παντὸς
766 709 828 771 τοῦ
841 704 968 792 χρόνον
982 711 1119 792 αἰθρίου

109 823 142 865 τε
156 797 274 879 ἐόντος
288 825 351 868 τον
336 796 465 888 ἠέρος
481 805 544 868 τοῦ
564 797 649 868 κατά
663 809 768 870 ταῦτα
788 799 828 868 τά
847 808 952 888 χωρία
969 806 1025 873 καλ
1042 804 1120 874 ἀλε-

109 904 197 985 εινῆς
213 904 274 985 τῆς
287 897 398 986 χώρης
412 896 552 984 έοόσης,
581 895 646 967 οὑκ
671 897 799 968 έόντων
818 896 954 988 ἀνέμων
968 908 1118 990 ψυχρῶν,

107 993 242 1077 διεξιών
258 1000 365 1066 ποιέει
379 992 455 1065 οἷόν
474 1021 538 1086 περ
555 1001 613 1066 καὶ
627 996 665 1066 τό
682 1000 786 1086 θέρος
803 1006 891 1070 ἔωθε
912 1004 1040 1070 ποιέειν
1056 998 1118 1070 ίών

107 1096 140 1166 τό
157 1099 265 1184 μέσον
280 1104 343 1166 τοῦ
358 1095 519 1186 οὑρανοῦ.
556 1102 646 1168 ἕλκει
662 1097 728 1187 γάρ
746 1098 798 1169 ἐπ’
818 1099 945 1172 έωυτὺν
960 1099 997 1172 τό
1014 1101 1118 1190 ὕδωρ,

106 1196 251 1276 έλκάσας
264 1195 303 1266 δὲ
321 1193 471 1266 ἀπωθέει
484 1199 520 1276 ές
535 1195 576 1266 τά
591 1195 664 1266 ἀνω
678 1207 800 1286 χωρία,
821 1197 1118 1289 ὑπολαμβάνοντες

106 1299 141 1364 δέ
156 1299 192 1363 οί
205 1293 326 1382 ἀνεμοι
343 1299 399 1365 καλ
416 1297 671 1378 διασκιδνάντες
691 1298 848 1384 τήκουσι·
872 1305 932 1369 καί
945 1304 1010 1367 είσι
1025 1297 1117 1367 ολκό·

104 1423 168 1476 τως
182 1400 217 1464 οί
229 1392 297 1464 ἀπό
312 1395 434 1483 ταύτης
441 1397 509 1484 ’τῆς
524 1397 636 1486 χώρης
657 1399 833 1484 πνέοντες,
861 1395 881 1466 6
894 1423 930 1466 τε
949 1397 1048 1478 νότος
1062 1398 1117 1466 καί

103 1597 144 1664 δέ
168 1620 228 1683 μοι
255 1593 336 1665 οὑδὲ
358 1603 430 1665 πάν
457 1594 496 1666 τό
516 1595 611 1686 ὕδωρ
632 1595 670 1666 τό
695 1600 831 1667 έτέτεον
854 1595 1010 1666 ἑκάστοτε
1031 1592 1118 1662 ἀπο·

105 1698 298 1783 κε’,ιιπεσθαι
311 1703 375 1764 τοῦ
388 1704 518 1766 Νείλου
532 1695 552 1767 6
567 1694 674 1786 ἥλιος,
701 1693 785 1766 ἀλλά
800 1700 856 1766 καλ
872 1694 1118 1766 ὑπολείπεσθαι

103 1797 179 1881 περὶ
194 1793 333 1864 ἑωυτόν.
370 1798 612 1883 πρηϋνομένου
627 1797 665 1864 δέ
679 1801 740 1864 τοῦ
759 1801 921 1882 χειμῶνος
941 1791 1117 1879 ἀπέρχεται

102 1891 120 1964 6
135 1891 232 1982 ἥλιος
252 1896 287 1973 ές
310 1896 415 1981 μέσον
429 1892 490 1962 τόν
510 1891 663 1984 οὑρανόν
678 1892 802 1979 ὀπίσω,
829 1894 886 1961 καλ
899 1891 937 1962 τό
955 1895 1116 1961 ἐνθεῦτεν

100 1992 163 2083 ἤδη
185 1992 313 2082 ὁμοίως
334 1992 401 2063 ἀπό
421 1995 562 2064 πάντων
584 1998 674 2065 ἕλκει
690 2001 758 2063 τών
775 1997 943 2079 ποταμῶν.
984 1994 1064 2071 τέως
1079 1990 1116 2059 66

100 2100 134 2164 ολ
147 2094 213 2183 μὲν
227 2092 375 2185 ὀμβρίου
389 2094 513 2176 ὕδατος
534 2098 811 2184 συμμισγομένου
828 2098 956 2162 πολλοῦ
973 2088 1114 2176 αὑτοῖσι,

98 2195 156 2265 ἀτε
171 2193 322 2286 ὑομένης
336 2224 373 2267 τε
393 2206 452 2287 τῆς
464 2197 576 2288 χώρης
591 2199 647 2267 καὶ
664 2197 979 2285 κεχαραδρωμένης,
1000 2196 1115 2281 ῥέουσι

97 2297 260 2386 μεγάλοι,
284 2305 346 2367 τοῦ
368 2302 405 2368 δέ
427 2304 549 2384 θέρεος
569 2305 640 2368 τών
658 2324 696 2367 τε
716 2296 854 2386 ὄμβρων
874 2294 1116 2366 ἐπιλειπόντων

96 2393 226 2477 αὑτοὺς
247 2395 345 2466 καί*
326 2396 394 2467 υπό
416 2425 479 2468 του
463 2396 595 2487 ’ἡλίου
616 2397 793 2484 ἑλκόμενοι
808 2393 968 2474 ἀσθενέες
986 2397 1058 2463 εἰσί.
1095 2387 1114 2460 6

95 2499 132 2566 δὲ
146 2505 278 2577 Νεῖλος
293 2495 360 2567 έών
376 2497 565 2588 ἄνομβρος,
589 2498 770 2585 ἑλκόμενος
790 2495 862 2565 δὲ
844 2494 910 2565 υπό
926 2519 989 2564 του
973 2489 1114 2582 ἡλίου,

93 2602 227 2682 μοῦνος
258 2604 422 2684 ποταμῶν
452 2605 576 2668 τοῦτον
601 2594 664 2665 τόν
694 2596 820 2685 χρόνον
847 2593 985 2673 οίκότως
1013 2586 1114 2668 αὑτός

92 2696 228 2763 ἑωυτοῦ
250 2696 320 2781 βέει
342 2703 455 2788 πολλῷ
477 2690 768 2783 ὑποδεέστερος
745 2722 766 2782 η
791 2699 853 2762 τοῦ
874 2694 1012 2779 θέρεος·
1038 2687 1114 2756 τότε

91 2794 156 2878 μὲν
172 2790 242 2879 γάρ
256 2790 342 2880 μετά
356 2794 498 2863 πάντων
513 2802 583 2864 τών
597 2793 735 2864 ὑδάτων
750 2802 826 2863 ι’σον
842 2794 980 2876 ἕλκεται,
1001 2785 1062 2855 τόν
1077 2786 1113 2853 66

91 2898 246 3015 χειμῶνα
272 2899 402 2979 μοῦνος
426 2898 580 2976 πιέζεται.
619 2892 713 2961 οὑτω
738 2888 800 2961 τόν
822 2888 921 2978 ἥλιον
951 2882 1113 2971 νενόμικα

91 2990 229 3060 τοῦτον
242 3001 355 3061 αἴτιον
370 2990 465 3060 εἶναι.
497 2999 615 3071 Αλτιος
630 2988 707 3060 δέ’
685 2988 793 3069 ωυτός
808 2981 906 3067 οὗτος
920 2979 1003 3054 κατά
1018 2977 1109 3066 γνώ-
1126 2992 1159 3047 ιδ

89 3116 162 3177 μην
178 3087 245 3177 τὴν
261 3087 349 3177 έμὴν
362 3088 469 3160 καλ
434 3116 497 3159 τον
511 3088 595 3179 ἠέρα
610 3086 761 3178 ξηρόν
726 3115 788 3159 τον
804 3086 909 3173 ταάτη
923 3080 1020 3165 εἶναι,
1038 3081 1112 3145 δια-

90 3196 201 3259 καίων
212 3214 278 3276 την
296 3189 480 3271 διέξοδον
462 3194 607 3259 σωυτοῦ·
636 3188 726 3259 οὑτω
752 3196 810 3276 τῆς
830 3182 959 3274 Λιβύης
978 3175 1019 3249 16
1040 3173 1111 3243 ἂνω

88 3292 197 3376 θέρος
212 3290 281 3356 αἰεί
297 3289 436 3374 κατέχει.
479 3293 509 3359 εί
521 3285 591 3357 δὲ
572 3316 595 3376 η
610 3288 728 3367 στάσις
744 3284 887 3375 ἤλλακτο
901 3286 970 3349 τών
984 3276 1110 3366 ὡρέων,

90 3390 148 3456 καλ
169 3394 233 3455 τοῦ
255 3383 410 3510 οὑρανοῦ
428 3394 470 3477 τῇ
489 3387 554 3476 μὲν
572 3394 640 3457 νῦν
662 3413 680 3456 ο
667 3384 838 3509 ’βορέης
833 3408 869 3451 τε
883 3377 967 3449 ταδ’
953 3406 971 3448 o
986 3371 1111 3464 χειμών

90 3489 225 3573 ἑστᾶσι,
248 3484 357 3575 ταὺτη
378 3488 440 3572 μέν
460 3496 523 3556 τοῦ
543 3484 657 3555 νότου
669 3478 713 3571 ἦν
732 3480 754 3569 6
775 3481 890 3558 στάσις
910 3478 1018 3547 καλ
979 3501 1037 3560 της
1051 3497 1110 3557 με·
