2500 3925
340 280 426 338 LIB.
459 280 506 336 IX.
541 279 641 336 CAP.
676 285 817 338 40—44.
1012 278 1077 342 309

57 439 192 529 οὐδείς,
209 438 292 510 ὥστε
307 438 442 527 ἐκράτεε
455 445 495 528 τῇ
509 437 644 527 γνώμῃ·
666 435 702 506 τό
718 435 784 527 ῃάρ
801 441 922 529 κράτος
940 439 1004 526 εἰῃε
1019 446 1076 527 τῆς

55 547 221 630 στρατιῆς
238 532 337 619 οὗτος
351 541 388 608 ἐκ
401 540 565 628 βασιλέος,
583 533 658 605 ἀλλ’
671 535 735 605 ούκ
747 535 950 627 Ἀρτάβαζος,
974 565 1075 626 μετα-

56 640 281 729 πεμψάμενος
293 631 342 708 ἀν
353 638 432 720 τούς
441 639 637 725 ταξιάρχους
648 645 716 706 τών
727 642 849 708 τελέων
860 642 915 710 καί
922 648 991 708 τών
1001 637 1073 727 μετ’

57 745 194 808 ἑωυτοῦ
209 738 335 809 ἐόντων
342 737 514 827 Ἐλλήνων
528 735 608 815 τούς
624 736 830 824 στρατηγούς
848 739 984 825 εἰρώτα,
1001 747 1034 806 εἰ
1042 764 1075 805 τι

58 845 185 910 εἰδεῖεν
206 839 323 928 λόγιον
347 841 425 927 περὶ
443 837 604 926 Περσέων
626 834 671 914 ὡς
692 838 952 923 διεφθαρέονται
977 839 1014 904 ἐν
1034 843 1074 923 τῇ

51 939 201 1009 Ἑλλάδι.
217 935 397 1024 σιγεόυτων
407 940 450 1016 ,δὲ
464 945 532 1006 τών
546 936 744 1024 ἐπικλήτων,
757 943 826 1004 τών
836 937 899 1022 μὲν
910 934 973 1006 ούκ
986 938 1076 1004 εἰδό-

57 1067 131 1108 των
145 1035 226 1120 τούς
238 1036 419 1128 χρησμούς,
433 1045 502 1108 τών
518 1040 554 1106 δὲ
570 1037 709 1107 εἰδότων
721 1035 802 1124 μέν,
819 1041 856 1105 ἐν
871 1035 965 1127 ἀδείῃ
981 1040 1017 1106 δὲ
1032 1035 1075 1105 ού

56 1141 276 1226 ποιευμένων
296 1136 333 1206 τδ
356 1141 483 1226 λέγειν,
505 1133 606 1214 αύτός
626 1134 825 1222 Μαρδόνιος
844 1142 952 1221 ἔλεγε·
987 1133 1076 1203 Ἐπεὶ

55 1244 181 1307 τοίνυν
193 1235 288 1324 ὑμεῖς
302 1233 324 1324 ἦ
337 1246 406 1306 ἰστε
423 1233 526 1304 οὐδὲν
539 1231 561 1320 ἢ
573 1231 614 1302 ού
625 1242 767 1320 τολμᾶτε
777 1235 904 1320 λέγειν,
921 1232 994 1304 ἀλλ’
1008 1234 1073 1321 ἐγώ

57 1337 145 1424 ἐρέω
161 1333 205 1415 ὡς
217 1329 256 1404 εὖ
269 1335 494 1424 ἐπιστάμενος.
515 1341 582 1403 ἐστι
597 1333 715 1420 λόγιον
727 1331 772 1413 ὡς
781 1335 891 1422 χρεών
905 1338 972 1402 ε’στι
984 1339 1074 1417 Πέρ-

60 1453 123 1514 σας
137 1431 363 1520 ἀπικομένους
377 1437 410 1514 ἐς
424 1431 487 1521 την
500 1431 642 1503 Ἑλλάδα
656 1431 838 1518 διαρπάσαι
848 1429 885 1500 τό
898 1431 975 1515 ίρόν
985 1430 1022 1500 τό
1035 1436 1072 1498 ἐν

58 1540 244 1618 Δελφοῖσι,
270 1530 351 1618 μετά
374 1532 411 1600 δὲ
434 1529 497 1619 την
518 1527 707 1617 διαρπαγὴν
727 1527 913 1598 ἀπολέσθαι
933 1531 1071 1609 πάντας.

58 1627 156 1716 ἡμεῖς
172 1635 291 1698 τοίνυν
313 1627 395 1698 αύτό
414 1635 515 1698 τοῦτο
538 1630 752 1716 ἐπιστάμενοι
773 1628 851 1698 οάτε
869 1640 944 1718 ἰμεν
964 1633 1017 1698 ἐπὶ
1033 1625 1070 1696 τό

60 1725 139 1813 ἷρόν
152 1734 250 1796 τοῦτο
266 1727 344 1798 ούτε
355 1729 609 1818 ἐπιχειρήσομεν
621 1728 826 1817 διαρπάζειν,
841 1729 963 1817 ταύτης
977 1757 1012 1798 τε
1023 1733 1073 1797 εἴ·

62 1852 161 1894 νεκευ
171 1833 229 1913 τῆς
239 1832 344 1915 αἰτίης
354 1825 418 1896 ούκ
429 1825 653 1914 ἀπολεόμεθα.
679 1826 762 1896 ώστε
774 1825 888 1916 ὑμέων
899 1827 975 1897 ὅσοι
989 1854 1073 1915 τυγ-

59 1925 204 2015 χάνουσι
226 1923 339 1994 εύνοοι
359 1925 472 2005 ἐόντες
484 1927 650 2017 Πέρσῃσι,
671 1925 797 2015 ἥδεσθε
817 1932 916 1995 τοῦδε
932 1931 1072 2015 εἵνεκεν,

63 2022 109 2103 ὡς
129 2028 394 2112 περιεσομένους
409 2022 513 2113 ἡμέας
531 2024 710 2114 Ἑλλήνων.
761 2025 873 2093 Ταῦτά
895 2046 956 2113 σφι
979 2035 1073 2105 εἰπας

54 2122 204 2210 δεύτερα
225 2122 369 2210 ἐσήμηνε
390 2127 642 2212 παραρτέεσθαί
658 2152 694 2193 τε
714 2122 825 2193 πάντα
840 2127 896 2198 καί
916 2121 1073 2210 εύκρινέα

60 2224 237 2291 ποιέεσθαι
250 2220 294 2303 ὡς
307 2221 376 2311 ἅμα
389 2221 497 2314 ἡμέρῃ
511 2232 551 2315 τῇ
566 2226 706 2315 ἐπιούσῃ
721 2232 891 2313 συμβολῆς
901 2226 1070 2313 ἐσομένης.

66 2326 195 2389 Τούτου
217 2318 249 2389 δ’
269 2326 373 2409 ἔγωγε
390 2320 450 2392 τὸν
470 2322 638 2411 χρησμόν,
661 2321 722 2392 τόν
736 2323 934 2413 Μαρδόνιος
952 2323 1023 2392 εἶπε
1038 2327 1071 2403 ἐς
1087 2341 1121 2396 43

24 2448 25 2455 “
62 2422 194 2505 Πέρσας
209 2424 313 2505 ἐχειν,
329 2422 363 2499 ἐς
379 2418 563 2509 Ἰλλυριούς
581 2448 616 2489 τε
632 2418 763 2490 καὶτὸν
774 2419 953 2509 ’θ’ῃχέλεων
970 2442 1073 2510 στρα-
1128 2468 1133 2474 ,

64 2514 125 2584 τόν
140 2513 213 2583 οἰδα
224 2522 468 2605 πεποιημένον,
486 2515 637 2587 ἀλλὀὐκ
651 2520 685 2597 ἐς
695 2522 836 2605 Πέρσας.
861 2518 945 2588 ἀλλά
957 2518 997 2587 τά
1010 2518 1072 2603 μὲν

24 2654 25 2661 1
65 2616 187 2685 Βάκιδί
198 2618 266 2684 ἐστι
283 2618 316 2696 ἐς
330 2618 456 2706 ταύτην
469 2616 532 2707 την
546 2618 656 2707 μάχην
669 2623 896 2707 πεποιημένα,

24 2748 25 2765 1
112 2712 180 2802 Τὴν
195 2711 298 2783 δ’-ἐπί
314 2717 530 2805 Θερμώδοντι
544 2719 600 2787 καί
614 2716 751 2810 Ἀσωπῷ
767 2708 920 2807 λεχεποίῃ

24 2846 25 2883 ι
103 2811 271 2900 Ἑλλήνων
286 2814 435 2885 σύνοδον
452 2820 508 2886 καλ
522 2816 794 2905 βαρβαρόφωνον
808 2816 919 2906 ἰῦγήν,

113 2919 158 3002 Ty}
173 2916 290 2982 πολλοί
304 2919 478 2985 πεσέονται
493 2914 578 3005 ὑπὲρ
592 2915 739 3002 Λάχεσίν
754 2943 789 2984 τε
803 2918 912 3004 μόρον
928 2945 964 2987 τε

24 3048 25 3083 ι
113 3014 314 3101 Τοξοφόρων
329 3015 479 3104 Μήδων,
496 3017 578 3086 όταν
594 3027 731 3104 αἰσιμου
746 3009 836 3105 ἦμαρ
852 3022 986 3110 ἐπέλθῃ.

24 3152 25 3157 1
66 3118 168 3182 ταῦτα
179 3110 241 3197 μὲν
252 3116 307 3183 καί
317 3115 533 3204 παραπλήσια
543 3116 692 3184 τούτοισι
703 3112 788 3184 ἀλλα
799 3124 967 3211 Μουσαίῳ
978 3125 1073 3207 έχον-

67 3236 108 3278 τα
119 3206 190 3277 οἰδα
208 3211 391 3298 ἰςΠέρσας.
416 3212 435 3283 ὁ
454 3216 490 3283 δὲ
501 3215 694 3302 Θερμώδων
709 3214 857 3304 ποταμός
873 3216 941 3304 βέει
951 3217 1073 3306 μεταξύ

72 3305 245 3396 Τανάγρης
260 3336 296 3379 τε
312 3313 368 3380 καὶ
381 3318 571 3392 Γλίσαντος.
606 3311 705 3381 Μετά
724 3314 761 3382 δὲ
776 3312 838 3402 τὴν
852 3316 1071 3404 ἐπειρώτησιν
1087 3332 1122 3387 44

66 3415 135 3480 τών
147 3416 306 3498 χρησμῶν
322 3417 377 3482 καὶ
393 3420 592 3501 παραίνεσιν
608 3412 671 3502 τὴν
688 3417 725 3483 ἐκ
739 3420 943 3502 Μαρδονίου
961 3418 1024 3499 νύξ
1039 3442 1075 3485 τε

67 3511 191 3597 ἐγίνετο
205 3512 261 3579 καί
275 3512 309 3589 ἐς
323 3509 476 3598 φυλακάς
491 3510 680 3583 ἐτάσσοντο.
704 3510 749 3594 ὡς
763 3516 800 3586 δὲ
810 3514 927 3604 πρόσω
937 3524 996 3604 τῆς
1009 3543 1073 3587 υν-
