2500 3925
80 258 143 324 ³70
457 257 708 316 HERonoTl

80 419 141 489 τόν
151 421 300 507 πόλεμον
315 424 494 507 στρουθῶν
508 422 700 501 καταγαίων
711 415 813 503 δοράς
824 420 987 504 φορέουσι
1000 441 1085 504 προ-

80 518 239 606 βλήματα.
264 517 320 587 διά
338 521 375 588 δὲ
391 514 504 585 αὐτῶν
521 523 638 595 Κῖνυψ
651 513 799 603 ποταμὸς
818 517 906 604 δέων
922 519 959 584 ἐκ
974 514 1084 602 λόφου

80 620 290 703 καλεομένου
305 623 461 702 Χαρίτων
482 619 516 694 ἐς
535 615 715 683 θάλασσαν
729 615 863 682 ἐκδιδοῖ.
891 612 911 682 ὁ
928 616 966 683 δὲ
978 613 1083 701 λόφος
1213 642 1217 650 ’

80 707 211 794 οὗτοςὸ
229 722 385 801 Χαρίτων
400 710 504 793 δασύς
518 717 611 801 ίδησί
624 715 693 780 έστι
707 713 827 798 ἐούσης
841 720 899 799 τῆς
912 711 1014 799 άλλης
1027 719 1083 799 τῆς

80 820 405 899 προκαταλεχθείσης
422 813 551 900 Λιβύης
571 818 687 898 ψιλῆς,
710 809 775 880 ἀπό
799 813 973 898 θαλάσσης
993 810 1030 878 δέ
1051 814 1085 889 ἐς

25 926 64 981 ,76
80 908 185 979 αύτόν
200 911 330 978 στάδιοι
348 912 511 998 διηκόσιοί
525 915 598 977 εἰσι.
643 912 793 978 Μακέων
814 909 850 978 δέ
865 910 996 978 τούτων
1009 909 1085 996 έχό-

80 1037 177 1099 μενοι
201 1015 406 1091 Γινδάνές
431 1017 511 1097 εἰσι,
538 1018 608 1078 τῶν
634 1014 671 1078 αί
692 1024 850 1095 γυναῖκες
876 1011 1084 1096 περισφύρια

80 1109 256 1196 δερμάτων
272 1106 378 1179 πολλά
391 1108 511 1195 ἑκάστη
524 1112 641 1195 φορέει
656 1106 740 1177 κατά
754 1108 889 1178 τοιόνδέ
897 1134 947 1195 τι,
970 1104 1015 1185 ὥς
1028 1110 1085 1176 λέ-

79 1233 188 1294 γεται·
211 1205 285 1275 κατ’
304 1206 412 1294 ἄνδρα
423 1210 565 1276 ἕκαστον
576 1211 739 1294 μιχθέντα
748 1207 975 1296 περισφύριον
987 1231 1085 1293 περι-

80 1308 204 1373 δέεται·
225 1305 248 1392 ἣ
263 1304 295 1373 δ’
311 1302 355 1374 άν
368 1316 504 1375 πλείστα
515 1312 589 1395 έχη,
604 1305 689 1394 αὕτη
700 1304 816 1394 άρίστη
828 1310 982 1376 δέδοκται
999 1304 1084 1374 εἶναι

25 1424 62 1483 ,77
80 1404 124 1484 ὡς
145 1403 212 1474 ὑπό
229 1414 393 1475 πλείστων
417 1404 553 1494 ἀνδρῶν
570 1415 761 1493 φιληθεῖσα.
802 1404 921 1493 ’Λκτην
942 1407 979 1475 δὲ
999 1431 1084 1494 προ-

82 1506 224 1589 έχουσαν
239 1507 272 1583 ἐς
285 1503 347 1573 τὸν
361 1505 487 1573 πόντον
507 1504 638 1573 τούτων
651 1512 719 1572 τῶν
733 1504 911 1573 Γινδάνων
925 1507 1083 1593 νέμονται

80 1603 347 1690 Λωτοφάγοι,
370 1611 404 1672 οἳ
421 1602 482 1672 τὸν
503 1601 634 1691 καρπὸν
651 1611 781 1691 μοῦνον
793 1611 855 1671 τοῦ
870 1612 980 1672 λωτοῦ
994 1604 1084 1691 τρά-

81 1725 197 1787 γοντες
220 1702 358 1782 ζώουσι·
379 1700 397 1771 ὁ
424 1702 459 1771 δὲ
484 1709 545 1770 τού
565 1708 677 1771 λωτοῦ
698 1700 827 1789 καρπός
846 1705 916 1771 έστι
935 1705 1084 1789 μέγαθος

80 1796 163 1867 ὅσον
189 1825 225 1866 τε
250 1807 308 1887 τῆς
335 1809 469 1887 σχίνου,
501 1802 694 1887 γλυκύτητα
719 1801 756 1867 δὲ
775 1808 837 1868 τού
860 1809 1014 1887 φοίνικος
1036 1807 1083 1889 τῷ

79 1906 196 1991 καρπῷ
211 1907 416 1988 προσίκελος.
439 1906 614 1969 ποιεῦνται
630 1903 666 1968 δὲ
681 1902 717 1968 ἐκ
737 1904 798 1968 τοῦ
810 1906 944 1988 καρποῦ
959 1897 1083 1970 τούτου

24 2017 65 2074 ,78
79 2003 113 2067 οί
125 1999 328 2086 Λωτοφάγοι
345 2004 400 2070 καί
416 1999 519 2068 οἶνον.
564 1999 783 2085 Λωτοφάγων
803 1997 840 2067 δὲ
853 1995 890 2066 τό
908 1995 999 2084 παρά
1014 1997 1083 2066 θά-

78 2109 206 2168 λασσαν
235 2103 365 2185 ἔχονται
391 2099 604 2184 Μάχλυες,
634 2105 680 2188 τῷ
702 2104 796 2188 λωτῷ
816 2100 879 2183 μὲν
907 2099 964 2164 καὶ
989 2088 1083 2164 οὗτοι

78 2196 263 2285 χρεόμενοι,
279 2195 362 2284 άτάρ
374 2197 476 2266 έσσόν
487 2223 525 2284 γε
535 2203 604 2266 τῶν
614 2196 781 2283 πρότερον
791 2198 988 2282 λεχθέντων.
1002 2221 1083 2263 κατ-

77 2297 200 2383 ήκουσι
215 2296 252 2362 δέ
269 2298 321 2363 ἐπὶ
334 2293 486 2383 ποταμόν
499 2295 622 2381 μέγαν,
644 2302 690 2386 τῷ
705 2293 835 2379 οὕνομα
852 2300 983 2380 Τρίτων
997 2297 1082 2361 έστί·

79 2395 206 2461 ἐκδιδοῖ
225 2392 263 2460 δέ
280 2385 378 2471 οὗτος
399 2394 432 2472 ἐς
453 2399 576 2479 λίμνην
592 2393 741 2479 μεγάλην
761 2398 963 2478 Τριτωνίδα·
992 2396 1030 2462 έν
1050 2392 1087 2463 δέ

79 2486 164 2578 αὐτῇ
178 2496 279 2577 νῆσος
293 2495 361 2576 ἐνι,
382 2497 423 2579 τῇ
440 2487 570 2575 οὕνομα
584 2490 668 2557 Φλά.
697 2491 824 2577 ταύτην
841 2492 878 2560 δέ
897 2489 960 2577 τὴν
977 2496 1083 2578 νῆσον

80 2593 376 2675 Λακεδαιμονίοισί
388 2609 472 2675 φασι
486 2589 603 2675 λόγιον
618 2586 703 2656 εἶναι
718 2598 835 2658 κτίσαι.

29 2707 63 2764 79
152 2685 245 2758 ’Ἐστι
260 2689 296 2757 δέ
313 2692 368 2756 καὶ
384 2687 443 2757 ὅδε
460 2689 559 2775 λόγος
574 2688 772 2776 λεγόμενος,
789 2688 935 2778 Ἰήσονα,
972 2692 1082 2760 ἐπείτε

80 2793 113 2857 οἱ
126 2786 312 2874 ἐξεργάσθη
326 2784 393 2855 ὑπὸ
409 2794 455 2878 τῷ
468 2793 583 2878 Πηλίῳ
599 2784 620 2872 ἡ
635 2784 758 2874 Ἀργώ,
774 2781 958 2876 ἐσθέμενον
971 2795 1005 2870 ές
1020 2790 1082 2860 αύ-

79 2883 142 2973 τὴν
169 2882 275 2970 άλλην
295 2910 331 2952 τε
353 2884 542 2972 ἑκατόμβην
563 2887 617 2951 καὶ
642 2882 682 2971 δὴ
706 2887 762 2953 καὶ
781 2891 920 2973 τρίποδα
940 2888 1083 2975 χάλκεον

79 2983 561 3074 περιπλάεινΠελοπόννησον,
573 2983 784 3069 βουλόμενον
795 2983 994 3072 έςΔελφούς
1004 2984 1083 3054 άπι-

79 3087 208 3154 κέσθαι.
242 3090 301 3152 καί
318 3110 377 3171 μιν
399 3080 443 3162 ὡς
464 3080 619 3150 κλάοντα
639 3086 800 3169 γενέσθαι
822 3082 905 3152 κατὰ
928 3089 1082 3173 Μαλέην,

79 3183 263 3270 ὑπολαβεῖν
277 3181 404 3270 άνεμον
425 3185 548 3271 βορέην
568 3185 623 3250 καί
640 3181 823 3269 ἀποφέρειν
838 3181 923 3270 πρὸς
942 3183 1006 3272 τὴν
1020 3194 1084 3255 Λι·

78 3281 184 3370 βύην·
206 3283 286 3367 πρὶν
298 3283 334 3350 δὲ
349 3283 543 3350 κατιδέσθαι
557 3288 622 3367 γῆν
633 3284 670 3349 ἐν
680 3296 765 3350 τοῖσι
776 3283 916 3370 βράχεσι,
922 3288 1082 3369 γενέσθαι

79 3386 197 3467 λίμνης
213 3387 271 3467 τῆς
288 3384 499 3468 Τριτωνίδος.
523 3387 582 3448 καί
594 3385 628 3448 οἱ
640 3377 817 3466 ἀπορέοντι
834 3381 896 3469 την
911 3381 1084 3471 ἐξαγωγὴν

79 3479 180 3566 λόγος
195 3479 263 3548 ἐστὶ
277 3486 426 3567 φανῆναι
444 3487 612 3565 Τρίτωνα,
634 3480 689 3547 καλ
709 3481 860 3549 κελεύειν
872 3479 934 3549 τόν
951 3482 1082 3568 Ἰήσονα
