2500 3925
336 214 420 271 Lm.
454 215 499 270 νο
532 214 632 272 cm.
661 207 838 280 ιον-ωε.
1029 222 1086 288 1⁰7

79 397 119 439 τα
132 370 271 458 γνόντες
286 366 557 455 άπαλλάσσοντο,
575 369 783 460 Ἀθηναίοισι
804 380 840 446 δέ
858 377 994 450 άπιοῦσι
1009 389 1086 452 ἐπε-

78 470 229 557 θήκαντο
249 473 408 556 Βοιωτοὶ,
434 472 626 557 ἐπιθέμενοι
649 475 686 540 δὲ
707 473 907 563 ἑσσώθησαν
927 487 966 568 τῇ
987 483 1084 570 μα’χη.

81 568 286 658 ὑπερβάντες
308 570 345 638 δέ
364 573 399 638 οί
413 564 588 655 Ἀθηναῖοι
610 567 689 650 τοῦς
712 577 747 640 ολ
758 580 938 659 Κορίνθιοι
957 582 1087 665 ἔθηκαν

78 674 280 738 Πλαταιεῦσι
293 666 379 738 εἶναι
391 665 526 754 οῦρονς,
540 667 681 747 τούτους
692 667 899 759 ὑπερβάντες
909 673 970 745 τόν
982 673 1086 745 Ἀσω-

78 767 145 838 πόν
160 765 267 836 αὐτόν
281 767 481 856 ἐποιήσαντο
497 760 604 852 οὖρον
614 776 791 858 Θηβαίοισι
805 773 890 860 πρός
900 781 1086 855 Πλαταιέας
1130 771 1135 782 ’

77 867 164 948 εἶναι
180 865 363 946 καλὙσιάς.
387 870 509 936 ἔδοσαν
523 870 585 954 μέν
600 864 641 954 δὴ
658 872 692 936 οί
706 873 887 950 Πλαταιέες
902 877 1005 960 σφέας
1021 872 1086 942 αῦ-

77 963 156 1044 τοῦς
169 963 377 1052 Ἀθηναίοισι
396 966 576 1057 τρόπφτῶ
599 971 779 1059 είρημένφ,
800 961 885 1057 ἧκον
900 975 937 1040 δὲ
957 972 1031 1042 τότε
1052 975 1085 1052 ές

78 1070 281 1150 Μαραθῶνα
297 1065 500 1162 βωθεόντες.
519 1071 612 1132 Τοῖσι
624 1064 661 1132 δέ
673 1061 862 1153 Ἀθηναίων
873 1083 1084 1156 στρατηγοῖσι
1101 1087 1150 1141 109

74 1165 227 1248 ἐγίνοντο
239 1165 313 1247 δίχα
330 1167 366 1231 αί
378 1168 526 1248 γνῶμαι,
542 1168 611 1229 τῶν
625 1161 688 1248 μέν
703 1159 765 1231 οῦκ
794 1163 927 1235 ἐῶντων
949 1174 1081 1255 συμβα-

75 1267 163 1345 λεῖν,
186 1255 319 1346 ὀλίγους
339 1257 404 1348 γάρ
422 1259 507 1328 είναι
523 1269 660 1350 στρατιῇ
676 1268 716 1351 τῇ
736 1262 869 1349 Μήδων
886 1272 1081 1353 συμβαλεῖν,

75 1365 144 1427 τῶν
156 1359 192 1428 δέ
202 1359 458 1428 καὶΜιλτιάδεω
469 1359 686 1428 κελευόντων.
701 1356 745 1438 ῶς
756 1363 793 1428 δὲ
802 1364 875 1447 δίχα
886 1386 920 1428 τε
931 1363 1081 1448 ἐγίνοντο

75 1562 212 1638 δέκατος
224 1557 488 1648 νηφιδοφόροςό
504 1566 550 1650 τῷ
564 1559 683 1651 κυάμφ
698 1556 809 1646 λαγῶν
819 1555 1008 1646 Ἀθηναίων
1019 1584 1082 1628 πο·

75 1660 278 1745 λεμαρχέετν,
289 1655 326 1726 τό
338 1656 484 1727 παλαιόν
494 1656 560 1744 γάρ
572 1655 744 1743 Ἀθηναῖοι
756 1654 937 1743 ὁμόψηφον
948 1655 1008 1726 τόν
1018 1681 1083 1726 πο·

75 1761 241 1846 λέμαρχον
255 1761 428 1828 ἐποιεῦντο
442 1773 527 1828 τοῖσι
542 1771 770 1846 στρατηγοῖσι,
785 1749 830 1844 ἦν
843 1783 879 1825 τε
893 1758 967 1826 τότε
981 1761 1083 1826 πολέ-

75 1864 415 1946 μαρχοςΚαλλιζοαχος
426 1856 631 1946 Ἀφιδναῖος·
644 1853 728 1944 πρὸς
739 1862 860 1924 τοῦτον
871 1854 1083 1925 έλδῶνΜιλ-

74 1955 190 2042 τιάδης
204 1960 297 2043 ἔλεγε
311 1955 406 2025 τάδε·
436 1955 490 2027 Ἐν
501 1958 553 2027 σοὶ
563 1964 641 2043 νῦν,
653 1961 853 2043 Καλλίμαχε,
869 1956 936 2024 έστί
946 1951 968 2043 ἢ
979 1980 1083 2023 κατα-

74 2063 243 2124 δουλῶσαι
260 2054 421 2145 umas,
443 2052 465 2144 ἢ
485 2059 666 2144 ἐλευθέρας
680 2054 866 2142 ποιήσαντα
882 2054 1081 2143 μνημόσυνα

73 2155 232 2224 λιπέσθαι
248 2156 281 2234 ἐς
295 2153 356 2225 τόν
372 2154 504 2248 ἅπαντα
521 2152 717 2243 ἀνθρώπων
730 2159 824 2242 βίον,
840 2148 894 2223 οἷα
910 2152 990 2223 οὐδὲ
1004 2151 1083 2239 Ἁρ-

73 2251 191 2339 μόδιός
203 2279 240 2321 τε
256 2257 311 2321 καί
322 2251 572 2343 Ἀριστογείτων
580 2260 743 2325 λείπουσι.
766 2260 833 2322 νῦν
841 2251 908 2341 γὰρ
920 2252 979 2341 δὴ,
995 2256 1028 2335 ἐξ
1039 2246 1082 2322 οὗ

73 2356 228 2437 ἐγένοντο
239 2350 424 2443 Ἀθηναῖοι,
437 2358 470 2435 ἐς
482 2360 644 2424 κίνδυνον
654 2352 776 2441 ἥκουσι
785 2354 950 2439 μέγιστον.
974 2356 1028 2421 καί
1038 2349 1082 2439 ἢν

72 2450 136 2537 μέν
150 2476 189 2535 γε
203 2448 404 2534 ὑποκύψωσι
414 2469 500 2523 τοῖσι
511 2455 679 2541 Μήδοισι,
696 2456 848 2522 δέδεκται
857 2451 898 2519 τά
909 2460 1080 2521 πείσονται

72 2555 341 2637 παραδεδομένοι
354 2550 480 2643 Ἱππίῃ,
495 2551 539 2640 ἢν
555 2556 592 2621 δὲ
608 2554 821 2638 περιγένηται
836 2550 920 2638 αὕτη
938 2549 958 2639 ἡ
973 2551 1079 2637 πόλις,

73 2654 128 2736 οἵη
142 2653 181 2719 τέ
189 2652 258 2720 ἐστι
268 2652 385 2740 πρῶτη
395 2661 463 2722 τῶν
472 2651 675 2740 Ἑλληνίδων
686 2656 813 2718 πολίων
823 2653 992 2736 γενέσθαι.
1014 2658 1081 2730 κῶς

73 2742 124 2818 ῶν
139 2746 179 2837 δὴ
195 2757 300 2819 ταῦτα
316 2748 370 2821 οἷά
383 2755 422 2822 τέ
433 2757 501 2822 ἐστι
514 2757 692 2839 γενέσθαι,
708 2754 764 2819 καλ
775 2758 842 2831 κῶς
851 2757 886 2837 ἐς
894 2759 934 2824 σέ
939 2780 992 2823 τοι
1000 2754 1081 2821 τοῦ·

72 2876 141 2920 των
152 2849 270 2940 ἀνήκει
285 2859 353 2920 τῶν
369 2855 575 2943 πρηγμάτων
585 2850 622 2922 τό
635 2858 738 2938 κῦρος
749 2856 851 2941 ἔχειν,
868 2860 934 2921 νῦν
945 2860 1082 2941 ἔρχομαι

72 2949 224 3035 φράσων.
241 2948 354 3040 ἡμέων
365 2962 434 3022 τῶν
444 2961 640 3043 στρατηγῶν
652 2952 778 3021 ἐόντων
789 2954 869 3022 δέκα
882 2959 956 3041 δίχα
965 2960 1082 3041 γίνον-

74 3077 127 3117 ται
141 3055 179 3119 αί
191 3059 333 3140 γνῶμαι,
349 3061 417 3121 τῶν
431 3053 494 3141 μέν
505 3053 715 3122 κελευόντων
742 3061 938 3139 συμβαλεῖν,
964 3051 1082 3121 τῶνδέ

74 3145 127 3215 οῦ.
161 3143 205 3235 ἢν
221 3147 283 3236 μέν
301 3176 367 3217 νυν
388 3147 434 3237 μὴ
453 3148 691 3238 συμβάλωμεν,
717 3156 861 3239 ἐλπομαί
873 3178 947 3220 τινα
965 3151 1081 3221 στάσιν

74 3248 223 3335 μεγάλην
255 3251 465 3335 ἐμπεσοῦσαν
496 3255 677 3320 διασείσειν
706 3251 746 3320 τά
774 3247 963 3339 Ἀθηναίων
993 3280 1081 3343 φρο-

72 3347 202 3436 νήματα
220 3348 304 3418 ῶστε
325 3354 480 3437 μηδίσαι,
503 3343 547 3435 ἦν
569 3349 609 3420 δέ
626 3351 849 3440 συμβάλωμεν
872 3357 953 3442 πρίν
975 3380 1006 3422 τι
1022 3356 1079 3423 καί

73 3447 206 3539 σαθρόν
218 3446 411 3537 Ἀθηναίων
427 3451 660 3543 μετεξετέροισι
685 3452 904 3546 ἐγγενέσθαι,
922 3459 1015 3524 θεῶν
1038 3481 1077 3525 τα
