2500 3925
167 242 231 303 204
536 246 788 305 HERODOTI

168 420 228 479 σας
243 404 298 468 καλ
307 400 441 479 Ανδοῦς
451 406 506 471 καλ
516 396 635 487 σχεδόν
645 399 771 481 πάντας
780 402 858 480 τούς
870 402 1063 491 βαρβάρους
1082 398 1169 465 ἀπο·

167 499 359 583 τλμοτέρους
378 506 446 565 τῶν
469 498 580 568 ἀλλων
598 496 786 585 ἡγημένους
806 502 989 585 πολιητέων
1010 494 1092 573 τοῦς
1106 495 1169 571 τὰς

167 598 281 680 τέχνας
295 596 531 680 μανθάνοντας
544 599 599 663 καί
611 592 695 673 τοῦς·
704 594 863 680 ἐκγόνους
873 595 1021 679 τούτων,
1038 590 1120 669 τούς
1133 588 1166 657 δ’

168 688 440 776 ἀπηλλαγμένους
452 700 519 760 τῶν
532 695 769 778 χειρωναξιέων
783 699 958 778 γενναίους
968 695 1169 776 νομίζοντας

169 786 269 871 εἰναι,
296 791 351 855 καί
373 788 513 874 μάλιστα
535 786 614 866 τούς
639 790 672 865 ές
697 785 757 855 τόν
780 788 928 874 πόλεμον
953 786 1167 872 ἀνειμένους.

167 884 379 972 μεμαθήκασι
402 884 433 951 δ’
457 880 506 953 όν
521 892 618 953 τοῦτο
639 884 761 963 πάντες
781 890 816 952 ολ
829 883 1004 971 Ἕλληνες,
1024 884 1080 949 καλ
1099 878 1168 967 μά-

167 989 260 1048 λιστα
270 983 544 1068 Λακεδαιμόνιοι,
560 980 679 1068 ἥκιστα
694 982 730 1049 δὲ
748 988 921 1068 Κορίνθιοι
934 981 1073 1051 ὄνονται
1085 976 1169 1053 τοῦς

102 1090 151 1144 168
165 1080 378 1162 χειροτέχνας.
422 1082 527 1161 Γέρεα
542 1080 582 1145 δέ
592 1097 652 1164 σφι
666 1070 710 1163 ἦν
726 1079 805 1147 τάδε
821 1081 1063 1167 ἐξαραιρημένα
1079 1075 1167 1162 μοό-

167 1194 255 1242 νοισι
274 1181 468 1260 Αἰγυπτίων
488 1176 592 1260 πάρεξ
611 1181 681 1241 τῶν
705 1177 821 1263 ίρέων,
842 1176 983 1263 ἄρουραι
1006 1177 1168 1260 ἐξαίρετοι

167 1272 319 1340 δυόδεκα
340 1275 465 1365 ἑκάστῳ
485 1272 621 1351 ἀτελέες.
649 1271 670 1359 ἡ
692 1273 728 1340 δέ
748 1272 876 1357 ἀρουρα
893 1273 1010 1342 ἑκατόν
1032 1275 1168 1359 πηχέων
1224 1343 1225 1362 2

167 1372 235 1437 έστί
248 1377 441 1455 Αἰγυπτίων
455 1371 580 1459 πάντη,
601 1368 620 1439 ὁ
637 1372 673 1438 δὲ
686 1372 868 1455 Αἰγύπτιος
881 1380 986 1458 πῆχυς
1007 1370 1169 1456 τυγχάνει
1224 1365 1225 1370 ¹

168 1477 239 1544 ἰσος
252 1470 317 1535 ἐιιν
338 1477 383 1559 τῷ
397 1476 523 1559 Σαμίῳ.
555 1474 658 1541 ταῦτα
672 1469 734 1552 μέν
747 1464 787 1553 δὴ
804 1481 888 1535 τοῖσι
908 1467 1010 1538 ἅπασι
1031 1461 1074 1553 ἦν
1090 1469 1168 1547 ἐξοι-
1225 1528 1226 1541 ,

167 1568 367 1648 ραιρημένα,
387 1564 466 1632 τάδε
486 1566 523 1632 δὲ
548 1568 585 1631 ἰν
605 1570 787 1651 περιτροπῇ
804 1568 1009 1649 ἐκαρποῦντο
1027 1567 1083 1631 καλ
1103 1562 1169 1631 οῦ-
1225 1548 1226 1591 ¹

167 1654 254 1743 δαμά
290 1649 406 1724 ωότοί·
459 1664 674 1743 Καλασιρίων
713 1663 811 1743 χίλιοι
849 1659 906 1726 καὶ
937 1658 1171 1746 Ἑρμοτυβίων

166 1751 394 1839 ἐδορυφόρεον
414 1750 569 1822 ἐνιαυτόν
594 1757 724 1819 ἕκαστοι
745 1751 805 1818 τὸν
828 1755 981 1837 βασιλέα·
1015 1758 1168 1820 τούτοισι

166 1849 198 1917 δ’
217 1844 266 1918 τόν
278 1849 358 1918 τάδε
372 1852 474 1935 πάρεξ
484 1858 553 1918 τῶν
562 1848 735 1935 ἀρουρέων
746 1857 829 1916 ἀλλα
843 1851 969 1917 ἐδίδοτο
988 1850 1040 1918 ἐπ’
1057 1849 1169 1938 ἡμέρη
1223 1890 1224 1931 j

167 1948 303 2036 ἑκάστη,
336 1946 440 2017 ὀπτοῦ
468 1954 563 2016 σίτον
593 1943 742 2032 σταθμός
768 1948 865 2013 πέντε
895 1948 992 2031 μνέαι
1025 1948 1168 2038 ἑκάστῳ,

167 2053 276 2128 κρεῶν
299 2052 407 2131 βοέων
434 2046 496 2113 δόο
527 2047 640 2130 μνέαι,
672 2052 767 2110 οἰνου
790 2046 939 2126 τέσσερες
965 2041 1162 2130 ἀρυστῆρες

166 2168 270 2210 ταυτα
283 2157 368 2212 τοῖσι
382 2137 445 2211 αἰεὶ
459 2145 704 2228 δορυφορέουσι
721 2144 856 2210 ἐδίδοτο.

95 2256 143 2310 169
228 2238 353 2310 Ἐπείτε
370 2240 408 2308 δὲ
425 2241 597 2320 συνιόντες
615 2240 635 2309 ό
656 2269 693 2310 τε
711 2239 847 2329 Ἀπρίης
870 2239 962 2327 ἀγων
986 2239 1066 2319 τοῦς
1091 2243 1165 2308 έπι-

162 2339 307 2428 κοόρους
331 2340 388 2408 καί
410 2337 581 2428 δ”Αμασιζς
611 2340 738 2420 πάντας
761 2346 972 2426 Αἰγυπτίους
1004 2335 1170 2409 ἀπίκοντο

164 2443 198 2517 ἐς
212 2438 406 2524 Μάμεμφιν
426 2436 540 2521 πόλιν,
562 2437 763 2520 συνέβαλον·
795 2437 850 2502 καλ
873 2437 1074 2520 ἐμαχέσαντο
1097 2441 1166 2523 μὲν

165 2532 205 2606 εὖ
225 2541 260 2606 οί
266 2541 396 2623 ξεῖνοι,
417 2537 543 2622 πλήθει
560 2538 596 2602 δὲ
616 2539 729 2622 πολλῷ
750 2533 925 2611 ἐλάσσονες
944 2535 980 2602 έό
986 2562 1057 2615 ντες
1077 2541 1165 2605 κατὰ

164 2641 262 2700 τοῦτο
278 2632 483 2719 ἑσσώθησαν.
524 2631 662 2716 Ἀπρίεω
677 2632 713 2697 δὲ
729 2633 857 2715 λέγεται
872 2630 956 2699 εἰναι
972 2631 1068 2720 ἥδεὴ
1085 2635 1166 2702 διά-

165 2756 258 2812 νοια,
281 2728 357 2815 μηδ’
380 2727 424 2822 ἀν
443 2730 528 2798 θεόν
542 2754 601 2816 μιν
619 2731 746 2812 μηδένα
769 2728 936 2796 δυ’νασδαι
955 2737 1081 2799 παῦσαι
1104 2740 1168 2818 τῆς

165 2832 354 2914 βασιληίης·
377 2826 465 2894 οὕτω
476 2824 649 2911 ἀσφαλέως
663 2826 775 2914 ἑωυτῷ
789 2829 947 2908 ἱδρῦσθαι
963 2828 1084 2896 έδόκεε.
1108 2832 1167 2897 καὶ

167 2920 207 3008 δὴ
224 2923 298 2991 τότε
316 2921 498 3009 συμβαλών
517 2922 667 3007 ἑσσιόῦη,
690 2926 744 2989 καλ
767 2925 946 3008 ζωγρηθείς
972 2921 1109 3010 ἀπήχθη
1132 2930 1167 3004 ἐς

165 3018 255 3087 Σάϊν
271 3018 394 3105 πόλιν,Ι
408 3022 442 3096 ές
457 3016 497 3086 τά
519 3023 645 3086 ἑωυτοῦ
660 3025 747 3088 οἰκία
766 3021 930 3104 πρότερον
953 3021 1066 3106 ἐόντα,
1088 3024 1167 3092 τότε

166 3116 204 3184 δὲ
219 3113 372 3202 Ἀμάσιος
395 3114 459 3202 ἤδη
479 3116 642 3204 βασιλήια.
671 3120 818 3185 ἐνθαῦτα
836 3119 872 3184 δέ
890 3121 970 3196 τέως
993 3123 1055 3206 μὲν
1072 3124 1168 3206 ἐτρέ-

167 3239 247 3300 φετο
263 3215 300 3280 ἐν
316 3228 401 3281 τοῖσι
415 3219 632 3300 βασιληίοισι,
651 3221 711 3282 καί
720 3241 778 3300 μιν
789 3213 926 3303 ’Ἁμασις
940 3210 980 3283 εὖ
996 3234 1167 3304 περιεῖπε·

167 3314 258 3386 τέλος
271 3308 308 3374 δέ
324 3313 547 3395 μεμφομένων
560 3307 770 3398 Αἰγυπτίων,
793 3309 837 3391 ὡς
850 3310 892 3380 οῦ
913 3317 1019 3380 ποιέοι
1039 3319 1167 3402 δίκαια,

167 3407 300 3488 τρέφων
310 3403 369 3470 τὸν
382 3411 475 3490 σφίσι
484 3432 519 3472 τε
530 3410 583 3474 καλ
595 3410 706 3482 ἑωυτῷ
718 3414 887 3494 ἔχθιστον,
900 3409 988 3478 οὕτω
996 3411 1042 3495 δὴ
1055 3438 1167 3496 παρα-
