2500 3925
354 271 438 328 LIB.
474 274 493 328 l.
526 272 626 330 w.
662 277 835 338 171-173.
1061 275 1102 340 91

93 431 367 516 κεχωρισμένοισι
374 429 501 499 πολλόν
510 437 579 500 τῶν
589 456 625 500 τε
635 431 750 503 ἀλλων
761 429 957 520 ἀνθρώπων
968 441 1022 508 καί
1031 444 1103 508 Κα-

93 532 174 608 ρῶν.
196 539 284 594 τοῖσι
299 525 365 614 μάρ
385 528 565 599 κάλλιστόν
584 535 652 600 ἐστι
671 530 743 601 κατ’
762 530 897 621 ἡλικίην
915 561 951 603 τε
972 538 1027 604 καί
1042 561 1102 622 φι-

91 623 216 712 λότητα
238 624 358 694 ἰλαδὸν
376 635 597 715 συγγίνεσθαι
617 632 652 710 ἐς
668 629 786 718 πόσιν,
811 635 866 700 καί
884 629 1026 720 ἀνδράσι
1047 635 1101 702 καὶ

90 727 224 808 γυναιξὶ
245 728 301 792 καὶ
321 733 423 795 παισί.
451 731 686 814 ίδρννθέντων
706 731 746 799 δέ
765 750 826 817 σφι
842 734 927 815 ίρῶυ
948 734 1102 810 ξεινικῶν

90 824 300 910 μετέπειτεν,
324 823 369 904 ἀς
392 844 453 910 σφι
473 824 615 909 ἀπέδοξε
636 833 743 914 (ἔδοξε
769 829 806 897 δέ
828 843 914 898 τοῖσι
934 835 1101 916 πατρίοισι

89 928 223 1008 μοῦνον
249 929 396 1008 χρᾶσθαι
421 930 564 1013 θεοῖσι),
589 927 748 1007 ἐνδόντες
775 926 815 996 τά
843 923 934 996 ὅπλα
957 923 1101 1006 ἅπαντες

90 1019 237 1089 Καύνιοι
251 1018 396 1110 ἡβηδόν,
413 1024 592 1105 τύπτοντες
606 1026 748 1113 δοόρασι
759 1023 819 1094 τόν
832 1021 915 1114 ήέρα
928 1029 1022 1112 μέχρι
1036 1020 1100 1091 οὔ·

88 1144 159 1204 ρων
178 1126 251 1186 τῶν
266 1127 488 1190 Καλυνδικῶν
510 1128 660 1210 εἵποντο,
689 1127 743 1194 καὶ
770 1131 899 1210 ἔφασαν
921 1123 1098 1212 ἐκβάλλειν

87 1214 166 1298 τούς
190 1219 360 1301 ξεινικοὺς
378 1223 491 1302 θεοός.
542 1226 608 1293 Καὶ
623 1215 718 1292 οὗτοι
738 1225 800 1310 μέν
814 1224 968 1311 τρόποισι
984 1219 1098 1290 τοιού·
1114 1234 1161 1288 173

86 1338 173 1386 τοισι
191 1323 363 1407 χρέονται,
386 1324 419 1389 οί
433 1325 470 1389 δὲ
483 1322 605 1391 Λύκιοι
621 1326 658 1392 ἐκ
674 1317 986 1411 Κρήτης-τάρχαῖον
998 1315 1098 1405 γεγό·

86 1437 165 1487 νασι
186 1417 268 1507 (τήν
282 1416 348 1507 γὰρ
366 1421 504 1510 Κρήτην
520 1421 610 1509 εἶχον
624 1418 662 1490 τό
678 1419 823 1492 παλαιόν
843 1427 955 1488 πᾶσαν
968 1419 1099 1506 βάρβα-

87 1522 168 1601 ροι).
190 1520 450 1604 διενειχθέντων
461 1523 498 1588 δὲ
510 1520 548 1589 ἐν
561 1522 678 1612 Κρήτη
689 1523 766 1608 περὶ
779 1527 836 1609 τῆς
846 1525 1020 1608 βασιληίης
1030 1524 1098 1586 τῶν

88 1614 260 1702 Μρόπης
280 1623 430 1707 παίδων,
451 1622 675 1708 Σαρπηδόνος
689 1647 725 1690 τε
744 1625 800 1690 ’καὶ
814 1627 934 1706 Μίνω,
956 1617 1001 1698 ὡς
1021 1621 1098 1686 ἐπε·-

87 1718 233 1804 κρότησε
247 1724 289 1805 τῇ
303 1718 399 1787 στόσι
413 1727 549 1806 Μίνως,
565 1723 702 1809 ἐξήλασε
719 1719 824 1790 αὐτόν
840 1745 874 1789 τε
889 1720 1097 1808 Σαρπηδόνα

87 1823 140 1887 καὶ
160 1813 244 1896 τοάς
260 1819 442 1900 στασιώτας
456 1818 578 1888 αὐτοῦ·
602 1826 636 1889 οί
649 1821 685 1890 δὲ
706 1818 920 1898 ἀπωσθέντες
936 1817 1096 1887 ἀπίκοντο

86 2023 262 2108 νέμονται,
285 2020 370 2108 αὕτη
393 2020 431 2090 τό
452 2018 598 2091 παλαιόν
617 2014 664 2109 ήν
684 2017 837 2105 Μιλνάς,
860 2022 894 2087 οί
912 2019 948 2087 δέ
962 2015 1095 2086 Μιλύαι

85 2114 159 2186 τότε
173 2119 331 2206 Σόλυμοι
346 2123 530 2189 ἐκαλέοντο.
553 2121 636 2199 τέως
646 2120 709 2207 μὲν
722 2117 763 2206 δή
779 2115 893 2185 αὐτῶν
904 2112 1096 2202 Σαρπηδών

86 2213 181 2307 ήρχε,
205 2224 240 2287 οί
259 2220 297 2289 δὲ
316 2220 492 2289 ἐκαλέοντο
503 2219 546 2289 τό
564 2221 627 2307 πέρ
647 2244 684 2287 τε
702 2216 879 2304 ἠνείκαντο
896 2214 1025 2301 οὕνομα
1039 2216 1094 2283 καὶ

86 2324 151 2384 νῦν
166 2325 215 2386 ἔτι
230 2311 406 2388 καλέονται
420 2316 488 2388 ἀπό
505 2326 573 2387 τῶν
586 2331 769 2403 περιοίκων
785 2322 819 2387 οί
830 2315 953 2387 Λύκιοι
971 2320 1094 2401 Τερμί-

86 2428 147 2485 λαι.
178 2416 225 2497 ὡς
240 2422 278 2486 δὲ
294 2420 328 2499 ἐξ
345 2417 516 2507 Ἀθηνίων
529 2420 643 2500 Αόκος
662 2418 902 2505 ὁΠαυδίονος,
924 2418 1092 2498 ἐξελαθεὶς

84 2521 139 2586 καλ
161 2508 261 2595 οὗτος
279 2515 349 2585 ὑπὸ
370 2527 433 2587 τοῦ
454 2517 624 2607 ἀδελφεοῦ
644 2521 781 2607 Αἰγέος,
804 2518 939 2587 ἀπίκετο
959 2521 993 2597 ἐς
1013 2512 1093 2594 τούς

89 2623 254 2704 Τερμίλας
276 2614 368 2702 παρὰ
383 2620 608 2707 Σαρπηδόνα,
631 2616 721 2687 οὕτω
742 2616 782 2705 δή
798 2615 882 2685 κατά
896 2622 957 2685 τοῦ
973 2614 1092 2685 Λύκον

88 2714 145 2801 τήν
159 2719 358 2804 ἐπωνυμίην
371 2718 493 2787 Λόκιοι
506 2716 572 2786 ἀνά
590 2717 720 2805 χρόνον.
733 2716 933 2803 ἐκλήθησαν.
956 2713 1090 2802 νόμοισι

85 2820 120 2887 δὲ
132 2817 175 2887 τά
190 2819 254 2907 μὲν
267 2826 480 2908 Κρητικοῖσι,
501 2818 542 2889 τά
563 2820 600 2889 δέ
613 2828 791 2906 Καρικοῖσι
807 2821 967 2905 χρέονται.
998 2819 1036 2883 ἓν
1052 2816 1089 2883 δὲ

85 2920 160 2986 τόδε
176 2922 267 2986 ἴδιον
279 2925 475 3005 νενομίκασι
488 2921 544 2986 καλ
558 2916 735 3005 οὐδαμοῖσι
751 2916 882 2985 ἄλλοισι
895 2916 1089 3001 συμφέρον·

84 3042 134 3083 ται
148 3012 362 3099 ἀνθρώπων·
384 3020 543 3086 καλέουσι
556 3014 622 3085 ἀπὸ
634 3024 702 3085 τῶν
712 3019 865 3105 μητέρων
876 3013 1021 3093 ἑωυτοὺς
1033 3014 1088 3080 καλ

84 3112 158 3183 οὐκὶ
170 3111 236 3183 ἀπό
259 3122 329 3183 τῶν
344 3119 507 3203 πατέρων.
536 3118 711 3205 εἰρομένου
727 3116 763 3184 δέ
786 3116 900 3200 έτέρον
921 3109 981 3180 τόν
1001 3118 1087 3197 πλη-

82 3220 174 3300 σίον,
195 3217 245 3291 τίς
260 3222 328 3298 είη,
348 3216 519 3294 καταλέξει
539 3212 668 3283 ἑωυτόν
682 3212 854 3301 μητρόθεν
873 3213 928 3278 καί
949 3216 1006 3295 της
1022 3234 1088 3294 μη-

82 3306 161 3396 τρὸς
173 3306 392 3395 ἀνανεμέεται
406 3308 466 3390 τάς
479 3314 631 3398 μητέρας.
653 3314 709 3381 καὶ
721 3308 766 3397 ήν
780 3309 891 3396 μένγε
901 3306 988 3395 γυνή
1005 3305 1087 3392 ἀστή

82 3405 194 3497 δούλῳ
209 3408 410 3498 σννοικήση,
431 3426 572 3496 γενναῖα
588 3410 629 3479 τά
643 3416 743 3479 τέκνα
760 3406 970 3495 νενόμισται,
991 3402 1035 3493 ήν
1051 3409 1087 3473 δὲ
