2500 3925
356 193 443 249 LIB.
474 193 523 248 VI.
556 192 656 252 cAP.
689 197 834 254 92—98.
1038 185 1099 252 101

93 377 142 439 το,
154 347 199 431 δις
208 352 272 438 μὲν
283 354 354 439 έμοί
365 351 505 437 δοκέειν,
517 354 685 429 δείσαντες
696 349 837 436 μάλιστα
848 348 909 418 τὸν
918 356 1101 436 περίπλοον

93 456 155 517 τοῦ
161 448 266 535 Ἄθω,
282 448 332 518 ὅτι
343 456 389 540 τῷ
400 453 551 539 προτέρῳ
566 453 633 516 έτεῑ
646 449 841 536 ποιεύμενοι
855 451 959 540 ταύτῃ
969 448 1031 538 τήν
1042 478 1102 520 κο-

93 544 196 635 μιδήν
205 546 357 634 μεγάλως
368 551 632 632 προσέπταισαν·
645 544 730 635 πρός
741 547 866 637 δὲκαδή
875 549 987 630 Νάξος
997 551 1102 636 σφέας

92 642 268 735 ήνόγκαζε,
279 645 445 733 πρότερον
456 643 520 714 οὐκ
531 642 670 714 ἁλοῦσα.
690 643 776 714 Ἐπεὶ
790 651 826 716 δὲ
837 649 873 716 έκ
886 655 947 716 τοῦ
958 645 1101 736 Ἰκαρίου
1115 653 1150 710 96

93 745 255 834 πελάγεος
270 746 542 834 προσφερόμενοι
557 749 759 832 προσέμιξαν
772 754 812 836 πή
822 747 925 838 Νάξῳ
945 750 1009 816 ’έπί
1019 750 1102 816 παύ-

93 872 156 933 την
176 843 242 932 γὰρ
263 843 304 932 δή
326 846 464 934 πρότην
484 848 616 932 ἐπεῖχον
637 846 882 936 στρατεύεσθαι
900 851 934 915 οί
948 849 1101 935 Πέρσαι,

94 946 298 1032 μεμνημένοι
313 951 382 1012 τῶν
401 942 567 1032 πρότερον
585 944 753 1039 οί-Νόξιοι
773 943 857 1034 πρὸς
871 944 911 1014 τᾶ
931 945 1034 1036 οὔρεα
1051 957 1103 1016 οἴ·

92 1068 192 1130 χοντο
203 1041 386 1131 φεύγοντες
399 1039 478 1111 οὐδέ
489 1039 683 1129 ὑπέμειναν.
703 1049 737 1112 οί
746 1043 782 1112 δέ
789 1045 920 1130 Πέρσαι
931 1041 1103 1133 ἄνδραπο-

95 1141 268 1229 δισόμενοι
283 1140 363 1223 τοὺς
378 1146 562 1230 κατέλαβον
576 1139 706 1229 αὐτῶν,
723 1144 911 1232 ἐνέπρησαν
926 1142 1032 1212 καὶτὰ
1047 1141 1103 1230 ἱρὰ

93 1244 150 1310 καὶ
159 1238 221 1328 τήν
231 1241 342 1329 πόλιν,
355 1248 460 1310 ταῦτα
475 1242 512 1312 δὲ
523 1240 722 1328 ποιήσαντες
732 1242 786 1309 ἐπὶ
795 1239 855 1321 τοὶς
865 1240 967 1322 όίλλας
980 1242 1104 1330 νήσους

95 1340 271 1430 ἀνήγοντο.
298 1339 353 1410 Ἐν
367 1334 395 1432 ᾧ
411 1343 448 1411 δέ
466 1335 561 1421 οὗτοι
576 1348 681 1410 ταῦτα
697 1344 848 1430 ἐποίευν,
865 1349 899 1412 οί
909 1344 1031 1432 Δήλιοι
1046 1345 1102 1410 έκ-
1116 1347 1150 1404 97

95 1440 249 1519 λιπόντες
263 1442 319 1508 καί
332 1438 428 1510 αὐτοί
440 1440 503 1528 τήν
514 1447 632 1528 Δῆλον
646 1450 778 1527 οἴχοντο
793 1441 976 1528 φεόφοντες
990 1445 1023 1520 ές
1037 1447 1104 1528 Ἰή-

96 1569 168 1611 νον.
191 1547 249 1626 τῆς
264 1541 300 1607 δέ
315 1546 469 1627 στρατιῆς
480 1537 742 1626 καταπλωοόσης
756 1535 774 1607 ὁ
786 1547 891 1618 Δᾶτις
904 1538 1105 1626 προπλώσας

97 1640 160 1711 οὐκ
175 1645 214 1708 έα
233 1636 292 1718 τὰς
306 1642 383 1718 νέας
402 1635 487 1726 πρός
501 1635 564 1725 τήν
579 1645 685 1725 νήσου
700 1644 998 1726 προσορμίζεσθαι,
1020 1634 1105 1707 ἀλλὰ

96 1733 447 1826 πέρηυέντήῬηναίη·
460 1735 561 1819 αὐτὸς
573 1738 609 1806 δέ
620 1737 816 1824 πυθόμενος
825 1740 882 1806 ἵνα
891 1730 979 1827 ήσαν
989 1741 1024 1806 οί
1031 1736 1106 1824 Δή-

96 1850 174 1927 λιοι,
190 1841 330 1924 πέμπων
342 1837 474 1925 κήρυκα
488 1834 637 1926 ήφόρευέ
648 1855 709 1924 σφι
723 1836 817 1905 τόδε·
832 1833 970 1926 ’Ἀνδρες
983 1837 1061 1924 ίροί,
1075 1840 1111 1902 τί

97 1939 280 2058 φεύγοντες
292 1947 436 2025 οίχεσθε,
449 1934 511 2006 οὐκ
522 1936 678 2026 ἐπιτήδεα
690 1936 912 2025 καταγνόντες
921 1935 995 2007 κατ’
1008 1940 1105 2025 έμεῦς

97 2036 163 2126 έγοδ
177 2034 310 2125 γὰρκαὶ
325 2034 426 2116 αὐτὸς
436 2038 490 2105 έπλ
499 2036 643 2105 τοσοῦτό
652 2062 691 2124 γε
705 2039 839 2125 φρονέω
853 2043 912 2105 καί
924 2062 981 2124 μοι
996 2038 1033 2105 έιι
1043 2042 1107 2124 βα-

97 2141 206 2217 σιλέος
222 2129 287 2205 ωδε
301 2138 511 2223 ἐπέσταλται,
528 2137 566 2204 έν
579 2143 619 2226 τή
629 2135 750 2257 χήρηο
752 2135 837 2205 [δύο
852 2139 929 2204 θεοί
940 2138 1107 2222 ἐγένοντο,

98 2236 224 2324 ταύτην
237 2239 343 2323 μηδὲν
354 2239 519 2357 σίνεσθαι,
531 2231 616 2321 μήτε
624 2232 731 2323 αὐτήν
741 2232 803 2324 τήν
812 2235 926 2323 χόρην
936 2233 1018 2322 μήτε
1029 2230 1108 2311 τούς

98 2334 273 2425 οίκήτορας
284 2332 394 2422 αὐτῆς.
410 2341 477 2401 νῦν
489 2360 539 2400 ων
550 2332 640 2401 καί”
617 2358 713 2401 απιτε
724 2335 777 2402 έπί
789 2360 829 2402 τα
818 2329 1038 2422 ὑμέτερα’
996 2340 1109 2401 αυτῶν

98 2437 155 2506 καὶ
164 2429 227 2521 τήν
237 2438 345 2519 νήσου
355 2436 508 2519 νέμεσθε.
528 2437 692 2518 Ταῦταμέ
693 2458 714 2499 ν
723 2430 1012 2519 ἐπεκηρυκεύσατο
1024 2446 1110 2501 τοῖσι

99 2538 267 2618 Δηλίοισι,
279 2527 361 2616 μετὰ
373 2533 408 2597 δέ
419 2536 608 2616 λιβανωτοῦ
619 2529 795 2618 τριηκόσια
805 2530 952 2615 τάλαντα
963 2530 1110 2618 κατανή-

101 2651 161 2710 σας
174 2630 227 2698 ἐπί
240 2634 302 2697 τοῦ
314 2635 431 2717 βωμοῦ
446 2630 619 2715 ἐθυμίησε.
641 2634 746 2707 Δᾶτις
759 2631 821 2715 μέν
835 2626 876 2717 δὴ
892 2636 996 2699 ταῦτα
1010 2629 1109 2717 ποιή-
1123 2628 1157 2685 98

101 2753 161 2810 σας
176 2735 283 2799 έπλωε
296 2727 366 2817 ἅμα
379 2736 425 2821 τῷ
441 2734 570 2816 στρατῷ
582 2728 635 2794 ἐπὶ
646 2723 708 2813 τήν
721 2723 889 2811 Ἐρέτριαν
899 2732 1026 2814 πρῶτα,
1042 2724 1111 2812 ἅμα

102 2830 266 2919 ἀγόμενος
279 2826 457 2907 καλἼωνας
471 2829 527 2896 καί
536 2828 695 2911 Αἰολέας,
709 2821 790 2911 μετὰ
803 2823 839 2892 δέ
852 2829 974 2892 τοῦτον
988 2826 1112 2893 ἐνθεῦ-

102 2959 159 3001 τεν
173 2929 397 3015 ἐξαναχθέντα
415 2932 526 3016 Δήλος
542 2925 702 3015 ἐκινήθη,
719 2920 763 3002 ὡς
777 2928 894 3010 ἔλεγον
907 2921 1041 3010 Δήλιοι,
1056 2921 1112 2989 καί

103 3037 218 3120 πρῶτα
232 3032 289 3098 καί
301 3028 426 3098 όστατα
443 3034 539 3119 μέχρι
560 3031 641 3116 έμεῦ
655 3036 836 3096 σεισθεῖσα.
866 3027 1034 3093 καὶτοῦτο
1050 3026 1114 3108 μέν

103 3158 167 3204 κου
189 3134 287 3251 τέρας
305 3127 519 3218 όνθρόποισι
537 3155 606 3197 των
625 3126 818 3248 μελλόντων
840 3129 978 3193 ἔσεσθαι
998 3146 1113 3189 κανων

104 3225 233 3319 ἔφηνε
219 3256 238 3297 ο
248 3228 339 3309 θεός.
354 3226 453 3298 ἐπὶ
413 3254 478 3317 φαρ
484 3233 635 3313 Δαρείου
645 3250 707 3293 τον
692 3222 912 3299 Ὑστάσπεος
922 3246 977 3288 και
966 3221 1112 3303 Ξέρξεω

104 3357 165 3400 του
150 3334 326 3513 ξΔαρείου
340 3330 395 3396 καί
406 3325 623 3416 Ἀρταξέρξαι
637 3350 699 3392 του
684 3323 850 3408 Ξέρξεω,
864 3342 969 3440 τριφν
983 3315 1113 3384 τούτου

104 3434 218 3519 ἐπεξῆς
229 3432 374 3517 γενεέων
381 3430 510 3513 ἐγένετο
521 3428 612 3495 πλέω
622 3419 710 3493 κακὰ
720 3448 760 3511 τη
746 3412 927 3489 ΜἘλλόδι
911 3445 932 3507 η
928 3415 997 3486 έπί
1008 3424 1113 3485 είκοσι
