2500 3925
346 240 499 297 τιυιυ.
535 238 632 299 σου.
666 246 810 303 οι-οι.
1020 232 1083 299 263

88 407 183 465 λαντα
207 391 409 481 ἀπαγίνεον·
440 392 544 482 νομός
567 400 708 485 ἕβδομος
733 401 788 466 καλ
810 401 945 479 δέκατος
971 389 1079 480 οὗτος.

89 500 284 579 Ματιηνοῖσι
309 496 365 563 καὶ
387 494 575 581 Σάσπειρσι
604 499 661 565 καλ
682 493 902 585 Ἀλαροδίοισι
928 495 1081 585 διηκόσια

89 596 270 662 ἐπετέτακτο
291 596 455 664 τάλαντα·
487 594 591 684 νομός
611 596 731 684 ὄγδοος
751 600 806 666 καὶ
823 602 958 679 δέκατος
971 590 1078 679 οὗτος.

91 692 245 778 Μόσχοισι
266 694 304 763 δὲ
321 697 377 762 καί
394 701 611 783 Τιβαρηνοῖσι
631 696 686 764 καὶ
701 694 869 784 Μύκρωσι
888 698 945 766 καὶ
958 704 1082 765 Μοσυ-

88 797 219 858 νοικοισι
228 793 287 859 καὶ
295 792 410 879 Μαρσὶ
420 791 593 879 τριηκοσια
603 793 749 861 ταλαυτα
759 802 955 883 προείρητο
978 792 1081 882 νομός

86 897 205 967 εἴνατος
219 915 276 957 και
263 890 428 968 δέκατος
441 880 549 968 οὗτος.
591 887 706 957 Ἰνδῶν
721 890 758 959 δὲ
771 892 902 977 πλῆθός
917 917 952 960 τε
967 896 1079 980 πολλῷ

85 986 233 1055 πλεῖστόν
247 989 318 1054 ἐστι
332 988 471 1055 πόντων
484 1012 553 1055 των
568 984 664 1076 ἡμεῖς
677 992 779 1107 ίδμευ
790 986 1003 1078 ἀνθρώπων,
1024 958 1080 1059 κόδ

85 1083 185 1170 φόρον
206 1082 393 1170 ἀπαγίνεον
409 1083 494 1173 πρός
515 1086 643 1165 πάντας
662 1084 740 1165 τούς
757 1084 897 1173 ἄλλους,
921 1088 1079 1207 ἑξήκοντα

84 1184 131 1248 και
140 1182 316 1268 τριηκόσια
326 1183 472 1251 τόλαντα
484 1184 672 1300 ήτήγματος
695 1180 798 1269 νομός
809 1182 955 1264 είκοστδς
969 1176 1076 1262 οὗτος.

85 1277 123 1347 Τό
139 1281 201 1365 μὲν
218 1278 303 1367 δή’
284 1279 448 1368 αργύριον
464 1277 502 1347 τό
517 1280 738 1368 Βαβυλώνιον
757 1278 842 1369 πρὸς
854 1279 892 1350 τὸ
908 1276 1078 1369 Εὐβοϊκόν
1092 1302 1126 1361 ςς

82 1378 354 1466 συμβαλλόμενον
364 1378 529 1447 τάλαντον
538 1386 666 1464 γίνεται
677 1377 918 1466 τεσσεράκοντα
930 1378 985 1446 καὶ
995 1401 1078 1445 πευ-

81 1477 210 1545 τακόσια
221 1478 280 1544 καί
290 1481 506 1562 εἰνακισχίλια
515 1477 672 1563 τάλαντα,
683 1474 720 1543 τδ
733 1477 769 1544 δὲ
778 1483 918 1565 χρυσίον
929 1497 1077 1562 τρισκαι-

81 1574 294 1643 δεκαστάσιον
323 1574 556 1662 λογιζόμενον,
587 1572 625 1643 τὰ
656 1581 770 1662 ψῆγμα
802 1574 988 1664 εὑρίσκεται
1019 1571 1076 1644 έόν

80 1672 250 1762 Εὐβοικῶν
271 1673 446 1742 ταλάντων
465 1671 659 1761 ὀγδώκοντα
679 1677 735 1743 καὶ
750 1678 930 1755 ἑξακοσίων
950 1678 1005 1745 καί
1021 1700 1077 1743 τε·

79 1779 316 1860 τρακισχιλίων.
350 1772 480 1840 τούτων
511 1766 561 1839 οἷν
578 1768 730 1841 ’πάντων
760 1775 1012 1858 συντύλεμένων
1036 1768 1073 1839 τό

80 1877 200 1956 πλῆθος
211 1866 366 1959 Εύβοίκᾶ
375 1870 521 1939 τύλαντα
532 1876 728 1959 συνελέγετο
736 1874 776 1950 ,ές
786 1868 847 1938 τδν
862 1872 995 1937 έπέιεον
1010 1868 1076 1955 φό-

79 1994 133 2054 ρον
143 1977 283 2060 Δαρείμ
298 1970 403 2057 μύρια
416 1972 472 2039 καί
482 1981 723 2058 τετρακισχίλια
734 1974 790 2039 καί
804 1969 1006 2039 πεντακόσια
1020 1970 1075 2036 καλ

80 2066 247 2187 ἕξήκοντα·
277 2064 369 2134 τὰδ’
394 2074 442 2136 ἔτι
465 2068 595 2138 τούτων
617 2074 759 2152 ἔλασσον
787 2066 895 2147 ύπιείς
911 2064 954 2135 ού
977 2068 1073 2154 λέγω.

81 2158 179 2244 Οὗτος
195 2172 334 2256 Δαρείω
347 2165 488 2254 προσήιε
502 2167 609 2254 φόρος
622 2164 690 2235 ύπό
705 2193 740 2234 τε
756 2193 814 2254 της
827 2163 934 2253 Ἀσίης
949 2167 1057 2233 καὶ
1018 2190 1076 2252 της
1089 2191 1123 2250 ςς

80 2263 198 2383 βιβύης
219 2260 433 2349 ὀλιγαχόθεν.
461 2264 640 2356 προϊόντος
660 2265 774 2351 μέντοι
796 2271 856 2333 τοῦ
874 2264 1000 2352 χρόνου
1020 2259 1076 2330 καλ

80 2357 135 2426 όπδ
149 2361 268 2449 νήσων
281 2363 421 2449 προσήιε
435 2360 535 2441 ἄλλος
551 2362 667 2480 φόρος.
671 2365 727 2430 καὶ
740 2368 808 2429 τῶν
822 2365 859 2430 ἐν
872 2388 912 2452 τη
898 2358 1074 2448 Εύρύπη
1089 2411 1092 2416 .

78 2464 164 2547 μέχρι
178 2467 365 2548 Θεσσαλίης
380 2464 577 2549 οἰκημένων.
606 2467 728 2529 τοῦτον
742 2457 802 2528 τόυ
818 2460 928 2548 φόρου
940 2470 1074 2546 θησαυ-

79 2561 149 2640 ρίζει
186 2556 349 2645 βασιλεύς
373 2555 488 2649 τρόπῳ
523 2563 658 2650 τοιῷδε·
680 2560 714 2637 ἐς
733 2563 858 2637 πίθους
874 2563 1074 2644 κεραμίνους

79 2656 166 2741 τήξας
187 2658 356 2743 καταχέει,
377 2659 506 2746 πλήσας
520 2659 557 2726 δὲ
571 2655 609 2725 τό
628 2656 730 2743 ἄγγος
745 2658 926 2745 περιαιρέει
941 2653 1002 2725 τόν
1018 2657 1075 2723 κέ

81 2776 188 2837 ραμου.
212 2752 317 2822 έπεόν
331 2756 368 2823 δὲ
382 2759 490 2845 δεηθῇ
498 2754 695 2843 χρημάτων,
710 2754 907 2824 κατακόπτει
923 2759 1073 2839 τοσοῦτο,

80 2846 155 2917 ὅσου
171 2847 216 2918 ἂν
232 2851 388 2921 ἑκάστοτε
404 2856 526 2940 δέηται.

153 2941 263 3017 Αὖται
278 2952 342 3036 μέν
355 2976 421 3018 νυν
436 2949 537 3038 ἀρχαί
547 2977 582 3018 τε
599 2944 687 3039 ἦσαν
701 2954 756 3018 καλ
769 2951 888 3038 φόρων
902 2950 1072 3036 ἐπιτάξιες,
1087 2975 1120 3032 ςη

80 3047 229 3136 ἡίίερσλς
250 3051 287 3117 δὲ
306 3051 398 3138 χώρη
417 3052 528 3138 μούνη
542 3077 600 3138 μοι
613 3048 677 3119 ούκ
695 3059 821 3138 είρηται
842 3047 1072 3136 δασμοφόρος·

81 3142 188 3215 ιἰτελέα
201 3145 267 3235 γὰρ
281 3150 411 3236 Πέρσαι
426 3153 585 3236 νέμονται
599 3148 721 3236 χώρην.
752 3151 823 3216 οἵδε
840 3148 877 3215 δὲ
889 3144 998 3233 φόρον
1010 3145 1073 3230 μὲν

81 3244 194 3316 οὐδένα
210 3247 400 3335 ἐτάχθησαν
419 3254 553 3338 φέρειν,
576 3256 668 3338 δῶρα
683 3249 719 3316 δὲ
736 3245 887 3335 ἀγίνεον,
910 3249 1073 3324 Αίθίοπες

81 3349 110 3411 οί
124 3346 308 3434 πρόσουροι
330 3348 507 3442 Αίγύπτφ,
535 3346 615 3428 τούς
636 3346 819 3433 Καμβύσης
846 3344 998 3414 ἐλαύνων
1021 3345 1073 3413 ἐπὶ

82 3442 152 3524 τούς
176 3454 379 3536 μακροβίους
399 3457 567 3529 Αἰθίοπας
593 3450 852 3532 κατεστρέψατο,
882 3451 916 3512 ολ
937 3452 1073 3530 περίτι
