2500 3925
349 218 435 274 ΗΒ.
466 218 527 274 v11.
561 217 661 276 cAP.
694 221 728 280 λλ
745 226 835 280 --81.
1034 214 1094 280 157

90 376 173 450 κατὰ
185 405 248 467 την
259 383 407 448 Κιλίκοιν
416 376 512 458 τάξιν
521 374 657 459 διεξιόν
669 381 827 465 γένωμαι,
841 378 916 448 τότε
929 383 1093 467 σημανέω.

90 479 222 548 Μιλύαι
237 477 273 546 δέ
283 477 402 564 αίχμάς
412 501 448 544 τε
458 480 599 594 βραχέως
614 475 703 563 εἶχον
717 479 772 544 καί
783 481 899 565 εἵματα
913 482 1096 563 ένεπεπορ·

89 579 206 646 πίατο
229 573 319 663 εἰχον
336 578 373 644 δέ
386 572 500 644 αύτιδν
514 573 593 655 τόξα
606 577 810 663 μετεξέτεροι
822 575 952 663 Λύκια,
967 579 1044 664 περὶ
1059 575 1095 643 δὲ

88 682 163 764 τῇσι
176 680 341 764 κεφαλῇσι
356 675 393 742 ἐκ
408 677 601 761 διφθερέων
616 677 839 766 πεποιημένας
853 677 985 753 κυνέας.
1014 674 1095 742 τού-

89 799 158 841 τοιν
171 771 310 841 πάντων
325 765 410 860 ἦρχε
422 769 608 860 Βάδρηςὸ
607 773 782 852 Κυτάνεος.
820 773 954 860 Μόσχοι
968 774 1005 842 δέ
1019 771 1095 860 περὶ
1109 788 1143 844 78

90 874 153 960 μὲν
166 879 241 962 τῇσι
254 879 419 962 κεφαλῇσι
433 873 556 951 κυνέας
568 871 750 954 ξολίναςί
719 897 735 942 ο
746 899 818 960 χον
835 871 977 954 ἀσπίδας
988 873 1027 944 δὲ
1040 875 1096 942 καὶ

90 968 209 1059 αίχμάς
221 969 378 1059 σμικράς,
395 971 512 1059 λόγχαι
526 973 563 1040 δέ
577 974 706 1067 ἐπῆσαν
725 973 876 1060 μεγάλαι.
914 975 1096 1061 Τιβαρηνοὶ

89 1073 126 1140 δὲ
152 1071 209 1139 καὶ
228 1070 418 1157 Μάκρωνες
445 1072 501 1139 καί
523 1071 738 1140 Μοσύνοικοι
778 1066 924 1156 κατάπερ
960 1071 1095 1190 Μόσχοι

88 1169 325 1257 ἐσκευασμένοι
342 1168 589 1256 ἐστρατεύοντο.
610 1171 753 1249 τούτους
765 1171 801 1238 δὲ
814 1170 1021 1238 συνέτασσον
1031 1167 1096 1258 άρ-

89 1294 202 1356 χοντος
214 1271 295 1352 οιδε,
309 1268 474 1357 Μόσχους
482 1268 545 1355 μὲν
555 1271 612 1338 καί
621 1265 833 1357 Τιβαρηνούς
846 1264 1093 1357 Ἀριόμαρδοςὸ

88 1376 239 1453 Δαρείου
250 1394 286 1436 τε
294 1381 376 1448 παῖς
389 1371 445 1438 καὶ
458 1370 621 1457 Πάρμυος
641 1377 699 1458 τῆς
708 1371 874 1457 Σμέρδιος
888 1376 949 1438 τοῦ
962 1369 1093 1458 Κύρου,

89 1463 284 1555 Μάκρωνας
293 1465 330 1536 δέ
342 1465 850 1556 καὶΜοσυνοίιιουςἏρταδατης
862 1465 879 1536 6
891 1469 1093 1555 Κοράσμιος,
1154 1481 1162 1491 ’

88 1562 268 1654 όςΣληστδν
277 1562 340 1654 τὴν
350 1563 626 1659 ἐνἘλλησπόντμ
637 1565 848 1656 ἐπετρόπευε.
864 1574 983 1656 Μᾶρες
995 1565 1031 1635 δέ
1042 1568 1094 1636 ἐπὶ
1108 1584 1142 1643 79

89 1667 152 1750 μὲν
164 1671 239 1754 τῇσι
252 1673 416 1755 κεφαλῇσι
429 1666 555 1754 κράνεα
565 1665 726 1754 ἐπιχώρια
738 1664 864 1734 πλεκτά
878 1663 978 1753 είχου,
994 1663 1095 1733 άσπί-

90 1770 150 1845 δας
164 1764 201 1834 δέ
216 1768 414 1853 δερματίνας
429 1765 570 1856 σμικράς
583 1769 639 1836 καί
656 1763 804 1836 άκόντια.
828 1766 953 1855 Κόλχοι
968 1771 1004 1847 δὲ
1018 1766 1094 1854 περί

89 1867 151 1935 μὲν
160 1870 235 1954 τῇσι
245 1873 410 1955 κεφαλῇσι
420 1867 546 1956 κράνεα
557 1867 692 1954 ξύλινα,
706 1863 849 1948 άσπίδας
860 1869 896 1936 δέ
906 1863 1094 1955 ὠμοβοΐνας

89 1960 231 2052 σμικράς
244 1964 362 2052 αἰχμάς
376 1992 412 2035 τε
425 1971 582 2055 βραχέας,
596 1962 682 2053 πρός
695 1966 733 2035 δέ
748 1968 804 2035 καί
818 1973 979 2055 μαχαίρας
993 1964 1091 2054 εἶχον.

91 2069 224 2150 Μαρῶν
244 2064 281 2132 δὲ
301 2066 357 2134 καί
377 2066 518 2154 Κόλχων
537 2060 619 2155 ἦρχε
636 2066 856 2188 Φαρανδάτης
878 2064 896 2137 6
919 2068 1091 2147 Τεάσπιος.

89 2165 271 2255 Αλαρόδιοι
285 2166 322 2235 δέ
334 2170 391 2237 καί
403 2169 592 2258 Σάσπειρες
616 2164 763 2255 κατάπερ
783 2169 909 2257 Κόλχοι
927 2167 1093 2257 ὡπλισμέ-

87 2292 142 2333 υοι
159 2263 406 2351 ἐστρατεύοντο.
434 2268 566 2338 τούτων
585 2270 622 2337 δὲ
647 2274 831 2347 Μασίστιος
851 2267 1093 2357 ὁΣιρομίτρεα

86 2356 175 2451 692⁸·
199 2362 247 2431 Τᾶ
263 2366 300 2433 66
310 2364 492 2453 νησιωτικα
503 2373 607 2437 έθνεα
617 2393 658 2435 τα
646 2362 760 2435 ἐκ
719 2393 778 2453 της
789 2364 953 2455 Εροθρης
961 2367 1094 2437 θαλασ
1106 2384 1142 2441 80

87 2483 147 2547 669
162 2462 323 2551 ἑπόμενα,
345 2466 460 2552 νήσων
474 2466 527 2553 δέ,
547 2468 586 2533 έν
599 2472 676 2553 τῇσι
689 2462 769 2544 τούς
784 2463 1018 2544 ἀνασπάστους
1031 2491 1093 2533 κα·
1219 2478 1224 2485 ’

88 2559 269 2645 λεομένους
282 2569 459 2644 κατοικίζει
472 2560 682 2652 βασιλεύς,’
662 2562 833 2650 αγχοτάτω
846 2567 915 2630 τάν
926 2568 1093 2649 Μηδικῶν

86 2654 177 2743 εἶχον
187 2658 313 2747 ἐσθῆτά
324 2685 360 2729 τε
369 2663 425 2729 καὶ
434 2659 531 2731 ὅπλα.
547 2661 678 2731 τούτων
689 2661 802 2731 δέτῶυ
812 2666 1002 2748 νησιωτέων
1012 2654 1093 2750 ἦρχε

87 2756 292 2846 Μαρδόντης
304 2755 324 2828 6
339 2766 507 2848 Βαγαίου,
522 2756 560 2839 ὃς
575 2762 613 2829 ἐν
623 2760 773 2881 Μυκάλη
787 2764 997 2848 στρατηγέων
1011 2764 1092 2829 δευ-

86 2859 174 2950 τέρμ
186 2864 253 2928 ἔτεϊ
265 2860 396 2929 τούτων
412 2860 603 2947 ἐτελεύτησε
617 2862 656 2929 έν
668 2868 709 2951 τῇ
721 2859 818 2949 μάχῃ

173 2952 322 3028 Ταῦτα
298 2986 344 3048 ην
357 2956 398 3029 τά
414 2956 488 3029 κατ’
510 2958 651 3047 ἤπειρον
667 2957 916 3046 στρατευόμενά
934 2983 971 3026 τε
986 2962 1089 3077 ἐβνεα
1104 2971 1135 3029 81

85 3059 141 3126 καί
151 3059 333 3145 τεταγμένα
344 3062 378 3138 ές
387 3086 426 3127 το
414 3056 546 3141 πεζον
563 3059 687 3128 τούτου
702 3050 751 3127 άν
762 3083 823 3125 του
833 3062 976 3144 στρατου
987 3047 1092 3143 ἦρχον

85 3150 197 3245 ούτοι,
219 3162 314 3246 οἵπερ
336 3161 491 3247 εἰρέαται,
505 3162 562 3229 καὶ
573 3165 608 3229 ολ
618 3160 830 3240 διατάξαντες
841 3158 895 3225 καί
908 3153 1091 3241 ἐξαρυδμή-
1162 3150 1166 3161 ’

83 3278 203 3336 σαντες
216 3248 310 3326 οὗτοι
324 3249 413 3345 ἦσαν
427 3262 482 3327 καί
500 3259 671 3346 χιλιάρχας
684 3285 720 3328 τε
736 3259 791 3327 καί
805 3254 992 3345 μυριάρχας
1005 3248 1091 3321 660-

81 3358 253 3441 δέξαντες,
278 3356 518 3445 ἑκατοντάρχας
534 3358 572 3426 δὲ
591 3361 648 3428 καὶ
669 3355 830 3477 δεκάρχας
846 3358 881 3423 oc
898 3352 1088 3474 μυριάρχαι.

85 3456 205 3523 τελέαν
220 3453 257 3523 δὲ
270 3456 326 3523 καὶ
339 3451 506 3525 ἐθνέων
484 3475 573 3543 ησαν
581 3454 678 3526 ἄλλοι
693 3454 905 3543 σημάντορες.
928 3438 1017 3541 ἦσαν
1027 3452 1090 3542 μὲν
