2500 3925
212 235 275 302 28⁶
592 235 843 293 HERODOTI
942 266 950 292 ι

212 396 329 484 χάνετε
350 395 568 484 φρονέοντες,
596 393 843 480 ἐπισταμένοισι
864 389 910 471 ὡς
929 394 1146 482 βαρβάροισί
1160 401 1204 465 ἐτι

149 520 197 576 14³
212 494 291 564 οὔτε
304 493 425 563 πιστόν
439 491 516 563 οὔτε
531 491 657 580 ἀληθὲς
670 489 782 560 οὐδέν.
812 497 925 559 Ταῦτα
942 498 1066 574 ἔλεξαν
1078 501 1119 563 οί
1130 496 1204 582 ἀγγε

212 605 273 666 λοι.
293 591 683 682 Ἀθηναίοιδίπρόςμέν
692 590 911 678 Ἀλέξανδρον
920 592 1203 682 ὁπεαρίναντοτε

212 700 265 764 δε·
297 697 364 763 Καί
384 691 479 763 αὐτοὶ
498 693 600 762 τοῦτό
618 717 659 780 γε
672 693 895 780 ἐπιστάμεθα,
919 693 973 762 ότι
986 704 1204 782 πολλαπλησίη

211 793 279 862 ἐστί
289 799 336 884 τῷ
347 793 458 885 Μήδφ
469 791 611 878 δύναμις
619 789 705 879 ἥπερ
715 789 808 878 ήμίν,
823 789 909 860 ἀστε
923 790 1031 862 οὐδὲν
1044 799 1113 872 δεῖ
1130 802 1203 862 τοῦτο

210 921 249 983 γε
260 893 442 976 ὀνειδίζειν,
466 889 540 962 ἀλλ’
556 891 647 979 ὅμως
658 894 852 978 ἐλευθερίης
860 893 1060 979 γλιχόμενοι
1071 892 1203 981 ἀμυνεῖν

210 1003 299 1080 μεθα
315 991 421 1080 οὕτω,
445 992 533 1071 ὅκως
546 987 591 1060 ἀν
605 993 660 1060 καί
674 990 867 1077 δυνάμεθα.
896 988 1114 1081 ὁμολογήσαι
1132 998 1167 1062 δὲ
1177 1002 1202 1082 τῷ

209 1096 369 1185 βορβάρφ
389 1093 470 1182 μήτε
490 1092 535 1162 σύ
555 1091 658 1181 ἡμέας
675 1095 788 1177 πείρεο
803 1088 1005 1162 ἀναπείθειν
1025 1094 1115 1162 οὔτε
1135 1091 1203 1181 ἡμας

209 1193 402 1281 πεισόμεθα.
425 1201 491 1262 νῦν
507 1194 543 1261 δὲ
557 1190 746 1280 ἀπάγγελλε
759 1196 962 1284 Μαρδονίῳ,
978 1191 1027 1272 ὥς
1045 1191 1202 1280 Ἀθηναῖοι

207 1298 359 1381 λέγουσι,
381 1291 448 1362 ἐστ’
467 1289 512 1362 ἀν
526 1291 545 1364 ὁ
561 1292 657 1381 ἥλιος
668 1291 733 1380 τήν
750 1289 857 1381 αότήν
872 1291 956 1362 ὁδόν
970 1304 1007 1383 ίη
1027 1302 1072 1383 τῇ
1084 1299 1149 1364 καὶ
1159 1303 1203 1362 νοτ

208 1397 353 1479 ἔρχεται,
368 1391 491 1480 μήκοτε
508 1389 730 1480 ὁμολογήσειν
742 1389 846 1479 ἡμέας
857 1391 980 1480 Ξέρξη·
1002 1388 1096 1460 ἀλλά
1114 1398 1203 1461 θεοῖό

206 1516 242 1560 τε
251 1492 451 1579 συμμάχοισι
462 1497 601 1561 πίσυνοί
607 1517 667 1578 μιν
676 1493 828 1578 ἐπέξιμεν
843 1487 1058 1576 ἀμυνόμενοι
1068 1494 1131 1558 καὶ
1140 1505 1202 1558 τοῖσι

205 1588 328 1678 ἥρωσι,
342 1596 411 1658 τῶν
421 1592 547 1670 ἐκεῖνος
557 1587 719 1677 οὐδεμίαν
728 1585 809 1658 ὄπιν
818 1593 904 1674 ἔχων
913 1590 1081 1676 ἐνέπρησε
1092 1591 1201 1668 τοόςτι

207 1696 323 1765 οίπους
336 1689 392 1755 καλ
405 1685 446 1755 τά
461 1683 644 1775 ἀγάλματα.
666 1686 712 1755 σό
724 1711 761 1754 τε
774 1692 836 1754 τοῦ
851 1693 973 1755 λοιποῦ
985 1685 1122 1773 λόγους
1138 1694 1200 1775 ἔχω

205 1784 359 1853 τοιούσδε
370 1782 415 1872 μή
427 1788 601 1872 ἐπιφαίνεο
614 1783 830 1873 Ἀθηναίοισι,
846 1786 930 1873 μηδὲ
943 1789 1078 1856 δοκέων
1091 1786 1201 1877 χρηστὲ

205 1879 409 1972 ὑπουργέειν
422 1882 564 1973 ἀθέμιτα
578 1887 690 1974 ἐρδειν
703 1890 871 1971 παραίνεε.
894 1881 937 1952 οά
949 1886 1017 1972 γάρ
1033 1907 1075 1954 σε
1089 1887 1202 1975 βουλό
1218 1916 1219 1933 ³

204 1992 294 2067 μεθα
309 1982 410 2053 οὐδὲν
423 1982 521 2072 ἀχαρι
535 1984 620 2072 πρὸς
636 1982 827 2071 Ἀθηναίων
847 1995 988 2072 παθεῖν,
1011 1985 1121 2055 ἐόντα
1133 1986 1202 2071 πρό-

137 2106 186 2159 ιςς
204 2084 316 2162 ξεινόν
329 2110 365 2152 τε
378 2087 433 2154 καί
451 2091 560 2172 φίλον.
592 2083 685 2172 Πρός
701 2086 764 2170 μὲν
774 2080 992 2170 Ἀλέξανδρον
1005 2092 1119 2153 ταῦτα
1135 2084 1202 2153 ‘im-
1218 2111 1220 2120 ²

203 2188 378 2268 κρίναντο,
402 2182 486 2271 πρὸς
506 2187 543 2254 δὲ
563 2183 643 2264 τούς
664 2182 729 2252 ἀπό
750 2183 910 2273 Σπάρτης
928 2183 1097 2270 ἀγγέλους
1120 2187 1203 2255 τάδε·

207 2277 252 2349 Τό
264 2280 326 2367 μὲν
337 2285 443 2350 δεῖσαι
449 2286 736 2370 Λακεδαιμονίους
743 2280 789 2371 μή
797 2278 1059 2370 ὁμολογήσωμεν
1069 2291 1120 2375 τῷ
1131 2293 1205 2373 βαρ

202 2381 297 2475 βάρφ
320 2384 425 2470 κάρτα
446 2381 667 2474 ἀνθρωπήιον
685 2378 738 2473 ἦν.
770 2382 854 2473 ἀτάρ
878 2390 1018 2472 αίσχροῖς
1035 2412 1078 2473 γε
1101 2398 1204 2456 οίκαιι

203 2484 451 2573 ἐξεπιστάμενοι
471 2484 508 2555 τό
530 2484 721 2574 Ἀθηναίων
740 2484 900 2573 φρόνημα
920 2483 1138 2577 ἀρρωδῆσαι,
1164 2488 1202 2559 ὅτι

202 2581 280 2653 οὔτε
292 2586 415 2673 χρυσός
429 2588 498 2655 ἐστι
509 2592 569 2674 γῆς
580 2584 750 2673 οὐδαμόθι
763 2592 921 2665 τοσοῦτος
931 2584 1009 2654 οὔτε
1018 2588 1117 2677 χιόρη
1130 2589 1202 2658 κάλ-

200 2690 315 2755 λείκαλ
326 2685 425 2777 ἀρετή
437 2694 521 2775 μέγα
531 2684 827 2777 ὑπερφέρουσα,τά
837 2686 931 2775 ἡμεῖς
942 2688 1125 2776 δεξάμενοι
1135 2691 1203 2759 ε’θέ-
1218 2765 1219 2768 ¹

200 2792 316 2870 λοιμεν
327 2781 371 2852 ἀν
381 2792 579 2873 μηδίσαντες
589 2792 842 2859 καταδουλῶσαι
855 2785 918 2876 τήν
929 2786 1080 2858 Ἑλλάδα.
1097 2788 1202 2859 πολλά

196 2908 234 2949 τε
249 2879 319 2967 γὰρ
331 2885 385 2951 καί
405 2884 532 2970 μεγάλα
553 2888 620 2955 ἐστὶ
639 2884 680 2955 τά
695 2887 926 2955 διακωλύοντα
940 2893 1043 2954 ταῦτα
1065 2884 1114 2974 μή
1134 2913 1201 2957 ποι-

198 2984 283 3067 ἐειν,
306 2979 384 3067 μηδ’
406 2977 450 3069 ήν
469 2984 656 3072 ἐθέλωμεν·
688 2992 803 3073 πρῶτοι
823 2988 886 3073 μὲν
902 2990 958 3054 καί
977 2988 1122 3073 μέγιστα
1144 2994 1200 3055 τῶν

197 3084 292 3147 θεῶν
304 3076 345 3145 τά
356 3074 529 3167 ἀγάλματα
539 3086 595 3150 καί
605 3080 647 3151 τά
659 3085 821 3172 οἰκήματα
835 3086 1095 3172 ἐμπεπρησμένα
1105 3112 1146 3154 τε
1156 3087 1200 3155 ντί

198 3182 469 3269 συγκεχωσμένα,
486 3195 570 3249 τοῖσι
584 3178 687 3269 ήμέας
700 3181 889 3271 ἀναγκαίως
904 3189 969 3269 ἔχει
982 3188 1167 3270 τιμωρέειν
1176 3190 1199 3264 ἐς

196 3274 237 3345 τὰ
251 3280 388 3365 μέγιστοι
401 3287 530 3367 μᾶλλον
542 3281 627 3369 ήπερ
640 3279 834 3370 ὁμολογέειν
844 3290 891 3374 τῷ
901 3288 1007 3351 ταῦτα
1018 3284 1199 3372 ἐργασαμέ-

196 3402 255 3467 νφ,
272 3370 367 3456 αὖτις
377 3378 414 3447 δὲ
424 3378 461 3448 τό
474 3378 671 3467 Ἑλληνικόν
682 3382 740 3450 έὸν
755 3382 902 3470 ὅμαιμόν
911 3410 949 3451 τε
959 3387 1015 3451 καί
1027 3382 1199 3472 ὁμόγλωσ-

196 3471 268 3560 σον,
276 3478 331 3543 καί
341 3482 435 3543 θεῶν
446 3478 612 3565 ἱδρύματά
621 3506 657 3548 τε
667 3476 765 3549 κοινὰ
777 3485 832 3550 καί
841 3489 961 3551 θυσίαι
971 3480 1061 3571 ἤθεά
1070 3511 1110 3553 τε
1121 3484 1197 3583 ὁμό-
