2500 3925
361 267 448 324 ΗΒ.
480 266 527 324 lx.
564 265 662 323 οΑΡ.
696 273 837 327 ιυ-εε.
1042 266 1105 329 ⁶29³

88 425 210 496 ὁκοῖόν
223 453 255 494 τι
269 424 466 512 ποιήσουσι,
482 427 537 492 καὶ
549 423 625 492 οὔτε
637 423 799 511 ἐπήμαινε
808 425 886 498 οὔτε
900 430 1028 498 ἐσίνετο
1038 435 1103 516 γῆν

24 523 29 560 ³
87 523 156 613 τήν
170 523 332 611 Αττικήν,
348 526 488 605 ἐλπίζων
502 521 558 591 διά
574 520 700 602 παντός
715 531 777 593 τοῦ
789 524 916 614 χρόνον
934 525 1101 616 ὁμολογή-

88 645 166 692 σειν
180 626 300 709 σφέας·
328 625 398 690 ἐπεὶ
413 621 450 690 δὲ
464 619 528 690 ούκ
546 625 678 707 ἔπειθε,
699 622 896 709 πυθόμενος
915 624 976 694 τόν
991 626 1101 695 πάντα

25 750 27 760 ·
87 721 213 808 λόγον,
229 723 309 808 πρὶν
322 715 345 806 ή
360 716 440 798 τούς
454 717 536 807 μετά
553 727 756 788 Παυσανίεω
769 724 804 799 ἐς
817 719 878 790 τόν
891 721 1027 810 Ἰσθμόν
1041 728 1100 811 έμ-

86 829 208 908 βαλεϊν
224 818 429 908 ὑπεξεχώρεε
444 819 614 907 ἐμπρήσας
630 845 665 886 τε
679 816 739 898 τάς
749 816 905 908 Ἀθήνας,
920 825 976 891 καί
991 833 1025 890 εί
1035 824 1099 891 κού

23 925 27 960 ='
84 945 120 985 τι
137 915 247 1003 ὀρθόν
261 911 307 1005 ήν
326 924 394 985 τών
407 920 542 1004 τειχέων
561 913 584 1004 ή
596 923 666 984 τών
680 918 870 1006 οἰκημάτων
883 916 908 1008 ή
921 928 989 990 τῶν
1003 926 1097 1009 ίρῶν,

23 1029 27 1062 ²
84 1014 200 1083 πάντα
214 1014 412 1104 καταβαλών
426 1017 482 1084 καί
497 1013 680 1101 συγχώσας.
701 1014 862 1104 ἐξήλαυνε
877 1019 1035 1086 δὲτῶνδε
1049 1021 1098 1086 εί·

21 1127 25 1162 *
83 1140 203 1199 νεκεν,
218 1113 269 1182 ότι
284 1112 361 1182 οὔτε
375 1119 537 1200 ίππασίμη
551 1111 572 1200 ή
587 1113 679 1202 χώρη
695 1106 740 1201 ήν
753 1111 774 1202 ή
786 1112 931 1203 Ἀττική,
947 1126 982 1184 εί
990 1142 1026 1184 τε
1042 1143 1097 1184 νι-

22 1227 24 1264 ³
83 1225 173 1306 κῷτο
185 1214 377 1304 συμβαλών,
393 1214 575 1296 ἀπάλλαξις
586 1213 651 1284 οὐκ
663 1209 719 1303 ἦν,
734 1213 786 1284 ότι
797 1213 842 1304 μή
853 1216 938 1286 κατά
949 1212 1095 1303 στεινόν,

22 1351 23 1358 ¹
85 1320 173 1388 ὥστε
189 1322 244 1386 καὶ
259 1315 392 1406 ὀλίγους
413 1319 518 1404 σφέας
533 1315 740 1401 ἀνθρώπους
754 1326 868 1403 ίσχειυ.
898 1318 1096 1407 ἐβουλεύετο

21 1411 24 1474 ἕ
85 1411 136 1485 ών
151 1417 410 1504 ἐπαναχωρήσας
425 1419 458 1494 ἐς
471 1413 531 1494 τάς
542 1415 656 1504 ’Θήβας
669 1422 854 1503 συμβαλεῖν
868 1414 952 1502 πρός
966 1417 1044 1484 πόλι
1059 1441 1095 1482 τε

21 1541 22 1564 ÷
85 1523 182 1608 φιλίη
196 1521 252 1586 καί
268 1515 359 1605 χώρη
373 1520 553 1604 ἱππασίμῳ.
576 1512 776 1599 Μαρδόνιος
789 1515 851 1599 μὲν
866 1511 907 1602 δή
926 1511 1092 1599 ὑπεξεχώ-
1110 1536 1144 1586 14

21 1655 22 1678 ι
85 1642 153 1701 ρεε,
168 1614 231 1703 ήδη
247 1614 284 1681 δέ
300 1615 337 1681 ἐν
352 1619 392 1700 τή
406 1607 474 1702 ὁδῷ
489 1610 579 1678 ἐόντι
591 1608 683 1702 αὐτῷ
695 1602 783 1698 ήλθε
796 1609 933 1702 ἀγγελίη
947 1609 1095 1697 πρόδρο-

83 1742 152 1802 μον
166 1713 271 1802 άλλην
292 1710 452 1801 στρατιήν
471 1709 567 1798 ἥκειν
587 1715 620 1790 ἐς
631 1715 797 1803 Μέγαρα,
818 1717 1095 1799 Λακεδαιμονίων

82 1819 219 1903 χιλίους.
242 1812 439 1899 πυθόμενος
450 1813 487 1879 δὲ
499 1818 603 1879 ταῦτα
614 1811 823 1899 ἐβουλεύετο,
836 1813 976 1899 ἐθέλων,
988 1821 1022 1880 εί
1028 1838 1095 1890 κως

82 1914 226 1993 τούτους
240 1918 374 1999 πρῶτον
389 1914 468 1982 ἕλοι.
501 1908 714 1997 ὑποστρέψας
730 1913 767 2005 δὲ
782 1907 845 2000 τήν
859 1909 1019 1999 στρατιήν
1031 1905 1094 1999 ήγε

84 2017 138 2081 ἐπὶ
153 2009 194 2080 τά
212 2012 372 2097 Μέγαρα·
399 2008 420 2097 ή
442 2013 600 2089 δέ’ίππος
620 2018 839 2100 προελθοῦσα
861 2013 1091 2081 κατιππάσατο

83 2112 197 2199 χώρην
218 2108 281 2199 τήν
295 2114 482 2199 Μεγαρίδα.
510 2112 544 2189 ἐς
560 2109 687 2196 ταύτην
708 2106 749 2195 δή
765 2107 934 2178 ἑκαστάτω
948 2116 1006 2197 τής
1021 2108 1092 2178 Εύ-

84 2207 198 2295 ρώπης
211 2206 250 2276 τό
265 2206 349 2296 πρὸς
362 2206 460 2295 ἡλίου
476 2207 640 2287 δύνοντος
653 2204 675 2293 ή
690 2205 839 2295 Περσική
854 2207 939 2295 αύτη
955 2206 1091 2295 στρατιή

83 2305 227 2377 ἀπίκετο.
249 2304 346 2375 Μετά
359 2308 395 2375 δέ
407 2310 700 2395 ταύταΜαρδονίω
708 2297 770 2392 ήκε
780 2302 928 2392 ἀγγελίη,
941 2303 986 2385 ώς
996 2303 1090 2384 ἁλέες
1107 2329 1140 2381 ις
1157 2363 1160 2367 .

85 2417 200 2493 είησαν
220 2401 418 2491 οίἝλληνες
441 2406 478 2472 ἐν
496 2411 542 2493 τῷ
559 2401 692 2493 Ἰσθμῷ.
723 2401 812 2470 οὕτω
827 2401 867 2490 δή
889 2401 997 2472 ὀπίσω
1011 2408 1092 2471 ἐπο-

85 2503 200 2586 ρεύετο
216 2499 272 2569 διά
284 2509 471 2586 Δεκελείης.
494 2506 528 2569 οί
542 2499 607 2586 γάρ
622 2500 824 2587 βοιωτάρχαι
840 2504 1091 2587 μετεπέμψαντο

84 2600 162 2681 τούς
174 2600 391 2687 προσχώρους
402 2606 471 2667 τών
483 2598 669 2685 Ἀσωπίων,
681 2593 775 2668 οὗτοι
786 2599 823 2668 δὲ
834 2598 925 2691 αύτῷ
935 2600 998 2689 τήν
1008 2600 1091 2671 ὁδὸν

83 2698 222 2787 ἡγέοντο
244 2702 277 2777 ἐς
293 2702 526 2795 Σφενδαλέας,
549 2702 711 2769 ἐυθεύτεν
732 2700 768 2767 δὲ
785 2702 818 2778 ἐς
836 2700 1025 2790 Τανάγρην.
1054 2704 1091 2770 έν

87 2796 245 2885 Τανάγρη
267 2796 303 2863 δὲ
325 2797 432 2866 νύκτα
458 2796 721 2884 ἐναυλισάμενος
743 2800 799 2865 καί
818 2799 1027 2885 τραπόμενος
1050 2805 1091 2887 τῇ

82 2895 240 2983 ύστεραίη
256 2898 289 2973 ἐς
302 2902 445 2965 Σκώλου
461 2899 498 2965 ἐν
512 2903 555 2986 μή
570 2902 610 2985 τή
625 2902 784 2985 Θηβαίων
797 2890 850 2984 ἦν.
885 2900 1033 2966 ἐνθαῦτα
1054 2900 1091 2965 δὲ

83 3002 149 3064 τῶν
172 2999 331 3080 Θηβαίων
351 3000 470 3083 καίπερ
492 2995 700 3083 μηδιζόντων
722 3000 830 3082 ἔκειρε
850 2992 929 3073 τούς
948 2994 1089 3083 χώρους,

84 3091 155 3161 ούτι
166 3089 249 3160 κατά
262 3096 361 3177 ἔχθος
372 3090 495 3179 αύτώυ,
508 3090 583 3164 ἀλλ’
597 3090 657 3161 ὑπ’
666 3092 849 3181 ἀναγκαίης
859 3093 1005 3180 μεγάλης
1017 3091 1091 3179 ἐχό-

83 3212 191 3276 μενος,
207 3189 414 3277 βουλόμενος
426 3190 533 3277 ἔρυμά
544 3217 580 3259 τε
590 3198 637 3282 τῷ
648 3193 860 3282 στρατοπέδω
872 3188 1089 3278 ποιήσασθαι,

83 3283 194 3374 καλήν
208 3288 414 3377 συμβαλόντι
429 3296 464 3359 οί
474 3288 520 3377 μή
534 3292 673 3379 ἐκβαίνῃ
688 3288 805 3359 ὁκοῖόν
818 3318 850 3357 τι
865 3290 996 3375 ἐθέλοι,
1005 3313 1090 3376 κρη-

83 3388 251 3475 σφύγετον
271 3396 370 3458 τοῦτο
387 3393 542 3459 ἐποιέετο.
571 3398 701 3477 παρήκε
717 3392 753 3459 δέ
768 3386 874 3458 αὐτοῦ
894 3385 932 3457 τὸ
949 3386 1089 3472 στρατό-

82 3492 184 3556 πεδον
198 3484 388 3577 ἀρξάμενον
403 3486 468 3558 ἀπὸ
479 3487 674 3579 Ἐρυθρέων
685 3487 775 3579 παρά
784 3485 905 3591 ῘῬσιάς,
923 3490 1089 3557 κατέτεινε
