2500 3925
359 209 445 267 LJB.
479 209 516 266 v,
550 209 657 266 σοι).Ι
681 216 823 271 ει-ω,
1052 209 1094 276 25

91 366 207 456 ήμισν,
228 369 281 436 καὶ
298 366 530 454 φυλακτήριον
545 369 582 434 έν
598 363 738 436 αύτοτσι.
766 370 908 455 ποταμοὶ
923 372 960 438 δὲ
974 393 1095 460 νηυσι-

90 471 222 557 πέρητοι
237 469 388 551 τέσσερες
403 463 595 554 διὰταύτης
609 469 742 556 δέουσι,
762 467 843 548 τούς
857 477 948 540 πάσα
964 470 1095 564 ἀνάγκη

91 569 362 654 διαπορθμεῦσαί
372 567 457 653 ἐστι,
479 573 610 652 πρῶτος
630 564 693 653 μέν
710 572 840 655 Τίγρις,
863 567 945 655 μετὰ
959 570 997 640 δέ
1016 574 1097 641 δεύ-

87 665 177 754 τερός
194 690 230 732 τε
246 663 305 733 καὶ
320 669 430 753 τρίτος
456 657 564 743 ύυτός
586 661 850 752 οὐνομαζόμενος
869 667 1019 754 Ζάβατος
1037 665 1101 737 οόκ

88 761 192 845 ιδυτός
207 764 273 834 ἐνδυ
285 762 434 851 ποταμός
447 757 530 833 ούδὲ
548 765 584 831 έκ
596 768 658 832 τού
676 761 782 833 αὐτοῦ
796 766 899 854 βόων·
918 765 936 835 6
954 767 1017 856 μέν
1034 768 1101 860 γάρ

86 865 244 954 πρότερος
254 857 369 934 αὐτόν
377 865 593 951 καταλεχθεὶς
602 866 636 946 ἐξ
646 861 991 956 Ἄρμενίωνβέει,ὁδὲ
999 865 1102 938 ὕστε-

86 994 145 1054 ρον
163 969 200 1034 ἑκ
218 971 413 1052 Ματιηνῶν.
448 962 467 1033 6
485 965 524 1033 δέ
535 964 691 1055 τέταρτος
707 971 776 1036 τῶν
793 973 954 1057 ποταμοῖν
971 967 1102 1057 ούυομα

86 1073 150 1156 ἔχει
167 1065 319 1155 Γύνδης,
336 1065 397 1136 τόν
414 1071 527 1157 Κῦρος
546 1067 682 1154 διέλαβέ
695 1093 770 1137 κοτε
788 1070 821 1149 ές
839 1067 1006 1158 διώρυχας
1026 1070 1101 1158 ἑξή-

85 1195 184 1237 κοντα
193 1168 249 1236 καλ
261 1173 464 1260 τριηκοσίας.
484 1169 521 1236 έκ
534 1166 573 1237 δέ
585 1167 708 1255 ταύτης
718 1173 777 1256 τής
788 1163 963 1258 Ἀρμενίης
974 1170 1102 1258 έσβάλ-

85 1277 175 1338 λοντι
193 1271 226 1349 ές
243 1267 307 1358 τήν
324 1267 505 1357 Ματιηνὴν
528 1273 593 1356 γῆν
617 1277 765 1357 σταθμοί
786 1276 849 1339 είσι
872 1271 1026 1359 τέσσερες
1043 1271 1103 1339 καὶ

84 1367 269 1458 τριήκοντα,
284 1369 498 1454 παρασάγγαι
506 1369 545 1438 δὲ
559 1368 640 1438 ἑπτά
652 1371 710 1436 καὶ
722 1368 962 1457 τριήκοντακαὶ
970 1371 1099 1443 ἑκατόν,

88 1475 124 1540 έκ
138 1471 174 1537 δὲ
187 1467 309 1555 ταύτης
326 1469 360 1546 ές
370 1463 434 1555 τήν
445 1469 590 1552 Κισσίην
599 1461 714 1550 χώρην
727 1469 962 1550 μεταβαίνοντι
976 1467 1097 1534 ἕνδεκα

88 1571 242 1655 σταθμοί,
258 1563 471 1653 παρασάγγαι
482 1565 519 1631 δὲ
531 1561 593 1630 δύο
605 1563 661 1629 καλ
671 1561 916 1649 τεσσεράκοντα
926 1566 982 1632 καὶ
991 1562 1097 1653 ἥμισύ

89 1670 158 1735 έστι
177 1667 230 1734 ἐπὶ
251 1661 403 1752 ποταμόν
422 1660 604 1747 Χοάσπην,
636 1658 734 1726 ἐόντα
756 1662 812 1726 καὶ
831 1666 953 1728 τοῦτον
976 1680 1097 1748 νηυσι-

89 1767 251 1852 πέρητον,
273 1759 325 1830 ἐπ’
342 1753 370 1851 ᾦ
383 1765 503 1828 Σοῦσα
517 1757 614 1835 πόλις
629 1755 834 1825 πεπόλισται.
857 1749 951 1826 οὗτοι
967 1763 1001 1828 ol
1008 1759 1097 1827 πάν-

88 1889 142 1941 τες
155 1865 304 1946 σταθμοί
318 1866 381 1928 είσι
395 1853 515 1926 ἕνδεκα
530 1857 585 1924 καὶ
597 1854 726 1924 ἑκατόν.
750 1860 941 1944 καταγωγαὶ
955 1862 1017 1944 μέν
1031 1884 1098 1926 νυν

90 1966 252 2048 σταθμῶν
272 1962 435 2028 τοσαῦταί
451 1961 515 2025 εἰσι
538 1957 575 2023 έκ
591 1956 752 2042 Σαρδίων
769 1954 801 2033 ές
815 1961 934 2024 Σοῦσα
956 1953 1099 2045 άναβαί-
1176 1993 1180 1998 ·

90 2084 201 2145 νοντι,
225 2063 255 2126 εί
270 2060 307 2124 δὲ
327 2054 440 2144 ὀρθῶς
455 2049 689 2143 μεμέτρηταιὴ
709 2050 788 2133 ὁδός
801 2049 824 2141 ἡ
837 2060 993 2143 βασιληίη
1010 2069 1096 2125 τοῖσι
1111 2074 1145 2130 53

89 2155 324 2244 παρασάγγῃσι
338 2154 393 2222 καὶ
404 2150 422 2220 6
435 2152 653 2242 παρασάγγης
667 2151 809 2237 δύναται
822 2152 1002 2241 τριήκοντα
1016 2154 1098 2222 στά-

31 2278 41 2295 ‘
89 2265 163 2345 δια,
186 2255 296 2337 ὥσπερ
317 2247 417 2333 ούτός
437 2280 476 2341 γε
491 2252 633 2321 δύναται
648 2257 770 2339 ταῦτα,
793 2252 830 2320 έκ
843 2256 1003 2340 Σαρδίων
1016 2253 1098 2322 στά-

89 2356 147 2426 διά
163 2358 230 2423 ἐστι
246 2356 279 2432 ές
292 2350 333 2420 τά
348 2352 506 2440 βασιλήια
519 2348 561 2420 τά
575 2348 758 2437 Μεμνόνια
772 2349 959 2437 καλεόμενα
974 2376 1098 2420 πεντα-

88 2456 188 2525 κόσια
214 2454 270 2519 καὶ
296 2456 459 2538 τρισχίλια
492 2451 548 2518 καλ
572 2447 678 2537 μύρια
704 2452 948 2537 παρασαγγέων
972 2451 1099 2520 ἐόντων

89 2550 300 2639 πεντήκοντα
314 2551 370 2616 καὶ
381 2552 615 2634 τετρακοσίων.
638 2547 847 2636 πεντήκοντα
860 2553 897 2618 δὲ
910 2552 966 2620 καλ
980 2549 1099 2619 ἑκατὸν

90 2650 211 2719 στάδια
226 2644 278 2716 ἐπ’
295 2642 403 2737 ήμέρη
425 2648 546 2737 ἑκάστη
561 2650 722 2727 διεξιοῦσι
742 2643 998 2736 ἀναισιμοῦνται
1018 2650 1101 2739 ἡμέ-

89 2776 148 2836 ραι
165 2746 287 2833 άπαρτλ
301 2746 512 2833 ἐνενήκοντα.
538 2743 637 2815 Οὕτω
653 2752 700 2835 τῷ
714 2751 871 2839 Μιλησίην
881 2746 1099 2837 Ἀρισταγόρῃ
1113 2766 1150 2824 51

89 2858 224 2917 είπαντι
237 2841 322 2931 πρὸς
333 2845 525 2930 Κλεομένεα
540 2841 601 2912 τόν
611 2843 881 2932 Λακεδαιμόνιον
896 2844 983 2917 εἶναι
996 2852 1101 2933 τριῶν

89 2950 210 3033 μηνῶν
226 2940 289 3029 τήν
303 2940 429 3011 άνοδον
450 2940 511 3030 τήν
525 2939 616 3030 παρά
636 2945 774 3030 βασιλέα
794 2939 908 3025 ὀρθῶς
923 2953 1042 3032 εἴρητο.
1072 2950 1103 3013 εί

89 3047 132 3113 δέ
140 3068 190 3121 τις
200 3038 237 3108 τό
250 3038 489 3128 ἀτρεκέστερον
499 3042 631 3111 τούτων
642 3047 689 3109 ἔτι
701 3045 841 3129 δίζηται,
859 3040 926 3128 έγώ
935 3045 992 3111 καὶ
1001 3050 1100 3111 τοῦτο

89 3143 265 3228 σημανέω·
286 3137 349 3225 τήν
364 3138 429 3227 γάρ
442 3142 475 3221 έξ
486 3138 628 3227 Ἐφέσου
639 3142 672 3218 ές
682 3137 812 3226 Σάρδις
823 3136 904 3208 ὁδόν
924 3142 980 3205 δεῖ
994 3157 1101 3225 προσ-

88 3246 295 3326 λογίσασθαι
318 3237 432 3328 ταύτη.
473 3240 529 3307 καὶ
554 3236 596 3325 δή
622 3241 709 3325 λέγω
733 3241 889 3317 σταδίους
914 3234 1102 3316 εἶναιτοὺς

88 3338 222 3415 πάντας
245 3333 311 3404 άπδ
337 3335 513 3423 θαλάσσης
543 3343 601 3423 τῆς
621 3334 816 3423 Ἑλληνικῆς
841 3336 936 3423 μέχρι
957 3334 1103 3404 Σούσων

90 3440 209 3519 (τοῦτο
219 3431 284 3519 γάρ
296 3434 498 3522 Μεμνόνιον
514 3432 599 3503 άστυ
613 3438 780 3520 καλέεται)
794 3432 1038 3520 τεσσεράκοντα
1048 3436 1104 3503 καὶ

87 3538 375 3622 τετρακισχιλίους
392 3535 447 3601 καὶ
461 3540 620 3624 μυρίους·
644 3537 679 3601 οδ
687 3530 754 3623 γάρ
766 3533 799 3614 ἐξ
810 3529 952 3620 Ἐφέσου
964 3534 997 3612 ές
1007 3530 1080 3601 Σύ·
