2500 3925
147 248 211 312 m
523 250 778 310 HERODOTI

147 414 334 498 ἐξεμαίνετο
348 414 461 498 μένων
474 411 512 477 ἐν
521 412 644 495 Μέμφι
659 412 714 479 καὶ
729 409 838 499 θήκας
852 439 889 481 τε
902 410 1045 492 παλαιάς
1060 410 1155 483 άνοί-

147 534 221 598 γαν
233 511 289 579 καί
303 508 527 595 σκεπτόμενος
540 505 620 587 τούς
634 510 793 597 νεκρούς·
816 514 854 580 ἐν
868 515 906 581 δὲ
921 512 961 600 δὴ
977 515 1033 581 ταί
1046 514 1081 592 ές
1093 518 1154 581 τού

142 605 328 695 Ἡφαίστου
341 605 380 675 τό
393 603 470 693 ίρδν
482 600 570 695 ἦλθε
589 609 647 676 καὶ
672 608 779 677 πολλοὶ
804 604 994 696 τῶγάλματι
1018 616 1154 697 κατεγέ-

146 717 243 777 λασε·
276 713 345 775 ἐστι
370 702 438 793 γάρ
461 712 523 774 τού
541 703 728 792 Ἡφαίστου
747 706 904 795 τῶγαλμα
928 724 1014 779 τοῖσι
1035 718 1155 779 Φοινι-

146 817 271 898 κηίοισι
286 814 485 877 Παταίκοισι
507 809 771 897 ἐμφερέστατον,
792 807 872 889 τούς
894 815 928 879 οί
941 818 1098 889 Φοίνικες
1117 813 1154 878 έν

145 916 221 1001 τῇσι
235 909 389 1002 πρῴρῃσι
409 913 478 977 τῶν
497 910 663 995 τριηρέων
677 908 885 995 περιάγουσι.
908 906 946 988 ός
959 911 996 977 δὲ
1012 909 1153 985 τούτους

145 1005 190 1097 μὴ
208 1007 339 1093 ὄπωπε,
355 1004 420 1094 έγῶ
435 1009 474 1076 δέ
486 1011 520 1075 ol
532 1008 704 1094 σημανέω·
727 1014 900 1093 πυγμαίου
914 1003 1037 1094 άυδρδς
1051 1013 1153 1092 μίμη-

147 1116 198 1189 σίς
216 1112 293 1177 ἐστι.
316 1112 439 1194 ἐσῆλθε
454 1107 490 1177 δέ
510 1110 566 1175 καί
580 1110 614 1186 ές
626 1114 695 1175 τῶν
711 1116 889 1196 Καβείρων
901 1105 939 1176 τό
954 1104 1047 1196 ίρδν,
1068 1108 1102 1185 ές
1115 1106 1151 1173 τὸ

147 1205 189 1274 ού
203 1205 346 1292 θεμιτόν
367 1208 435 1275 ἐστι
451 1208 578 1275 ἐσιέναι
595 1203 699 1275 άλλον
713 1232 752 1292 γε
767 1202 789 1293 ἢ
804 1205 866 1275 τόν
880 1211 969 1295 ίρέα·
996 1212 1103 1274 ταῦτα
1117 1205 1152 1274 δὲ

145 1300 338 1390 τάγάλματα
371 1302 429 1371 καί
463 1305 625 1390 ἐνέπρησε
639 1302 747 1373 πολλὰ
767 1305 995 1386 κατασκώψας.
1025 1309 1096 1372 ἔστι
1118 1303 1152 1369 δέ

145 1406 200 1471 καὶ
217 1408 321 1469 ταῦτα
336 1396 436 1487 ὁμοία
455 1408 518 1469 τού
534 1400 737 1488 Ἡφαίστου·
758 1405 882 1472 τούτου
897 1405 937 1471 δέ
953 1422 1059 1490 σφεας
1074 1414 1149 1469 παί-

97 1509 133 1565 38
146 1505 205 1579 δας
216 1502 350 1585 λέγουσι
362 1497 455 1566 εἶναι.
483 1506 641 1588 Πανταχῇ
656 1493 706 1568 ῶν
715 1526 772 1588 μοι
784 1501 868 1589 δῆλά
886 1503 965 1586 ἐστι,
980 1498 1032 1569 ὅτι
1045 1497 1150 1585 ἐμάνη

145 1596 297 1684 μεγάλως
311 1593 330 1666 ὁ
342 1594 540 1684 Καμβύσης·
569 1595 611 1664 ού
625 1596 690 1686 γάρ
702 1594 746 1666 άν
756 1604 860 1686 ίροίσί
867 1625 903 1667 τε
918 1602 973 1667 καί
983 1604 1151 1685 νομαίοισι

146 1698 334 1783 ἐπεχείρησε
348 1701 543 1781 καταγελᾶν.
568 1701 599 1763 εί
612 1697 679 1783 γάρ
692 1722 743 1776 τις
756 1703 901 1784 προθείη
915 1704 997 1763 πᾶσι
1012 1692 1149 1781 ἀνθρά-

144 1814 238 1861 ποισι
258 1795 456 1875 ἐκλέξασθαι
480 1793 631 1863 κελεύων
651 1794 778 1880 νόμους
799 1792 878 1873 τούς
899 1798 1096 1890 καλλίστους
1115 1793 1150 1857 ἐκ

144 1898 213 1960 τῶν
226 1892 365 1959 πάντων
379 1890 512 1978 νόμων,
534 1891 796 1978 διασκεψάμενοι
812 1886 856 1957 όν
870 1892 998 1958 ἑλοίατο
1019 1889 1148 1955 ἔκαστοι

144 1989 224 2070 τούς
235 1993 385 2059 ἑωυτῶν·
401 1989 490 2059 οὕτω
501 1995 673 2077 νομίζουσι
684 1989 812 2060 πολλόν
821 2015 853 2057 τι
864 1994 1061 2064 καλλίστους
1072 2010 1151 2062 τους

144 2090 281 2156 ἑωυτῶν
295 2084 422 2174 νόμους
439 2089 571 2155 ἕκαστοι
593 2084 687 2155 εἶναι.
711 2083 774 2154 ούκ
792 2078 840 2154 ῶν
856 2083 946 2164 οίκός
961 2085 1029 2153 ἐστι
1047 2081 1150 2151 άλλου

143 2210 182 2270 γε
195 2181 218 2272 ἢ
232 2185 439 2272 μαινόμενον
449 2183 557 2273 ἄνδρα
568 2186 696 2272 γέλωτα
710 2183 750 2253 τά
764 2191 901 2252 τοιαῦτα
911 2189 1078 2252 τίθεσθαι,
1107 2179 1150 2260 ῶς
1226 2231 1227 2264 τ

145 2285 181 2351 δέ
196 2281 285 2352 οὕτω
300 2291 495 2371 νενομίκασι
515 2281 556 2352 τά
581 2282 658 2371 περὶ
682 2279 762 2361 τούς
787 2277 914 2367 νόμους
939 2278 1059 2358 πάντες
1087 2276 1150 2346 άν-

143 2392 295 2471 θρωποι,
321 2393 473 2454 πολλοίσι
488 2384 551 2471 μέν
570 2387 626 2452 καὶ
640 2383 769 2452 όὶλλοισι
785 2387 989 2468 τεκμηρίοισι
1009 2379 1148 2472 πάρεστι

144 2479 427 2568 σταθμῶσασθαι,
456 2485 494 2550 ἐν
517 2482 553 2550 δὲ
576 2480 615 2568 δὴ
639 2483 694 2550 καί
712 2485 813 2570 τῷδε·
844 2489 989 2569 Δαρεῖος
1014 2481 1067 2548 ἐπὶ
1091 2485 1149 2565 τῆς

144 2584 272 2650 ἑωυτοῦ
287 2578 388 2669 άρχῆς
402 2586 543 2662 καλέσας
550 2581 721 2669 Ἑλλήνων
736 2580 816 2661 τούς
829 2579 1014 2666 παρεόντας
1029 2589 1147 2668 είρετο,

144 2682 196 2748 ἐπὶ
216 2678 306 2748 κόσα
321 2677 365 2749 δν
384 2681 526 2769 χρήματι
546 2689 724 2769 βουλοίατο
738 2679 818 2760 τούς
834 2686 977 2769 πατέρας
991 2677 1149 2766 ἀποθνή-

143 2797 285 2858 σκοντας
300 2784 570 2849 κατασιτέεσθαι·
592 2785 627 2848 oc
639 2783 675 2848 δέ
692 2778 745 2848 ἐπ’
762 2778 876 2850 οὐδενί
891 2787 1021 2868 ἔφασαν
1036 2782 1147 2868 ἕρδειν

141 2874 186 2946 άν
199 2886 308 2954 τοῦτο.
353 2892 497 2966 Δαρείος
511 2882 547 2950 δέ
561 2879 644 2968 μετά
664 2889 768 2951 ταῦτα
782 2882 922 2960 καλέσας
939 2877 1055 2950 Ἰνδῶν
1067 2876 1148 2957 τούς

141 2981 365 3065 καλεομένους
379 2987 562 3068 Καλατίας,
584 2988 619 3049 οἳ
628 2981 707 3062 τούς
720 2985 840 3070 γονέας
853 2987 1081 3066 κατεσθίουσι,
1099 2988 1146 3047 ει*-
1164 3033 1176 3042 ..

141 3103 216 3163 ρετο
237 3077 434 3165 παρεόντων
453 3086 521 3148 τῶν
539 3077 710 3168 Ἑλλήνων
733 3083 788 3150 καί
808 3077 854 3147 δι’
879 3081 1038 3168 ἑρμηνέος
1058 3103 1146 3164 μαν-

140 3177 321 3246 θανόντων
340 3174 381 3246 τά
405 3177 586 3264 λεγόμενα,
609 3181 662 3246 ἐπὶ
685 3186 750 3247 τίνι
769 3177 910 3265 χρήματι
931 3172 1074 3254 δεξαίατ’
1102 3171 1146 3242 ῶν

139 3279 372 3354 τελεντέοντας
384 3273 465 3356 τούς
481 3280 624 3360 πατέρας
645 3283 837 3344 κατακαίειν
851 3279 948 3362 πυρί·
981 3276 1015 3339 οί
1030 3273 1066 3340 δὲ
1081 3269 1145 3358 άμ-

140 3369 309 3458 βῶσαντες
322 3374 407 3458 μέγα
431 3369 612 3459 εὐφημέειν
628 3401 688 3460 μιν
705 3377 867 3443 ἐκέλευον.
897 3369 986 3440 οὕτω
1001 3372 1064 3457 μέν
1078 3392 1145 3436 νυν
