2500 3925
113 234 135 299 8
491 237 744 295 HERODOTI

115 395 262 486 ἀνέθηκε
277 395 479 487 ἀναθήματα
495 393 576 485 μετά
591 402 710 483 Μίδην
722 393 783 468 τόν
792 400 953 482 Γορδίεω,
969 399 1119 480 Φρυγίης
1243 445 1244 450 1

115 500 261 585 βασιλέα.
286 496 433 584 ἀνέθηκε
449 496 513 585 γάρ
530 495 570 584 δή
582 500 639 565 καὶ
649 500 765 582 Μίδης
772 494 834 566 τόν
844 494 1021 583 βασιλήιον
1030 493 1118 579 θρό-

115 623 194 684 νον,
227 600 260 677 ἐς
287 596 348 665 τόν
373 602 580 684 προκατίζων
604 599 747 682 ἐδίκαζε,
778 594 878 665 ἐόντα
902 592 1115 682 άξιοθηητον·
1244 642 1245 659 .

116 699 223 765 κέεται
244 697 280 765 δὲ
302 694 319 765 ὁ
335 696 464 785 θρόνος
478 689 578 775 οὗτος
595 702 748 780 ἔνθαπερ
776 700 810 764 οί
824 701 886 764 τού
900 696 1018 783 Γύγεω
1035 720 1118 783 κρη·

115 802 219 883 τήρες.
250 793 268 864 ὁ
288 796 324 863 δὲ
343 792 469 883 χρυσός
483 788 581 873 οὗτος
597 799 654 865 καλ
669 793 689 865 ὁ
707 794 871 883 ἄργυρος,
892 794 958 866 τόν
972 792 991 865 ό
1005 796 1116 883 Γύγης
1245 817 1246 849 i

115 891 280 980 ἀνέθηκε,
302 890 369 962 ὑπό
387 900 537 980 Δελφῶν
551 898 703 965 καλέεται
717 896 875 981 Γυγάδας
890 898 944 967 έπλ
959 903 1020 965 τοῦ
1033 892 1111 964 ἀνα-

114 995 235 1070 θέντος
258 994 462 1079 ἐπωνυμίην.
496 996 632 1081 ἐσέβαλε
648 998 711 1081 μέν
730 995 971 1084 νωυστρατιήν
985 999 1041 1065 καλ
1056 986 1116 1062 οὗ·
1246 999 1247 1026 ³

114 1119 186 1179 τος,
211 1094 321 1161 ἐπείτε
345 1085 442 1181 ἦρξε,
464 1099 498 1173 ἐς
518 1120 554 1163 τε
568 1101 725 1180 Μίλητον
738 1096 842 1174 καλός
858 1096 1042 1183 Σμύρνην,
1063 1095 1118 1163 καλ
1247 1155 1248 1180 ,

115 1200 322 1279 Κολοφῶνος
340 1193 378 1262 τό
401 1192 486 1262 ἀστυ
506 1187 581 1263 εἷλε.
611 1191 681 1263 ἀλλ’
703 1192 806 1263 οόδέν
825 1192 890 1283 γάρ
913 1197 998 1281 μέγα
1018 1199 1119 1280 ἔργον

115 1291 168 1363 ἀπ’
181 1290 287 1363 αὐτοῦ
296 1292 377 1363 ἀλλο
388 1296 518 1381 ἐγένετο
530 1294 792 1381 βασιλεύσαντος
807 1298 900 1361 δυῶν
911 1296 1029 1363 δέοντα
1044 1311 1118 1361 τεσ-
1248 1373 1249 1380 ρ

115 1395 301 1481 σεράκοντα
323 1401 414 1480 ἐτεα,
435 1401 558 1463 τοῦτον
579 1394 643 1481 μὲν
662 1394 859 1480 παρήσομεν
880 1398 1025 1462 τοσαῦτα
1045 1392 1119 1457 ἐπι·

74 1512 103 1565 16
114 1499 329 1582 μνησθέντες.
353 1494 496 1582 Ἄρδυος
518 1494 554 1564 δλ
575 1502 637 1564 τοῦ
651 1496 770 1581 Γύγεω
792 1493 874 1581 μετὰ
888 1494 1009 1581 Γύγην
1021 1501 1119 1581 βασι-

115 1596 298 1676 λεύσαντος
322 1595 459 1683 μνήμην
486 1596 677 1683 ποιήσομαι.
717 1586 816 1673 οὗτος
832 1595 872 1663 δὲ
892 1596 1060 1681 Πριηνέας
1083 1615 1119 1659 τι

116 1694 182 1769 εἷλε
197 1702 231 1778 ἐς
246 1699 402 1785 Μίλητόν
415 1724 452 1766 τε
466 1688 618 1785 ἐσέβαλε,
632 1698 688 1764 ἐπὶ
700 1696 824 1763 τούτου
839 1720 876 1763 τε
890 1691 1120 1782 τυραννεύον·

114 1824 170 1877 τος
192 1801 350 1884 Σαρδίων
370 1799 549 1884 Κιμμέριοι
574 1790 607 1876 ἐξ
631 1793 747 1882 ήθέων
772 1791 840 1863 ὑπό
862 1796 1032 1865 Σκυθέων
1051 1796 1120 1859 τῶν

115 1896 273 1983 νομάδων
288 1896 525 1979 ἐξαναστάντες
540 1894 701 1966 ἀπίκοντο
715 1890 749 1974 ἐς
763 1890 825 1982 τήν
835 1891 948 1982 Ἀσίην
958 1895 1015 1972 καὶ
1025 1891 1118 1978 Σάρ-

115 2001 165 2075 δις
181 1994 270 2083 πλήν
283 2003 341 2082 τῆς
356 1994 558 2084 ἀκροπόλιος
573 1989 673 2067 εἷλον.

73 2107 104 2161 16
191 2093 334 2179 Ἄρδυος
355 2100 391 2164 δὲ
406 2096 668 2182 βασιλεύσαντος
690 2094 765 2174 ἑνὸς
780 2099 898 2166 δέοντα
912 2096 1119 2184 πεντήκοντα

115 2197 189 2260 ἐτεα
213 2195 379 2272 ἐξεδέξατο
402 2194 601 2280 Σαδυάττης
623 2191 644 2262 ὁ
664 2193 826 2283 Ἄρδυος,
850 2199 906 2266 καλ
926 2199 1120 2285 ἐβασίλευσε

115 2297 188 2360 ἔτεα
205 2291 376 2378 δυάδεκα,
391 2293 596 2360 Σαδυάττεω
611 2289 649 2361 δὲ
660 2290 849 2381 Ἀλυάττης.
878 2286 978 2374 οὗτος
995 2295 1032 2364 δέ
1044 2302 1120 2364 Κυ·

115 2392 221 2480 αξάρη
230 2415 271 2458 σε
287 2397 333 2481 τῷ
347 2391 504 2477 Δηιόκεω
520 2389 679 2485 ἀπογόνῳ
692 2396 876 2483 ἐπολέμησε
891 2397 947 2464 καλ
957 2395 1119 2482 Μήδοισι,

114 2495 321 2577 Κιμμερίους
336 2513 371 2558 τε
388 2491 425 2557 ἐκ
440 2497 498 2576 τῆς
511 2488 620 2577 Ἀσίης
635 2493 792 2581 ἐξήλασε,
813 2493 981 2580 Σμύρνην
1000 2517 1036 2561 τε
1056 2489 1121 2577 τήν

114 2585 179 2656 ἀπό
193 2594 400 2674 Κολοφῶνος
415 2599 611 2659 κτισθεῖσαν
626 2586 710 2679 εἷλε,
727 2596 762 2672 ἐς
771 2593 986 2680 Κλαζομενάς
1000 2619 1036 2663 τε
1046 2595 1121 2660 έσέν

113 2699 203 2778 βαλε.
235 2684 300 2758 ἀπό
322 2692 384 2774 μέν
398 2715 465 2756 νυν
480 2691 612 2758 τούτων
632 2689 713 2779 οὐκ,
735 2689 780 2772 ὥς
798 2689 919 2780 ἤθελε,
940 2690 1119 2780 ἀπήλλαξε,

113 2786 197 2858 ἀλλά
218 2794 445 2877 προσπταίσας
465 2791 628 2876 μεγάλως.
667 2788 752 2860 ἀλλα
776 2793 814 2860 δὲ
835 2797 916 2879 ἔργα
938 2788 1118 2870 ἀπεδέξατο

67 2902 101 2957 17
113 2893 178 2958 ἐων
193 2890 231 2956 ἐν
244 2895 285 2977 τῇ
299 2884 384 2977 ἀρχῇ
405 2886 695 2977 ἀξιαπηγητότατα
715 2892 806 2961 τάδε.
833 2889 1033 2978 Ἐπολεμησε
1047 2899 1120 2960 Μι-

114 2994 274 3076 λησίοισι,
292 2988 563 3074 παραδεξάμενος
572 2987 635 3058 τόν
646 2990 795 3076 πόλεμον
810 2987 900 3075 παρά
911 2996 973 3058 τοῦ
983 2989 1118 3075 πατρός.

114 3087 309 3158 ἐπελαύνων
325 3084 391 3174 γάρ
409 3087 601 3174 ἐπολιόρκεε
618 3086 681 3174 τήν
691 3095 846 3174 Μίλητον
860 3087 973 3178 τρόπρι
983 3089 1118 3176 τοιῷδε·

113 3191 200 3269 ὅκως
223 3193 286 3276 μὲν
307 3199 358 3275 εἴη
382 3191 420 3256 ἐν
440 3195 480 3276 τῇ
502 3196 545 3277 γῇ
560 3186 690 3274 καρπός
703 3184 823 3276 ἁδρός,
842 3192 1025 3273 τηνικαῦτα
1046 3187 1120 3254 ε’σέ

113 3298 215 3378 βαλλε
236 3286 298 3376 τήν
319 3287 495 3376 στρατιήν·
528 3287 743 3374 ἐστρατεύετο
765 3287 802 3354 δδ
815 3282 882 3352 ύπδ
897 3290 1070 3370 συρίγγων
1083 3309 1118 3352 τε

111 3391 167 3457 καλ
189 3392 359 3477 πηκτίδων
380 3391 436 3455 καὶ
456 3383 564 3454 αύλοῦ
585 3391 788 3472 γυναικηίου
809 3383 921 3452 τεκαὶ
941 3378 1116 3468 ἀνδρηίου,
1173 3471 1182 3479 Ρ

112 3483 157 3567 όις
180 3489 217 3555 δὲ
238 3487 271 3565 ἐς
290 3491 352 3572 τήν
368 3489 541 3571 Μιλησίην
555 3481 727 3569 ἀπίκοιτο,
748 3481 912 3568 οίκήματα
932 3483 995 3566 μὲν
1009 3476 1050 3546 τά
1065 3481 1118 3547 ἐπὶ
