2500 3925
171 197 235 264 248
547 202 800 260 HERODOTI

172 368 308 451 ἔξαρνος
328 352 373 448 ἦν
392 356 436 446 μὴ
459 359 522 445 μὲν
545 357 739 430 ἀποκτείναι
752 363 918 447 Σμέρδιν·
947 356 989 429 ού
1003 356 1070 448 γάρ
1091 351 1132 447 ἦν
1146 362 1174 425 οἱ

172 459 319 547 ἀσφαλὲς
338 456 529 545 Καμβύσεω
549 457 820 545 τετελευτηκότος
847 457 954 544 φάναι
977 456 1039 527 τὸν
1061 458 1174 544 Κύρου

170 557 249 629 υίδυ
263 556 512 628 ἀπολωλεκέναι
529 555 735 646 αὐτοχειρίῃ·
758 554 777 625 6
791 558 828 627 δέ
844 556 885 646 δὴ
902 558 1171 647 μάγοςπελευτη·

170 681 291 738 σαντος
310 656 501 743 Καμβύσεω
520 652 627 734 ἀδεύς
650 658 859 742 ἐβασίλευσε,
882 652 1099 746 ’ἐπιβατεύων
1119 664 1173 725 τού

170 756 355 844 ὁμωνύμου
370 756 536 842 Σμέρδιος
549 760 613 823 τοῦ
626 756 763 843 Κύρου,
785 762 893 844 μῆνας
907 754 989 826 ἕπτά
1009 754 1092 837 τούς
1108 760 1173 827 έπι-

169 862 307 934 λοίπους
325 854 490 943 Καμβύση
509 855 544 932 ές
564 851 605 922 τά
625 850 713 921 όκτδ
735 859 808 923 ἔτεα
829 861 887 943 τῆς
909 854 1118 942 πληρύσιος·
1141 857 1173 923 ἐν

168 966 255 1021 τοῖσι
274 948 453 1031 ἀπεδέξατο
478 954 511 1030 ἐς
533 948 614 1030 τούς
635 948 808 1038 ὑπηκόους
832 954 960 1032 πάντας
985 950 1173 1040 εὐεργεσίας

78 1060 85 1070 ’
168 1050 314 1139 μεγάλας
331 1048 416 1117 ὥστε
436 1046 673 1129 ἀποθανόντος
692 1046 799 1118 αύτοῦ
815 1050 929 1119 πόθον
945 1056 1034 1137 ἔχειν
1050 1050 1174 1129 πάντας

167 1149 247 1229 τούς
271 1152 309 1217 έν
332 1154 372 1237 τῇ
392 1145 501 1237 Ἀσίη,
527 1147 632 1234 πάρεξ
654 1145 767 1217 αὐτῶν
785 1151 954 1235 Περσέων.
988 1149 1173 1235 διαπέμψας

166 1247 232 1337 γάρ
252 1246 271 1317 6
291 1246 397 1335 μάγος
411 1248 445 1325 ές
465 1252 535 1314 πᾶν
549 1250 653 1324 ἔθνος
666 1251 734 1313 τάν
750 1238 847 1333 ἦρχε,
867 1260 1007 1334 προείπε
1023 1244 1176 1315 ἀτέλειαν

168 1346 252 1415 εἶναι
277 1350 453 1432 στρατηίης
473 1346 528 1411 καὶ
547 1343 661 1429 φόρου
681 1340 734 1413 ίπ’
750 1350 823 1413 ἔτεα
838 1352 921 1432 τρία.
955 1361 1101 1434 προεῖπε
1118 1346 1174 1431 μὲν

117 1442 208 1532 δθδὴ
230 1452 333 1513 ταῦτα
354 1440 475 1512 αὐτίκα
494 1443 709 1529 ἐνιστάμενος
728 1445 762 1523 ές
784 1443 847 1531 τὴν
866 1440 988 1531 ἀρχὴν,
1011 1440 1128 1536 ὀγδόῳ
1142 1444 1174 1511 66

166 1545 245 1630 μηνί
257 1544 386 1628 ἐγένετο
398 1539 583 1625 κατάδηλος
592 1540 706 1632 τρόπῳ
716 1547 850 1609 τοιωδε·
875 1537 1047 1631 Ὀτάνης
1022 1570 1069 1631 ην
1082 1551 1173 1628 Φαρ-

166 1640 302 1710 νάσπεω
312 1639 374 1727 μὲν
384 1654 477 1725 παῖς,
492 1643 584 1725 γένεϊ
593 1639 630 1708 δὲ
641 1642 696 1708 καί
706 1642 850 1729 χρήμασι
861 1640 977 1728 ὁμοῖος
990 1650 1038 1733 τῷ
1052 1643 1174 1733 πρύτω

164 1742 339 1827 Περσέων·
363 1730 496 1816 ούτοςὸ
513 1734 650 1825 Ὀτάνης
669 1762 801 1826 πρωτος
820 1734 1014 1808 ύπόπτευαε
1029 1738 1095 1809 τόυ
1113 1740 1172 1828 μα’

165 1865 228 1927 γον
243 1835 287 1917 ὡς
301 1835 363 1905 ούκ
378 1835 461 1923 εἴηε
446 1864 464 1905 ο
479 1836 599 1923 Κύρου
612 1838 775 1924 Σμέρδις,
790 1834 901 1906 ἀλλ’“
880 1862 983 1928 οςπερ
1010 1833 1075 1928 ἦν,
1099 1846 1174 1931 τῇδε

166 1933 496 2026 συμβαλλόμενος,“
476 1960 528 2004 οτι
541 1960 577 2003 τε
593 1932 656 2004 ούκ
670 1937 823 2022 ἐξεφοίτα
839 1937 877 2005 ἐκ
895 1942 954 2025 τῆς
967 1934 1176 2027 ἀκροπόλιος
1220 1981 1221 1992 1

165 2039 220 2106 καί
234 2035 286 2105 ότι
306 2035 369 2105 ούκ
389 2035 503 2105 έκάλεε
524 2037 557 2112 ές
571 2031 653 2115 ὄψιν
669 2038 781 2126 ἑωυτῷ
795 2032 919 2104 ούδίνα
938 2043 1008 2104 τῶν
1021 2045 1175 2126 λογίμων

164 2142 332 2224 Περσέων.
360 2134 575 2214 ὑποπτεύσας
594 2139 635 2204 δέ
652 2163 711 2223 μιν
731 2139 839 2204 ἐποίεε
852 2137 948 2204 τάδε·
977 2143 1052 2223 ἔσχε
1066 2138 1175 2208 αύτοῦ
1219 2141 1220 2180 ¹

163 2234 182 2306 6
203 2233 387 2322 Καμβύσης
408 2236 598 2321 θυγατέρα,
621 2241 661 2322 τῇ
685 2232 815 2320 ούυομα
839 2227 885 2321 ἦν
905 2238 1086 2325 Φαιδύμη·
1116 2239 1175 2326 τὴν

164 2329 271 2418 αύτην
285 2328 326 2418 δη
340 2330 467 2418 ταύτην
485 2329 602 2417 εἶχε’
562 2357 639 2399 τοτε
659 2328 816 2419 ὁμάγος,
838 2337 894 2401 παλ
913 2335 1020 2425 ταύτῃ
1035 2363 1075 2405 τε
1089 2359 1176 2407 συν-
1218 2373 1219 2474 ¹

165 2437 252 2498 οίιιεε
271 2432 326 2497 καὶ
347 2434 423 2519 τῇσι
441 2428 561 2518 άλλησι
582 2431 707 2518 πάσησι
727 2438 801 2520 τῇσι
820 2454 882 2498 του
867 2433 1095 2521 Καμβύσεω
1114 2464 1176 2525 γν-

166 2532 260 2608 ναιξί.
283 2530 422 2614 πέμπων
433 2522 517 2614 δη
491 2525 568 2596 ωνὸ
580 2526 717 2614 Ὀτάνης
730 2526 821 2616 παρὰ
836 2529 963 2615 ταύτην
979 2557 1044 2618 την
1058 2544 1178 2624 θυγα-
1217 2575 1218 2654 ¹

163 2628 242 2715 τέρα
261 2625 490 2712 ἐπυνθάνετο,
511 2624 593 2714 παρ’
610 2624 694 2718 ὅπερ)
709 2625 903 2714 ἀνθρωπων
918 2638 1087 2722 κοιμῷτο,
1112 2645 1177 2704 stu

163 2749 245 2810 μετα
230 2724 423 2812 Σμέρδιος
437 2749 498 2793 του
483 2726 632 2808 Κύρου
647 2693 712 2793 είτε
725 2724 806 2813 μετά
824 2724 930 2796 ἀλλον
943 2753 1013 2798 τευ.
1042 2728 1066 2819 ἡ
1085 2737 1179 2801 δέ’
1148 2761 1178 2802 οι

164 2817 349 2907 ἀντέπεμπε
370 2828 501 2911 φαμένη
523 2820 564 2891 ού
578 2823 775 2908 γινύσκειν·
797 2823 876 2894 ούτε
891 2825 956 2952 γάρ
971 2827 1036 2898 τὸν
1049 2833 1178 2920 Κύρου

162 2925 312 3010 Σμέρδιν
333 2927 465 2993 ἰδέσθαι
486 2921 638 3011 ούδαμά,
660 2922 738 2995 οὔτε
758 2924 849 3007 ὅστις
871 2927 957 3014 είηὸ
981 2935 1180 3001 συνοικέων

162 3016 246 3108 αύτη
231 3021 395 3088 εἰδέναι.
423 3027 547 3106 ἔπεμπε
563 3019 735 3108 δεύτερα’
720 3047 738 3090 ο
751 3020 888 3111 Ὀτάνης
903 3028 1032 3113 λέγων·
1067 3037 1117 3098 El
1133 3029 1178 3116 μη

162 3113 246 3203 αύτη
234 3114 454 3204 Σμέρδιν
420 3143 480 3185 τον
490 3118 610 3236 Κύρου
625 3121 818 3208 γινάσκεις,
840 3119 884 3190 σύ
899 3123 936 3191 δὲ
950 3129 1033 3212 παρ’
1056 3124 1182 3196 Ἀτόσ-

162 3232 222 3297 σης
241 3213 415 3279 πυθέο”
363 3240 477 3305 ,οτερτ
498 3215 606 3305 τούτῳ
626 3222 793 3288 συνοικέει
814 3217 900 3310 αύτή
920 3247 957 3290 τε
981 3217 1097 3314 έκείνη
1123 3241 1180 3294 καί

163 3306 222 3373 σύ·
244 3306 377 3386 πάντως
391 3308 455 3398 γάρ
470 3312 512 3399 δή
526 3337 590 3379 κου
609 3315 671 3383 τόν
685 3343 723 3402 γε
738 3319 863 3407 εωυτῆς
880 3317 1053 3408 ἀδελφεὸν
1067 3352 1173 3413 γινω-

161 3423 243 3470 σκει
266 3401 475 3494 Αντιπεμπει
485 3434 569 3489 προς
579 3437 684 3482 ταυτα
697 3440 718 3501 η
707 3412 902 3505 ’θυγάτηρΙ
928 3419 1019 3488 om
1031 3420 1183 3513 Ἀτόσσῃ
