2500 3925
387 203 472 262 ιιε.
504 199 552 257 τι
585 201 686 258 σευ.
718 207 803 261 ⁶2-
817 204 860 259 ει
906 174 911 189 “
1066 193 1106 260 ελ

102 368 196 437 όνδε·
216 363 453 455 ἁρμοσαμένου
469 362 676 484 Λευτυχίδεω
689 358 917 478 Πέρκαλον
881 387 943 447 την
958 364 1109 438 Χίλωνος

99 491 161 534 τον
145 466 404 554 Δημαρμένου
418 457 591 548 θυγατέρα
607 452 625 524 6
643 456 847 578 Δημάρητος
868 454 1109 544 ἐπιβουλεύσας

99 561 292 652 ἀποστερέει
311 563 521 646 Λευτυχίδην
536 560 598 624 τοῦ
616 553 746 643 γάμου,
773 555 909 642 φθάσας
929 551 1030 634 αύτδς
1046 552 1109 642 τήν

98 657 308 750 Πέρκαλον
291 659 445 745 αρπάσας
464 657 520 724 καὶ
535 651 626 741 σχάν
641 669 801 740 γυναῖκα·
827 652 911 724 κατὰ
932 657 1109 742 τοῦτομὲν
1181 693 1187 702 -

99 785 145 848 τω
131 755 367 848 Λευτυχίδῃ
350 785 371 846 η
384 751 519 843 ίχθρηή
532 757 565 833 ἐς
574 750 849 841 τδνΔημάρητον
859 751 1072 874 έγεγόνεε,’
1034 777 1107 820 τοτε

100 827 138 924 δέ
152 858 243 924 έκ
202 883 261 944 της
272 857 478 942 Κλεομενεος
486 857 680 940 προθυμίης
690 847 708 918 6
720 856 925 938 Λευτυχίδης
939 851 1109 939 κατόμνυ-

100 979 154 1022 ται
168 954 392 1043 Δημαρήτου,
413 951 480 1040 φάς
495 946 600 1019 αὐτόν
615 946 679 1018 ούκ
700 954 902 1037 ἱκνεομένως
916 948 1108 1039 βασιλεύειν

100 1059 356 1142 Σπαρτιητέων,
372 1050 436 1122 ούκ
450 1051 550 1122 ἐόντα
560 1047 683 1119 παῑδα’
677 1056 746 1138 Λρί
744 1069 878 1130 στωνος.
903 1075 985 1138 μετα
972 1047 1082 1119 δέ
1046 1077 1109 1137 την

98 1157 310 1239 κατωμοσίην
331 1154 447 1220 ἐδίωκε
468 1147 650 1232 ἀνασώζων
671 1151 778 1218 έκεῖνο
799 1146 837 1218 τό
861 1155 954 1239 ἔπος,
981 1148 1019 1219 τό
1038 1147 1108 1218 εἶπε

95 1256 254 1339 ’Λρίστων
268 1252 359 1338 τότε,
373 1250 430 1320 ὅτε
444 1256 479 1321 ολ
493 1250 661 1338 ἐξήγγειλε
676 1246 694 1317 6
711 1251 839 1336 οίκέτης
855 1255 956 1320 παῖδα
971 1250 1108 1336 γεγονέ-

97 1376 174 1438 ναι,
191 1348 210 1419 ὁ
229 1352 265 1420 δέ
281 1350 555 1439 συμβαλλόμενος
565 1345 646 1427 τούς
659 1354 765 1434 μήνας
779 1345 952 1435 άπάμοσε,
968 1346 1034 1434 φάς
1045 1344 1108 1416 οὐκ

98 1451 228 1517 ἑωυτοῦ
246 1472 307 1533 μιν
327 1447 424 1518 εἶναι.
434 1447 558 1516 τούτου
574 1442 616 1533 δή
633 1443 840 1533 ἐπιβατεύων
854 1453 915 1514 τοῦ
930 1443 1074 1534 ῥήματος
1089 1443 1106 1512 6

99 1551 304 1634 Λευτυχίδης
315 1542 551 1634 άπέφαινετδν
562 1545 769 1632 Δημάρητον
780 1542 857 1612 ούτε
868 1545 901 1624 ἐξ
912 1541 1107 1631 Ἀρίστωνος

99 1645 263 1732 γεγονότα
278 1643 356 1713 οὔτε
371 1647 575 1731 ἱκνευμένως
594 1642 815 1731 βασιλεύοντα
832 1639 1008 1729 Σπάρτης,
1029 1637 1108 1719 τούς

99 1743 246 1830 έφόρονς
255 1742 427 1832 μάρτυρας
440 1741 667 1831 παρεχόμενος
678 1743 845 1829 ἐκείνους,
860 1747 896 1810 οἳ
902 1740 977 1810 τότε
989 1747 1107 1826 ἔτυχον

98 1846 263 1931 πάρεδροί
280 1869 316 1910 τε
336 1841 448 1922 ἐόντες
472 1845 527 1911 καὶ
547 1838 752 1920 άκούσαντες
773 1847 878 1909 ταῦτα
900 1837 1105 1928 Ἀρίστωνος.

101 1947 203 2023 Τέλος
217 1944 254 2012 δὲ
270 1943 397 2012 ἐόντων
407 1945 483 2032 περὶ
495 1938 608 2010 αὐτῶν
621 1943 763 2016 νεικέων
777 1944 868 2021 ἐδοξε
879 1938 1106 2028 Σπαρτιήτησι
1121 1939 1157 1997 ⁶6

99 2048 292 2132 έπείρεσθαι
305 2040 343 2111 τὸ
356 2040 558 2130 χρηστήριον
569 2037 660 2109 τὸέν
670 2049 853 2128 Δελφοῖσι,
869 2045 899 2108 εί
911 2036 1107 2127 Ἀρίστωνος

98 2152 150 2229 είη
170 2154 247 2220 παῖς
262 2136 280 2208 6
294 2138 504 2228 Δημάρητος.
537 2136 696 2208 ἀνοίστου
710 2139 746 2208 δέ
766 2141 951 2227 γενομένου
965 2140 1002 2206 ἐκ
1022 2162 1108 2225 προ·

99 2246 193 2326 νοίης
207 2246 265 2327 τῆς
280 2242 487 2327 Κλεομένεος
500 2240 536 2319 ἐς
550 2236 612 2327 τήν
625 2244 764 2325 Πυθίην
778 2240 927 2306 ἐνθαῦτα
942 2256 1108 2324 προσποι-

100 2342 187 2409 έεται
202 2340 393 2425 Κλεομένης
409 2338 557 2427 Κόβωνα
570 2336 631 2407 τόν
643 2334 921 2427 Ἀριστοφάντου,
943 2334 1051 2424 άνδρα
1070 2336 1107 2403 έν

104 2445 265 2522 Δελφοῖσι
281 2438 531 2505 δυναστεύοντα
547 2439 721 2523 μέγιστον,
737 2432 755 2502 6
771 2434 807 2503 δέ
821 2434 946 2523 Κόβων
961 2439 1108 2520 Περίαλ-

102 2540 165 2602 λαν
174 2530 236 2617 τήν
249 2533 436 2618 πρόμαντιν
448 2530 626 2602 ἀναπείθει
638 2530 679 2599 τά
686 2533 876 2617 Κλεομένης
887 2530 1043 2619 ἐβούλετο
1054 2539 1104 2598 λε*

100 2639 222 2719 γεσδαι
233 2631 352 2716 λέγειν.
371 2630 461 2700 ούτω
471 2630 512 2720 δή
523 2630 667 2719 ήΠυδίη
681 2628 937 2719 ἐπειρωτώντων
948 2637 1016 2697 τῶν
1025 2639 1108 2698 θεο-

100 2730 243 2818 κρότων
263 2735 374 2816 ἔκρινε
394 2728 440 2818 μή
456 2728 654 2819 Ἀρίστωνος
675 2727 761 2799 εἶναι
774 2728 981 2817 Δημάρητον
995 2730 1106 2797 παῖδα.

100 2827 229 2921 ύστέρφ
243 2830 356 2914 μέντοι
371 2830 482 2923 χρόνῳ
493 2826 670 2899 άνάπυστα
684 2831 815 2916 ἐγένετο
832 2835 954 2915 ταῦτα,
972 2827 1027 2897 καὶ
1038 2824 1110 2895 Κύ-

100 2934 172 3015 βων
194 2952 230 2993 τε
255 2931 361 3014 ἔφυγε
387 2930 424 2996 ἐκ
442 2935 591 3017 Δελφῶν
615 2930 670 2997 καὶ
690 2936 859 3015 Περίαλλα
881 2926 903 3016 ή
924 2928 1108 3015 πρόμαντις

100 3024 235 3112 ἐπαύθη
247 3033 305 3114 τῆς
318 3034 422 3116 τιμής.
458 3028 553 3097 Κανά
569 3030 632 3115 μὲν
653 3027 693 3115 δή
708 3026 769 3116 τήν
783 3024 991 3115 Δημαρήτου
1006 3023 1110 3093 κατά·
1124 3029 1155 3086 67

101 3143 227 3193 παυσιν
239 3134 297 3212 τῆς
312 3134 486 3216 βασιληίης
495 3126 585 3196 οὕτω
597 3131 744 3215 ἐγένετο,
760 3132 882 3213 ἔφευγε
895 3127 932 3193 δὲ
942 3123 1109 3210 Δημάρη-

100 3251 156 3305 τος
168 3227 204 3294 ἐκ
215 3226 374 3315 Σπάρτης
385 3230 419 3308 ἐς
429 3229 572 3316 Μήδους
583 3230 620 3295 ἐκ
631 3231 765 3296 τοιοῦδε
776 3223 937 3304 ὀνείδεος·
959 3219 1040 3311 μετά
1051 3228 1109 3309 τής

100 3332 274 3415 βασιληίης
294 3324 356 3415 τήν
375 3329 586 3398 κατάπαυσιν
606 3326 843 3417 δΔημάρητος
864 3319 945 3415 ήρχε
961 3325 1108 3414 αἱρεθεὶς

100 3427 216 3517 άρχήν.
233 3420 322 3517 ήσαν
333 3428 396 3516 μὲν
407 3428 448 3518 δή
461 3430 713 3518 γυμνοπαιδίαι,
719 3427 911 3518 θηευμένον
919 3428 955 3496 δὲ
966 3435 1027 3497 τοῦ
1033 3436 1107 3515 Δη-
