2500 3925
286 302 288 307 ,
370 243 455 300 LIB.
487 241 546 301 Vll.
583 240 683 298 CAP.
712 245 846 303 89-96.
1050 241 1110 306 161

103 408 159 473 καὶ
178 401 437 490 κνημιδοφόροι,
462 399 551 486 εἶχον
573 395 611 468 δέ
626 397 706 479 τόξα
729 401 887 487 κρανέινα
904 407 959 472 καὶ
979 400 1111 487 ὀιστοὺς

103 512 308 591 καλαμίνους
324 500 489 588 ἀπτέρους
503 500 558 567 καὶ
569 495 726 586 άκόντια,
743 503 795 567 ἐπὶ
807 501 844 569 δέ
857 499 951 588 αίγός
966 506 1110 591 δέρματα

102 606 178 692 περὶ
192 600 272 681 τοδς
284 599 395 689 νόμους
405 599 633 687 αίωρεάμενα,
650 602 726 685 περί
740 601 776 666 δέ
790 606 864 688 τήσι
876 607 1040 692 κεφαλῇσι
1053 610 1111 673 πί-

102 711 183 780 λους
204 713 354 789 πτεροῖσι
374 701 766 785 περιεστεφανωμένους,
798 701 977 785 ἐγχειρίδια
1000 700 1036 768 δέ
1057 701 1112 770 καὶ

102 803 251 885 δρέπανα
266 797 365 886 είχον.
387 796 510 867 Λόκιοι
522 798 558 864 δέ
573 802 732 884 Τερμίλαι
744 797 918 864 ἐκαλέοντο
931 802 968 865 έκ
978 798 1111 886 Κρήτης

102 897 293 983 γεγονότες,
315 899 369 965 έπλ
391 895 428 964 δέ
442 894 561 965 Λάκου
581 901 643 963 τοῦ
659 898 849 975 Πανδίονος
870 894 994 986 άνδρός
1009 897 1111 986 Ἀθη-

101 1002 201 1064 ναίον
215 1000 313 1081 ἔσχον
327 992 389 1082 τήν
404 997 607 1081 ἐπωνυμίην.
631 996 779 1080 Δωριέες
790 996 825 1064 δὲ
840 1001 874 1064 οί
883 999 920 1065 έκ
933 1005 991 1084 τῆς
1001 996 1109 1085 Ἀσίης
1123 1013 1159 1068 93

101 1092 280 1181 τριήκοντα
295 1098 492 1180 παρείχοντο
511 1091 607 1177 νέας,
634 1097 762 1180 ἔχοντές
778 1119 814 1162 τε
831 1091 1005 1183 Ἑλληνικά
1024 1095 1109 1166 ὅπλα

101 1196 156 1262 καὶ
167 1191 343 1280 γεγονότες
352 1189 701 1278 άπὸΠελοποννήσου.
720 1198 830 1276 Κᾶρες
840 1191 876 1262 δέ
883 1195 1109 1284 ἑβδομήκοντα

101 1298 299 1379 παρείχοντο
313 1295 402 1376 νέας,
416 1289 457 1360 τά
473 1291 536 1377 μἐν
551 1288 637 1358 άλλα
656 1288 804 1378 κατάπερ
819 1288 976 1381 Ἕλληνες
993 1299 1109 1367 ἐσταλ-

101 1397 212 1481 μένοι,
237 1391 326 1478 είχον
346 1394 383 1460 δέ
401 1395 457 1461 καὶ
473 1394 625 1477 δρέπανα
646 1393 702 1458 καὶ
719 1391 905 1486 ἐγχειρίδια.
947 1387 1051 1465 Οὗτοι
1072 1400 1108 1468 δέ

100 1495 222 1568 οἵτινες
236 1489 403 1577 πρότερον
418 1492 610 1575 ἐκαλέοντο,
634 1491 673 1556 έν
687 1502 771 1558 τοῖσι
785 1489 946 1578 πράτοισι
966 1485 1034 1562 τῶν
1049 1495 1109 1564 λό-

100 1616 172 1676 γων
186 1598 321 1677 εἴρηται.
334 1587 448 1668 Ἴωνες
463 1589 500 1657 δέ
515 1586 636 1658 ἑκατόν
649 1591 732 1667 νέας·
741 1594 954 1679 παρείχοντο,
969 1594 1108 1662 ἐσκευα·
1122 1608 1157 1666 94

100 1691 215 1776 σμέυοι
231 1681 447 1775 ὡςἝλληνες.
464 1685 577 1766 Ἴωνες
592 1688 630 1755 δὲ
645 1686 726 1755 ὅσον
743 1689 805 1774 μὲν
818 1686 943 1776 χρόνον
952 1693 990 1759 έν
999 1699 1110 1761 Πελο-

99 1787 257 1879 ποννήσῳ
271 1797 385 1857 οίκεον
398 1786 461 1870 τήν
477 1794 545 1854 νῦν
561 1791 768 1874 καλεομένην
780 1783 943 1875 Ἀχαιίην,
959 1792 1016 1858 καὶ
1029 1790 1109 1876 πρὶν

99 1881 277 1973 ήΔαναόν
295 1910 332 1954 τε
352 1888 407 1954 καὶ
420 1891 560 1964 Ξοῦθον
583 1880 764 1952 ἀπικέσθαι
785 1885 818 1962 ἐς
835 1884 1106 1974 Πελοπόννησον,

100 1981 307 2070 ωςἝλληνες
325 1987 473 2071 λέγουσι,
490 1986 665 2052 ἐκαλέοντο
678 1985 846 2068 Πελασγοὶ
856 1988 1039 2073 Αίγιαλέες,
1055 1988 1109 2054 ἐπὶ

99 2082 136 2149 δὲ
146 2078 262 2160 Ἴωνος
276 2088 337 2149 τοῦ
353 2081 493 2160 ,Ξούθου
499 2081 623 2161 Ἴωνες.
651 2088 823 2169 Νησιάται
840 2084 877 2151 δέ
888 2087 1105 2171 ἑπτακαίδεκα
1120 2100 1154 2156 9⁵

98 2188 295 2270 παρείχοντο
309 2186 388 2264 νέας
404 2182 607 2271 ὡπλισμένοι
621 2180 839 2270 όςἝλληνες.
863 2186 1026 2253 καὶτοῦτο
1037 2191 1107 2252 Πε-

98 2278 260 2368 λασγικόν
273 2286 391 2367 ἐδνος,
413 2281 559 2369 ὕστερον
574 2280 611 2351 δέ
626 2278 778 2365 Ἰωνικόν
796 2280 922 2368 ἐκλήθη
943 2280 1025 2350 κατὰ
1046 2276 1106 2349 τόν

97 2378 203 2449 αὐτὸν
217 2380 322 2468 λόγον
343 2383 398 2451 καὶ
419 2384 454 2449 οί
465 2380 733 2457 δυωδεκαπόλιες
743 2377 857 2457 Ἴωνες
873 2383 906 2445 οί
909 2446 912 2451 Δ
923 2375 981 2445 ἀπ’
1003 2377 1106 2464 Ἀθη-

98 2481 194 2547 νέων.
215 2482 353 2569 Αἰολέες
367 2478 403 2546 δέ
415 2478 574 2565 ἑξήκοντα
588 2482 667 2556 νέας
680 2482 888 2561 παρείχοντο,
904 2477 1105 2561 ἐσκευασμέ-

97 2602 150 2646 νοι
169 2603 204 2644 τε
221 2574 267 2655 ὥς
278 2574 436 2663 Ἕλληνες
457 2579 513 2645 καὶ
531 2574 568 2645 τό
589 2575 694 2644 πάλαι
715 2574 912 2660 καλεόμενοι
925 2576 1104 2661 Πελασγοί,

98 2673 143 2755 ὡς
156 2674 325 2763 Ἑλλήνων
343 2675 453 2761 λόγος.
479 2673 733 2761 Ἑλλησπόντιοι
750 2674 786 2741 δὲ
806 2668 895 2757 πλήν
911 2668 1105 2760 Ἀβυδηνῶν

102 2771 326 2863 ’Ἀβυδηνοῖσι
338 2771 404 2862 γάρ
419 2778 659 2862 προσετέτακτο
676 2776 713 2842 έκ
726 2774 880 2860 βασιλέος
893 2768 977 2839 κατὰ
991 2771 1104 2859 χώρην

95 2877 235 2962 μένουσι
249 2872 425 2961 φυλάκους
441 2871 527 2944 εἶναι
541 2880 610 2942 τῶν
623 2873 833 2961 γεφυρέων,
851 2873 885 2937 οί
898 2870 934 2937 δὲ
948 2873 1058 2938 λοιποὶ
1072 2874 1106 2936 ολ

95 2976 133 3043 ἐκ
156 2980 218 3043 τοῦ
240 2971 377 3042 Πόντον
397 2973 657 3063 στρατευόμενοι
684 2975 879 3057 παρείχοντο
901 2970 963 3055 μέν
984 2963 1103 3036 ἑκατόν

95 3074 184 3158 νέας,
195 3074 432 3159 ἐσκευασμένοι
444 3073 481 3141 δὲ
490 3065 578 3159 ήσαν
590 3069 635 3150 ὡς
643 3068 808 3156 Ἕλληνες.
830 3059 924 3137 οὗτοι
934 3065 971 3134 δέ
981 3062 1102 3135 Ἰάνων

95 3172 151 3238 καὶ
170 3172 333 3255 Δωριέων
346 3168 491 3238 ἄποικοι.
518 3167 738 3257 Ἐπεβάτευον
757 3168 794 3235 δέ
815 3168 868 3235 ἐπὶ
882 3171 1016 3233 πασέων
1032 3173 1100 3231 τῶν
1116 3180 1157 3233 ⁹6·

95 3272 184 3336 νεῶν
196 3270 324 3353 Πέρσαι
345 3270 401 3336 καὶ
417 3272 532 3355 Μῆδοι
554 3272 609 3337 καὶ
625 3268 747 3336 Σάκαι.
776 3266 906 3335 τούτων
927 3266 963 3333 δέ
983 3264 1101 3347 άριστα

94 3360 273 3443 πλωοόσας
286 3371 483 3451 παρείχοντο
498 3368 577 3447 νέας
592 3373 764 3452 Φοίνικες,
779 3367 835 3432 καὶ
851 3369 1020 3433 Φοινίκων
1037 3372 1102 3433 Σι-

97 3463 221 3533 δόνιοι
237 3461 385 3616 τοόδῐοισι
395 3472 477 3534 πᾶσι
488 3468 544 3537 καί
553 3480 639 3535 τοίσι
650 3468 683 3545 ές
693 3461 753 3533 τόν
764 3460 865 3544 πεζόν
875 3464 1101 3548 τεταγμένοισι

179 3574 279 3613 mo».
327 3601 333 3614 .
933 3562 964 3615 ll
