2500 3925
333 210 849 276 LIB.v11.eAP.616-218.
1029 214 1090 277 215

84 371 150 441 ε’ύν
161 400 206 459 μη
195 369 368 493 Μηλιεὺς
377 371 501 457 ταύτην
513 397 576 457 την
588 368 740 458 άτραπὸν
751 370 897 493 Ὀνήτης,
911 384 990 445 εί
911 402 990 467 ετη
1000 379 1092 469 χάρη

83 470 190 541 πολλά
207 468 381 558 ὡμιληκως
395 479 461 557 εἴη·
489 465 565 538 ἀλλ’
584 466 758 557 Ἐπιάλτης
774 472 840 558 γάρ
857 473 955 543 ἐστι’
940 504 958 543 ο
974 502 1091 565 περιη-

82 570 271 657 γησάμενος
289 566 326 637 τδ
342 561 443 653 οῦρος
463 565 547 636 κατά
567 594 631 690 την
652 566 820 657 ἀτραπὸν,
841 580 964 642 τοῦτον
984 585 1091 645 αίτιον

83 672 214 759 γράφω.
237 673 359 757 Ξέρξης
378 674 431 755 δὲ,
446 673 566 738 ἐπείί
532 675 566 738 οί
579 667 679 759 ἤρεσε
696 698 736 739 τα
724 666 944 796 ῦπέσχετο’
929 701 947 743 ο
960 672 1094 745 Ἐπιάλ-
1109 691 1160 743 115

81 798 141 857 της
152 770 430 856 κατεργάσεσθαι,
444 767 563 837 αὐτίκα
576 794 757 856 περιχαρης
770 771 952 860 γενόμενος
967 780 1091 863 ἔπεμπε

76 866 239 953 Ὑδάρνεα
254 871 310 937 καλ
321 876 390 937 τῶν
404 867 599 955 ἐστρατήγεε
607 865 780 955 Ὑδάρνης.
806 866 955 960 ὡρμέατο
968 872 1004 942 δὲ
1015 877 1091 960 περὶ

81 967 219 1055 λύχνων
229 965 319 1056 ἆφάς
335 971 371 1037 ἐκ
385 974 447 1036 τοῦ
457 966 693 1053 στρατοπέδου.
717 965 779 1053 την
793 970 830 1037 δὲ
842 966 994 1058 ἀτραπόν
1007 973 1091 1040 ταύ-

80 1097 144 1157 την
165 1074 303 1156 ἐξεῦρον
322 1073 385 1157 μὲν
408 1096 439 1137 οι
432 1068 632 1157 ἐπιχώριοι
651 1070 814 1154 Μηλιέες,
842 1069 1033 1155 ἐξευρόντες
1054 1072 1090 1141 δέ

81 1177 280 1238 Θεσσαλοῖσι
294 1170 523 1258 κατηγήσαντο
535 1168 588 1235 έπλ
598 1170 747 1251 Φωκέας,
762 1165 837 1234 τότε
848 1164 903 1235 ὅτε
915 1192 946 1237 οι
939 1172 1090 1250 ’Φωκέες

80 1257 268 1350 φράξαντες
282 1272 382 1351 τείχεϊ
399 1261 462 1352 τὴν
482 1254 662 1350 ἐσβολην
640 1282 728 1348 ησαν
742 1266 780 1331 έν
794 1263 900 1352 σκέπη
915 1290 976 1333 του
961 1269 1090 1336 πολέ-

79 1387 165 1450 μου
181 1368 218 1430 ἐκ
227 1389 262 1431 τε
270 1381 371 1429 τοσου
377 1359 419 1447 δη
426 1366 639 1430 κατεδέδεκτο
651 1362 753 1428 ἐοῦσα
765 1358 867 1430 ούδὲν
875 1388 999 1453 χρηστη
988 1362 1089 1487 Μη-

79 1469 199 1531 λιεῦσι.
224 1460 314 1549 Ἔχει
329 1463 365 1529 δὲ
381 1454 516 1549 ύδεη’
497 1456 645 1548 ατραπός
659 1456 760 1545 αῦτη·
789 1458 922 1547 ἄρχεται
938 1461 1041 1549 μέν’
1022 1461 1087 1532 απδ
1104 1480 1156 1535 216

79 1568 142 1630 τοῦ
159 1560 312 1630 Ἀσωποῦ
326 1568 478 1648 ποταμοῦ
500 1566 562 1628 τοῦ
577 1556 633 1627 διδ
653 1565 712 1647 τῆς
734 1557 920 1647 διασφάγος
942 1564 1090 1650 ῥέοντος,

80 1659 213 1748 ούνομα
230 1663 267 1729 δὲ
280 1668 326 1753 τῷ
341 1659 438 1748 ούρεῑ
451 1660 559 1751 τούτφ
574 1662 630 1728 καί
643 1665 683 1749 τῇ
695 1655 831 1751 ἀτραπῷ
845 1657 952 1729 τύοτδ
968 1664 1087 1750 κέεται,

75 1756 253 1828 Ἀνόπαια*
273 1766 374 1829 τείνει
389 1762 426 1828 δὲ
440 1757 461 1847 ἡ
476 1758 634 1828 Ἀνόπαια
645 1756 730 1846 αὕτη
741 1757 825 1828 κατὰ
838 1760 936 1849 ῥάχιν
951 1768 1012 1831 τοῦ
1027 1760 1089 1830 οῦ-

79 1885 171 1947 ρεος,
188 1858 283 1947 λήγει
298 1858 334 1928 δὲ
348 1860 432 1928 κατά
448 1885 485 1927 τε
497 1856 664 1946 Ἀλπηνὸν
680 1860 781 1929 πόλιν
788 1860 950 1985 ,πρύτην
965 1867 1088 1932 ἐοῦσαν

4 2024 5 2027 ,
78 1985 147 2026 των
161 1964 339 2046 Λοκρίδων
352 1956 437 2045 πρός
451 1967 520 2027 τῶν
533 1961 712 2047 Μηλιέων,
728 1961 783 2029 καί
797 1959 880 2030 κατά
895 1952 1088 2052 Μελάμπο-

78 2059 143 2145 γόυ
157 2085 192 2126 τε
207 2059 413 2182 καλεόμενον
426 2068 528 2130 λίθον
541 2063 597 2130 καὶ
610 2059 695 2128 κατὰ
710 2061 907 2150 Κερκύπων
924 2069 1087 2155 ἕδρας,”
1047 2094 1088 2157 τη

77 2155 184 2225 καὶ
150 2183 187 2226 το
205 2159 420 2229 στεινότατόν
434 2163 512 2230 ἐστι.
532 2158 642 2230 Κατὰ
660 2162 786 2250 ταύτην
801 2162 894 2250 δη
858 2191 921 2252 την
936 2164 1088 2257 ἀτραπόν
1103 2179 1151 2237 211

76 2261 132 2327 και
155 2257 244 2327 οὕτω
266 2265 410 2346 ἔχουσαν
431 2267 466 2331 οί
479 2264 625 2350 Πέρσαι,
648 2261 710 2332 τόν
727 2260 880 2333 Ἀσωπόν
901 2267 1086 2354 διαβάντες,

78 2356 280 2443 ἐπορεύοντο
295 2365 408 2426 πᾶσαν
420 2386 485 2445 την
498 2358 624 2447 νύκτα,
641 2362 677 2429 ἐν
692 2363 839 2450 δεξιηέ
799 2389 822 2448 μ
841 2388 862 2429 ν
879 2363 1059 2449 ἐχοντες’
1025 2364 1088 2434 ού-

79 2479 138 2539 ρεα
153 2450 192 2518 τά
207 2459 362 2542 Οἰταίων,
377 2459 415 2524 ἐν
430 2454 588 2546 ἀριστερῇ
598 2457 634 2524 δὲ
646 2455 687 2524 τά
701 2465 899 2545 Τρηχινίων.
920 2459 988 2548 ἠύς
998 2487 1033 2530 τε
1045 2461 1086 2548 δη

79 2553 246 2636 διέφαινε,
262 2554 317 2621 καί
329 2557 485 2640 έγένοντο
497 2553 549 2623 ἐπ’
563 2553 759 2646 άκρωτηρίφ
776 2565 838 2626 τοῦ
852 2555 980 2646 οὔρεος.
1002 2556 1086 2628 κατὰ

4 2648 5 2653 ’
79 2651 115 2717 δὲ
134 2655 233 2718 τοῦτο
249 2657 310 2718 τοῦ
327 2650 445 2740 οὔρεος
465 2653 676 2740 ἐφύλασσον,
703 2650 748 2733 ὡς
767 2656 823 2723 καί
840 2656 1009 2744 πρότερόν
1030 2684 1087 2744 μοι

79 2746 270 2834 δεδήλωται,
290 2754 435 2820 Φωκέων
445 2759 545 2838 χίλιοι
558 2749 700 2840 ὁπλῖται,
712 2752 876 2842 ῥυόμενοί
882 2782 918 2824 τε
929 2753 992 2844 τὴν
1002 2776 1087 2843 σφε·

78 2849 177 2933 τέρην
193 2847 308 2936 χώρην
327 2851 383 2919 καὶ
402 2851 628 2938 φρουρέοντες
641 2848 704 2936 τὴν
719 2848 879 2938 άτραπόν.
906 2849 928 2941 ἡ
944 2850 1085 2940 μὲνγὰρ

78 2945 167 3013 κάτω
181 2943 302 3034 ἐσβολὴ
317 2948 525 3034 ἐφυλάσσετο
540 2947 600 3017 ὑπ’
618 2942 669 3018 66
683 2961 820 3039 είρηται,
836 2950 899 3039 τὴν
910 2955 946 3021 δὲ
958 2952 1013 3022 διά
1024 2959 1086 3021 τοῦ

79 3047 196 3133 σύρεος
215 3044 367 3131 ἀτραπόν
387 3052 562 3120 ἐθελονταὶ
578 3055 710 3130 Φωκέες
728 3050 971 3140 ὑποδεξάμενοι
989 3061 1086 3123 Λεω-

79 3151 154 3235 νίδη
171 3146 374 3232 ἐφύλασσον.
387 3148 542 3236 Ἕμαθον
555 3154 596 3220 δέ
607 3173 712 3238 σφεας
727 3157 761 3220 οί
774 3155 906 3231 Φωκέες
921 3145 1019 3220 οἶδε’
1001 3179 1087 3220 ανα-
1066 3167 1153 3222 1-18

79 3243 277 3334 βεβηκότας
305 3241 599 3335 ἀναβαίνοντες
561 3277 625 3337 γαρ
640 3250 835 3322 ἐλάνθανον
855 3253 890 3317 οί
901 3251 1029 3337 Πέρσαι
1045 3246 1085 3317 τό

79 3335 178 3431 ούρος
191 3350 261 3411 πᾶν
276 3341 334 3412 ἐόν
349 3349 465 3430 δρυῶν
480 3341 715 3436 ἐπίπλεονην
724 3348 787 3434 μὲν
799 3344 839 3433 δη
852 3353 1003 3434 νηνεμίη,
1018 3345 1084 3428 ψό-
1139 3403 1143 3410 .

79 3468 145 3528 φου
160 3439 197 3509 δὲ
216 3447 400 3530 γινομένου
412 3454 557 3533 πολλοῦ,
579 3445 624 3527 ὡς
638 3440 766 3528 οίκδς
743 3473 788 3536 ην
802 3443 975 3538 φύλλων“
959 3470 1084 3516 υποκε·
