2500 3925
165 194 229 268 104
542 202 793 264 μοεοοοοι

165 361 704 456 νικέανπαραδιδολΠεισιστράτφ
721 359 1016 453 ἀνακηρυχθῆναι,
1043 369 1109 434 καὶ
1125 364 1187 450 τήν

165 471 261 552 νίκην
275 467 391 550 παρεὶς
403 463 511 554 τοότφ
526 467 673 548 κατῆλθε
684 465 736 530 ἐπὶ
746 461 786 530 τά
802 467 929 532 ἑαυτοῦ
943 463 1185 543 ὑπόσπονδος.

162 568 221 631 καί
238 586 297 649 μιν
316 558 522 647 ἀνελόμενον
542 565 616 647 τῇσι
639 557 759 649 αὐτῇσι
778 563 908 629 ἵπποισι
928 561 1037 652 ἀλλην
1052 560 1185 648 Ὀλυμ-

161 659 266 729 κιάδα
280 665 440 748 κατέλαβε
453 655 643 726 ἀποδανείν
662 654 729 725 ὑπὸ
750 665 819 726 τῶν
831 661 1085 748 Πεισιστράτου
1103 669 1183 730 παί-

162 765 232 826 διιν
252 756 363 827 οὐκέτι
379 756 573 846 περιεόντος
592 752 698 822 αὐτοῦ
712 756 971 845 Πεισιστράτου·
999 767 1182 829 κτείνουσι

162 856 199 924 δέ
212 849 309 924 οὗτοί
320 879 379 942 μιν
392 852 477 922 κατά
490 850 528 922 τό
540 853 750 940 πρυτανήιον
760 854 882 935 νυκτός
895 854 1099 938 ὑπείσαντες
1116 857 1180 926 ἀυ-

162 958 250 1037 δρας.
271 955 434 1021 τέθαπται
445 951 482 1019 δέ
491 957 611 1038 Κίμων
621 949 688 1037 πρό
699 958 760 1019 τοῦ
776 950 907 1039 ἀστεος,
923 961 1032 1046 πέρην
1040 964 1108 1044 τῆς
1122 955 1179 1025 διά

162 1059 285 1138 Κοίλης
304 1053 506 1136 καλεομένης
522 1049 622 1136 ὁδοῦ,
644 1057 822 1120 καταντίον
843 1051 875 1120 δ’
894 1054 1000 1124 αὐτοῦ
1014 1062 1053 1126 ιιί
1071 1061 1179 1126 ἵπποι

160 1146 344 1232 τεθάφαται
351 1141 450 1215 αάται
461 1153 498 1216 αί
506 1161 593 1235 τρείς
601 1146 823 1235 Ὀλυμπιάδας
833 1148 1039 1240 ἀνελόμεναι.
1053 1157 1179 1241 ἐποίη-

162 1267 226 1314 σαν
241 1250 276 1316 δὲ
291 1251 346 1316 καί
361 1245 458 1317 ἀλλαι
472 1250 569 1315 ἵπποι
585 1244 649 1334 ήδη
665 1243 771 1315 τάυτδ
786 1256 884 1318 τοῦτο
903 1250 1088 1340 Εὐαγόρεω
1100 1255 1175 1322 Λά-

161 1374 285 1435 κωνος,
300 1349 390 1417 πλέω
400 1351 438 1416 δέ
448 1348 579 1416 τούτων
596 1345 749 1432 οὐδαμαί.
765 1345 802 1416 ‘O
815 1350 878 1435 μὲν
889 1349 930 1438 δή
941 1339 1190 1441 πρεσβύτερος

160 1455 228 1518 τόν
241 1452 371 1515 παίδων
385 1451 431 1537 τῷ
443 1451 574 1531 Κίμωνι
583 1447 804 1534 Στησαγόρης
816 1441 862 1534 ήν
876 1456 1060 1535 τηνικαῦτα
1075 1451 1174 1538 παρὰ

160 1554 206 1638 τῷ
220 1545 336 1636 πάτρφ
346 1545 517 1631 Μιλτιάδη
531 1543 738 1630 τρεφόμενος
753 1549 792 1612 ἐν
806 1553 847 1635 τῇ
856 1545 1079 1642 Χερσονήσφ,
1099 1545 1121 1616 ὁ
1139 1553 1177 1617 δε

160 1646 323 1732 μειότερος
335 1643 415 1732 παρ’
432 1641 523 1733 αὐτῷ
536 1645 669 1727 Κίμωνι
680 1644 718 1709 έν
729 1641 900 1733 Ἀθήνησι,
915 1644 1068 1730 τοῦνομα
1083 1652 1175 1733 έχων

161 1746 225 1816 ἀπό
236 1754 299 1814 τοῦ
309 1747 459 1814 οἰκιστέω
470 1751 528 1830 τῆς
538 1742 757 1830 Χερσονήσου
763 1744 957 1814 Μιλτιάδεω
963 1748 1173 1834 Μιλτιάδης.

93 1865 142 1918 104
161 1841 268 1926 Οὗτος
283 1843 324 1932 δὴ
340 1839 390 1913 ἀν
403 1847 477 1912 τότε
492 1843 511 1910 ό
523 1842 712 1929 Μιλτιάδης
725 1841 819 1930 ήκειν
831 1847 867 1913 ἐκ
876 1853 935 1931 τῆς
945 1847 1174 1935 Χερσονήσου

159 1949 214 2015 καὶ
224 1940 437 2030 ἐκπεφευγὼς
447 1940 588 2010 διπλόον
598 1940 752 2009 θάνατον
759 1943 952 2031 ἐστρατήγεε
962 1942 1172 2032 Ἀθηναίων.

160 2046 228 2133 ἀμα
248 2050 309 2131 μὲν
329 2043 394 2130 γάρ
415 2048 450 2111 ol
466 2050 620 2121 Φοίνικες
641 2039 747 2109 αὐτόν
764 2047 798 2111 οί
816 2043 1048 2124 ἐπιδιώξαντες
1072 2048 1173 2134 μέχρι

158 2145 295 2232 Ἴμβρου
309 2145 386 2229 περὶ
400 2147 527 2210 πολλοῦ
542 2142 716 2208 ἐποιεῦντο
732 2148 899 2227 λαβείντε
913 2144 968 2210 καὶ
982 2139 1174 2230 ἀναγαγεῖν

158 2241 249 2328 παρὰ
263 2242 417 2327 βασιλέα,
433 2237 502 2323 ἀμα
516 2238 554 2304 δὲ
567 2238 759 2321 ἐκφυγόντα
770 2264 806 2307 τε
819 2240 960 2319 τούτους
975 2244 1030 2309 καί
1044 2238 1173 2311 ἀπικό-

157 2364 262 2428 μενον
276 2341 308 2417 ές
322 2335 385 2423 τήν
398 2337 544 2421 ἑαυτοῦ,
560 2335 722 2402 δοκέοντά
735 2362 771 2404 τε
783 2336 867 2404 εἶναι
878 2339 914 2404 ἐν
928 2344 1077 2426 σωτηρίη
1089 2336 1172 2425 ήδη,

156 2438 194 2509 τό
212 2439 373 2508 ἐνθεῦτέν
393 2458 452 2520 μιν
467 2437 501 2501 ol
516 2435 633 2521 ἐχθροὶ
651 2430 894 2520 ὑποδεξάμενοι
911 2438 966 2503 καὶ
980 2431 1046 2503 ὑπὸ
1069 2441 1172 2505 δικα-

157 2539 295 2625 στήριον
305 2531 410 2602 αὐτόν
418 2530 602 2619 ἀγαγόντες
608 2533 747 2612 ἐδίωξαν
756 2536 955 2619 τυραννίδος
966 2536 1172 2622 τήςένΧερ-

157 2636 299 2725 σονήσφ.
311 2632 500 2719 ἀποφογάν
510 2635 608 2701 δὲκαὶ
616 2634 757 2711 τούτους
767 2628 950 2718 στρατηγὸς
961 2630 1050 2699 οὕτω
1061 2629 1171 2721 Ἀθη-

155 2739 262 2801 ναίοιν
275 2728 460 2816 ἀπεδέχθη,
477 2733 624 2817 αίρεδελς
639 2728 706 2798 ὑπὸ
721 2736 782 2798 τοῦ
796 2729 914 2817 δήμου.

89 2853 139 2905 105
239 2834 305 2899 Καὶ
318 2836 433 2916 πρώτα
447 2829 510 2915 μεν
525 2830 638 2907 ἐόντες
654 2834 702 2897 ότι
717 2832 754 2897 ἐν
769 2835 815 2919 τῷ
832 2825 927 2897 ἀστετ
939 2832 973 2897 οί
985 2834 1168 2916 στρατηγοὶ

155 2928 390 3016 ἀποπέμπουσι
406 2928 439 3005 ἐς
458 2926 623 3012 Σπάρτην
647 2927 778 3014 κήρυκα
796 2932 1036 3016 Φειδιππίδην,
1059 2926 1166 3016 Ἀθη-

155 3044 253 3098 νατον
266 3027 329 3115 μὲν
339 3024 457 3111 ἀνδρα,
472 3022 581 3103 ἀλλος
590 3022 869 3112 δέήμεροδρόμον
878 3044 915 3093 τε
924 3028 981 3095 καλ
990 3031 1092 3095 τοῦτο
1103 3052 1165 3112 με-

154 3121 491 3219 λετέοντα·τῷδή,ἀς
501 3120 602 3200 αὐτός
612 3146 649 3189 τε
659 3127 751 3208 ἔλεγε
762 3126 982 3210 Φειδιππίδης
991 3126 1048 3191 καί
1058 3121 1166 3212 Ἀθη-

155 3234 280 3295 ναίοισι
299 3224 503 3312 ἀπήγγελλε,
525 3223 603 3309 περὶ
623 3218 660 3288 τό
676 3226 872 3305 Παρθένιον
893 3215 995 3307 οάρος
1015 3219 1053 3289 τὸ
1075 3220 1164 3311 ὑπὲρ

158 3329 280 3410 Τεγέης
294 3322 401 3391 ὁΙΙάν
409 3326 607 3402 περιπίπτει.
631 3320 787 3399 δάσαντο
799 3320 836 3389 δέ
846 3320 994 3407 τοῦνομα
1004 3328 1067 3389 τοῦ
1080 3330 1163 3391 Φει-

155 3424 317 3487 διππίδεω
342 3418 402 3485 τόν
421 3425 520 3485 Πᾶνα
536 3418 745 3505 Ἀθηναίοισι
770 3424 925 3486 κελεῦσαι
951 3417 1163 3507 ἀπαγγείλαι,
