2500 3925
161 165 227 233 210
539 170 792 229 HERODOTI

160 330 315 418 χυμένων
328 324 396 396 ύιιδ
411 340 496 395 τοῖσι
510 331 606 414 ποσί,
621 326 688 397 άνά
702 356 738 397 τε
759 334 905 419 ἐδραμον
920 340 954 403 οἱ
967 341 1107 416 Φωκέες
1123 340 1177 405 καί

160 434 322 502 ἐνέδυνον
339 426 380 495 τά
393 426 497 513 ὅπλα,
514 430 569 496 καὶ
580 424 700 497 αὐτίκα
711 434 745 498 οί
756 429 922 520 βάρβαροι
933 442 1107 523 παρῆσαν.
1134 435 1178 516 ὡς

161 532 197 599 δδ
213 524 303 600 εἶδον
316 528 443 614 ἄνδρας
457 530 682 613 ἐνδυομένους
693 525 796 616 ὅπλα,
819 531 856 597 ἐν
879 529 1009 619 θύματι
1029 534 1178 620 ἐγένον-

160 656 213 700 το·
236 628 414 717 ἐλπόμενοι
424 624 489 715 γάρ
500 623 601 695 οὐδέν
612 646 673 714 σφι
684 627 897 717 φανήσεσθαι
912 627 1081 719 ἀντίξοον,
1100 636 1179 701 ἐνε-

159 730 311 816 κύρησαν
324 732 462 818 στρατῷ.
486 722 808 816 ἐνθαύταῬδάρνης
821 731 1107 819 καταρρωδήσας,
1131 730 1177 818 μὴ

159 834 193 899 οί
212 833 344 909 Φωκέες
366 833 446 897 ἔωσι
465 828 745 916 Λακεδαιμόνιοι,
771 839 876 919 εἴρετο
898 829 958 899 τὸν
976 829 1177 919 Ἐπιάλτην,

158 924 328 1007 ὁποδαπὸς
340 936 389 1014 είη
401 924 419 996 ὁ
431 926 580 1015 στρατός,
588 926 784 1014 πυθόμενος
795 931 831 998 δὲ
840 927 1003 1019 ἀτρεκέως
1014 938 1177 1001 διέτασσε

156 1025 236 1105 τούς
248 1029 381 1115 Πέρσας
398 1023 442 1105 ὦς
460 1028 494 1105 ἐς
514 1026 633 1112 μάχην.
663 1032 698 1096 οί
716 1028 752 1097 δδ
770 1034 901 1111 Φωκέες
922 1028 966 1111 ὦς
983 1030 1175 1119 ἐβάλλοντο

156 1142 243 1199 τοῖσι
256 1127 435 1213 τοξεύμασι
451 1132 606 1195 πολλοῖσί
615 1152 651 1195 τε
665 1130 720 1197 καὶ
733 1143 909 1217 πυκνοῖσι,
930 1139 1060 1216 οίχοντο
1082 1130 1177 1217 φεύ-

157 1255 274 1319 γοντες
292 1231 346 1299 ἐπί
361 1235 424 1297 τοῦ
438 1227 556 1316 οὔρεος
572 1225 633 1296 τὸν
653 1229 844 1318 κόρυμβον,
868 1231 1086 1317 ἐπιστάμενοι
1129 1227 1175 1309 ὦς

159 1332 211 1399 ἐπί
222 1332 327 1415 σφέας
337 1323 547 1415 ὁρμήθησαν
553 1324 670 1415 άρχήν,
678 1330 733 1396 καὶ
740 1329 1012 1416 παρεσκευάδατο
1026 1328 1073 1410 ὡς
1082 1327 1171 1398 άπο-

156 1428 319 1516 λεόμενοι.
338 1419 441 1497 Ούτοι
453 1427 516 1513 μέν
526 1423 567 1514 δὴ
579 1432 682 1495 ταῦτα
694 1427 870 1516 ἐφρόνεον,
885 1433 918 1498 οί
928 1430 964 1497 δὲ
976 1426 1063 1515 ἀμφὶ
1075 1426 1176 1497 Ἐπι-

155 1529 261 1615 άλτηυ
280 1529 337 1596 καί
352 1524 513 1613 Ὑδάρνεα
529 1528 657 1612 Πέρσαι
673 1530 820 1596 Φωκέων
834 1528 897 1615 μέν
917 1525 1043 1597 οὐδένα
1059 1528 1175 1614 λόγου

88 1651 141 1708 219
155 1634 343 1716 ἐποιεῦντο,
360 1633 395 1697 οί
406 1630 443 1697 δέ
456 1632 656 1715 κατέβαινον
669 1626 707 1698 τό
722 1622 823 1716 ούρος
839 1627 921 1697 κατὰ
934 1627 1040 1715 τάχος.
1069 1636 1174 1695 Τοῖσι

155 1732 192 1802 δδ
207 1736 244 1801 ἐν
254 1730 492 1821 Θερμοπύλῃσι
507 1734 600 1799 ἐοῦσι
611 1728 781 1819 Ἑλλήνων
792 1738 926 1820 πρῶτον
939 1732 1000 1817 μὲν
1012 1727 1029 1800 ὁ
1042 1730 1175 1816 μάντις

155 1837 337 1919 Μεγιστίης
348 1829 470 1901 ἐσιδιδν
479 1835 513 1912 ἐς
522 1828 563 1900 τά
574 1828 632 1918 ίρᾶ
643 1837 768 1918 ἔφρασε
778 1831 839 1899 τὸν
849 1835 1011 1919 μέλλοντα
1024 1835 1173 1897 ἔσεσθαι

152 1932 221 2021 άμα
237 1929 295 2022 ἠοῖ
306 1954 367 2021 σφι
383 1932 545 2004 θάνατον.
569 1934 622 2001 ἐπί
640 1930 676 2000 δὲ
693 1933 748 2002 καί
763 1929 945 2018 αὐτόμολοι
958 1921 1046 2016 ἦσαν
1062 1932 1100 1997 οί
1115 1930 1174 2008 ἐξ·

152 2037 364 2121 αφγείλαντές
377 2039 447 2101 τῶν
464 2035 624 2119 Περσέων
645 2030 706 2118 τὴν
722 2035 890 2118 περίοδον.
920 2022 1012 2099 οὗτοι
1032 2030 1101 2116 μὲν
1119 2035 1172 2096 ἔτι

153 2129 275 2210 νυκτός
289 2130 470 2219 ἐσήμηναν,
487 2137 591 2216 τρίτοι
601 2132 638 2199 δδ
648 2135 683 2199 οί
692 2128 916 2219 ἡμεροσκόποι
927 2129 1173 2216 καταδραμόν-

151 2257 205 2310 τες
220 2227 285 2298 ἆπδ
301 2236 370 2298 τοῖν
382 2227 500 2317 ἐκρων
512 2228 576 2317 ἤδη
591 2229 836 2318 διαφαινούσης
849 2227 982 2318 ἡμέρης.
1010 2231 1172 2297 ἐνθαῦτα

152 2328 590 2420 ἐβουλεύοντοιίἝλληνες,
598 2338 659 2401 καί
665 2353 780 2420 σφεων
791 2334 1171 2418 ἐσχίζοντοαίμνωμαι·
1243 2333 1244 2346 ’

153 2434 188 2499 οί
195 2430 259 2518 μὲν
268 2429 333 2519 γάρ
345 2428 410 2500 ούκ
420 2437 487 2501 ἐων
500 2429 563 2519 τὴν
578 2432 674 2513 τάξιν
690 2437 847 2517 ἐκλιπεῖν,
864 2436 898 2500 οί
907 2432 942 2501 δδ
954 2429 1169 2500 ἀντέτεινον.

149 2527 231 2616 μετά
243 2533 385 2600 δέτούτο
397 2533 629 2620 διακριθέντες
639 2535 740 2620 οἱμὲν
751 2529 1004 2600 ἀπαλλάσσοντο
1016 2532 1073 2598 καί
1086 2534 1171 2598 δια-

150 2634 391 2711 σκεδασθέντες
404 2631 488 2702 κατᾶ
505 2633 603 2713 πόλις
621 2635 754 2703 ἕκαστοι
770 2631 970 2721 ἐτράποντο,
993 2635 1027 2699 οι*
1042 2633 1081 2698 δὲ
1096 2629 1170 2696 αύ-

79 2743 134 2798 220
148 2736 217 2798 τῶν
228 2728 297 2817 ἅμα
307 2737 460 2820 Λεωνίδη
470 2735 584 2818 μένειν
594 2731 702 2802 αύτού
711 2731 994 2820 παρεσκευάδατο.
1017 2731 1168 2816 Λέγεται

147 2830 266 2915 δὲκαὶ,
285 2826 330 2909 ὡς
340 2826 442 2908 αύτός
452 2850 558 2917 σφεας
568 2830 743 2919 ἀπέπεμψε
752 2835 932 2917 Λεωνίδης,
943 2825 988 2916 μὴ
1000 2826 1167 2898 ἀπόλων-

146 2953 201 2995 ται
211 2927 412 3014 κηδόμευος·
430 2926 521 3022 αύτῷ
531 2934 568 3000 δέ
579 2935 634 3001 καὶ
644 2933 885 3021 Σπαρτιητέων
895 2945 980 2999 τοῖσι
991 2937 1167 3018 παρεοῦσι

147 3022 211 3094 ούκ
230 3031 319 3111 ἔχειν
333 3024 524 3115 εύπρεπέως
537 3032 685 3101 ἐκλιπεῖν
701 3032 764 3120 την
779 3027 902 3118 τάξιν,
915 3034 948 3110 ἐς
962 3027 1025 3117 τὴν
1044 3023 1167 3116 ἦλθον

148 3122 354 3210 φυλάξοντες
364 3123 480 3214 ἀρχήν.
503 3129 608 3220 ταύτη
617 3135 674 3200 καί
684 3139 814 3219 μᾶλλον
824 3140 863 3221 τῇ
874 3132 992 3220 γνώμη
1001 3131 1167 3208 πλεῖστός

147 3227 229 3305 είμι,
246 3227 431 3310 Λεωνίδην,
455 3229 564 3295 ἐπείτε
581 3239 719 3300 αίσθετο
735 3231 815 3312 τούς
829 3232 1024 3320 συμμάχους
1038 3230 1165 3308 ἐόντας

91 3362 95 3368 ·
145 3317 370 3407 ἀπροθύμους
386 3329 440 3394 καὶ
457 3326 522 3396 ούκ
536 3334 715 3412 ἐθέλοντας
732 3330 1083 3418 συνδιακινδυνεύειν,
1098 3357 1166 3397 κε-

145 3424 266 3487 λεῦσαί
273 3439 378 3507 σφεας
388 3422 680 3517 ἀπαλλάσσεσθαι,
696 3431 786 3527 αύτῷ
798 3437 834 3502 δέ
845 3433 980 3502 ἀπιέναι
992 3428 1033 3498 ού
1045 3437 1167 3508 καλῶς
