<?xml version="1.0" encoding="UTF-8"?>
<!DOCTYPE html PUBLIC "-//W3C//DTD XHTML 1.0 Transitional//EN"
    "http://www.w3.org/TR/xhtml1/DTD/xhtml1-transitional.dtd">
<html xmlns="http://www.w3.org/1999/xhtml" xml:lang="en" lang="en">
 <head>
  <title>
</title>
<meta http-equiv="Content-Type" content="text/html;charset=utf-8" />
  <meta name='ocr-system' content='tesseract 3.04.00' />
  <meta name='ocr-capabilities' content='ocr_page ocr_carea ocr_par ocr_line ocrx_word'/>
</head>
<body>
  <div class='ocr_page' id='page_1' title='image "./herodotihistori00dietgoog_0620.png"; bbox 0 0 2500 3925; ppageno 0'>
   <div class='ocr_carea' id='block_1_1' title="bbox 153 224 783 289">
    <p class='ocr_par' dir='ltr' id='par_1_1' title="bbox 153 224 783 289">
     <span class='ocr_line' id='line_1_1' title="bbox 153 224 783 289; baseline -0.01 0"><span class='ocrx_word' id='word_1_1' title='bbox 153 224 214 289; x_wconf 78' lang='grc'><strong><em>198</em></strong></span> <span class='ocrx_word' id='word_1_2' title='bbox 525 226 783 285; x_wconf 84' lang='lat' dir='ltr'>HERODOTI</span> 
     </span>
    </p>
   </div>
   <div class='ocr_carea' id='block_1_2' title="bbox 78 384 1248 3583">
    <p class='ocr_par' dir='ltr' id='par_1_2' title="bbox 147 384 1163 1365">
     <span class='ocr_line' id='line_1_2' title="bbox 148 384 1162 476; baseline 0.001 -20"><span class='ocrx_word' id='word_1_3' title='bbox 148 387 317 476; x_wconf 76' lang='grc' dir='ltr'><strong><em>Ἀμύντεω</em></strong></span> <span class='ocrx_word' id='word_1_4' title='bbox 340 385 464 473; x_wconf 80' lang='grc' dir='ltr'><strong><em>ἀνδρὸς</em></strong></span> <span class='ocrx_word' id='word_1_5' title='bbox 479 384 682 465; x_wconf 72' lang='grc' dir='ltr'><strong><em>Μακεδόνος</em></strong></span> <span class='ocrx_word' id='word_1_6' title='bbox 700 385 952 473; x_wconf 87' lang='grc' dir='ltr'><strong><em>συνεβούλευόν</em></strong></span> <span class='ocrx_word' id='word_1_7' title='bbox 973 407 1033 474; x_wconf 99' lang='grc' dir='ltr'><strong><em>σφι</em></strong></span> <span class='ocrx_word' id='word_1_8' title='bbox 1051 386 1162 457; x_wconf 80' lang='grc' dir='ltr'><strong><em>ύπαλ·</em></strong></span> 
     </span>
     <span class='ocr_line' id='line_1_3' title="bbox 151 488 1162 577; baseline -0.005 -18"><span class='ocrx_word' id='word_1_9' title='bbox 151 489 336 559; x_wconf 71' lang='grc' dir='ltr'><strong><em>λίσσεσθαι</em></strong></span> <span class='ocrx_word' id='word_1_10' title='bbox 350 490 434 574; x_wconf 74' lang='grc' dir='ltr'><strong><em>μηδὲ</em></strong></span> <span class='ocrx_word' id='word_1_11' title='bbox 450 490 612 574; x_wconf 77' lang='grc' dir='ltr'><strong><em>μένοντας</em></strong></span> <span class='ocrx_word' id='word_1_12' title='bbox 628 488 665 553; x_wconf 88' lang='grc' dir='ltr'><strong><em>ἐν</em></strong></span> <span class='ocrx_word' id='word_1_13' title='bbox 686 492 726 575; x_wconf 79' lang='grc' dir='ltr'><strong><em>τῇ</em></strong></span> <span class='ocrx_word' id='word_1_14' title='bbox 740 488 861 575; x_wconf 77' lang='grc' dir='ltr'><strong><em>ἐσβολῇ</em></strong></span> <span class='ocrx_word' id='word_1_15' title='bbox 882 496 1162 577; x_wconf 65' lang='grc' dir='ltr'><strong><em>καταπατηθῆναι</em></strong></span> 
     </span>
     <span class='ocr_line' id='line_1_4' title="bbox 150 586 1161 677; baseline 0.001 -22"><span class='ocrx_word' id='word_1_16' title='bbox 150 586 218 656; x_wconf 75' lang='grc' dir='ltr'><strong><em>ὑπὸ</em></strong></span> <span class='ocrx_word' id='word_1_17' title='bbox 233 593 293 655; x_wconf 85' lang='grc' dir='ltr'><strong><em>τοῦ</em></strong></span> <span class='ocrx_word' id='word_1_18' title='bbox 307 594 452 672; x_wconf 83' lang='grc' dir='ltr'><strong><em>στρατοῦ</em></strong></span> <span class='ocrx_word' id='word_1_19' title='bbox 468 594 530 656; x_wconf 82' lang='grc' dir='ltr'><strong><em>τοῦ</em></strong></span> <span class='ocrx_word' id='word_1_20' title='bbox 549 586 718 673; x_wconf 91' lang='grc' dir='ltr'><strong><em>ἐπιόντος,</em></strong></span> <span class='ocrx_word' id='word_1_21' title='bbox 740 593 957 675; x_wconf 80' lang='grc' dir='ltr'><strong><em>σημαίνοντες</em></strong></span> <span class='ocrx_word' id='word_1_22' title='bbox 972 587 1009 657; x_wconf 84' lang='grc' dir='ltr'><strong><em>τό</em></strong></span> <span class='ocrx_word' id='word_1_23' title='bbox 1027 596 1161 677; x_wconf 80' lang='grc' dir='ltr'><strong><em>πλῆθος</em></strong></span> 
     </span>
     <span class='ocr_line' id='line_1_5' title="bbox 150 679 1161 774; baseline -0.002 -18"><span class='ocrx_word' id='word_1_24' title='bbox 150 695 208 773; x_wconf 81' lang='grc' dir='ltr'><strong><em>τῆς</em></strong></span> <span class='ocrx_word' id='word_1_25' title='bbox 221 692 375 774; x_wconf 78' lang='grc' dir='ltr'><strong><em>στρατιῆς</em></strong></span> <span class='ocrx_word' id='word_1_26' title='bbox 389 689 445 755; x_wconf 80' lang='grc' dir='ltr'><strong><em>καί</em></strong></span> <span class='ocrx_word' id='word_1_27' title='bbox 457 685 516 765; x_wconf 81' lang='grc' dir='ltr'><strong><em>τός</em></strong></span> <span class='ocrx_word' id='word_1_28' title='bbox 530 688 616 765; x_wconf 81' lang='grc' dir='ltr'><strong><em>νέας.</em></strong></span> <span class='ocrx_word' id='word_1_29' title='bbox 640 682 685 766; x_wconf 78' lang='grc' dir='ltr'><strong><em>ὡς</em></strong></span> <span class='ocrx_word' id='word_1_30' title='bbox 702 688 738 754; x_wconf 82' lang='grc' dir='ltr'><strong><em>δέ</em></strong></span> <span class='ocrx_word' id='word_1_31' title='bbox 753 679 850 756; x_wconf 86' lang='grc' dir='ltr'><strong><em>ούτοί</em></strong></span> <span class='ocrx_word' id='word_1_32' title='bbox 861 706 921 773; x_wconf 89' lang='grc' dir='ltr'><strong><em>σφι</em></strong></span> <span class='ocrx_word' id='word_1_33' title='bbox 936 694 1040 755; x_wconf 87' lang='grc' dir='ltr'><strong><em>ταῦτα</em></strong></span> <span class='ocrx_word' id='word_1_34' title='bbox 1056 707 1161 755; x_wconf 88' lang='grc' dir='ltr'><strong><em>συνε-</em></strong></span> 
     </span>
     <span class='ocr_line' id='line_1_6' title="bbox 150 782 1161 873; baseline -0.001 -20"><span class='ocrx_word' id='word_1_35' title='bbox 150 784 318 864; x_wconf 87' lang='grc' dir='ltr'><strong><em>βούλευον</em></strong></span> <span class='ocrx_word' id='word_1_36' title='bbox 343 782 479 871; x_wconf 75' lang='grc' dir='ltr'><strong><em>’χρηστοὶ</em></strong></span> <span class='ocrx_word' id='word_1_37' title='bbox 499 783 563 872; x_wconf 79' lang='grc' dir='ltr'><strong><em>γὰρ</em></strong></span> <span class='ocrx_word' id='word_1_38' title='bbox 586 784 723 853; x_wconf 80' lang='grc' dir='ltr'><strong><em>ἐδόκεον</em></strong></span> <span class='ocrx_word' id='word_1_39' title='bbox 741 784 1003 873; x_wconf 87' lang='grc' dir='ltr'><strong><em>συμβουλεύειν,</em></strong></span> <span class='ocrx_word' id='word_1_40' title='bbox 1025 792 1086 855; x_wconf 90' lang='grc' dir='ltr'><strong><em>καί</em></strong></span> <span class='ocrx_word' id='word_1_41' title='bbox 1097 806 1161 872; x_wconf 89' lang='grc' dir='ltr'><strong><em>σφι</em></strong></span> 
     </span>
     <span class='ocr_line' id='line_1_7' title="bbox 151 879 1163 968; baseline 0.002 -19"><span class='ocrx_word' id='word_1_42' title='bbox 151 880 269 961; x_wconf 76' lang='grc' dir='ltr'><strong><em>εὔνοος</em></strong></span> <span class='ocrx_word' id='word_1_43' title='bbox 280 884 434 967; x_wconf 83' lang='grc' dir='ltr'><strong><em>ἐφαίνετο</em></strong></span> <span class='ocrx_word' id='word_1_44' title='bbox 447 879 513 950; x_wconf 76' lang='grc' dir='ltr'><strong><em>ἐόν</em></strong></span> <span class='ocrx_word' id='word_1_45' title='bbox 527 879 545 952; x_wconf 87' lang='grc' dir='ltr'>ὁ</span> <span class='ocrx_word' id='word_1_46' title='bbox 558 881 757 968; x_wconf 62' lang='grc' dir='ltr'><strong><em>Μακεδών,</em></strong></span> <span class='ocrx_word' id='word_1_47' title='bbox 769 884 954 952; x_wconf 87' lang='grc' dir='ltr'><strong><em>ἐπείθοντο.</em></strong></span> <span class='ocrx_word' id='word_1_48' title='bbox 979 884 1112 951; x_wconf 79' lang='grc' dir='ltr'><strong><em>δοκέειν</em></strong></span> <span class='ocrx_word' id='word_1_49' title='bbox 1124 888 1163 951; x_wconf 84' lang='grc' dir='ltr'><strong><em>δέ</em></strong></span> 
     </span>
     <span class='ocr_line' id='line_1_8' title="bbox 149 970 1160 1068; baseline 0.002 -21"><span class='ocrx_word' id='word_1_50' title='bbox 149 1007 217 1067; x_wconf 88' lang='grc' dir='ltr'><strong><em>μοι,</em></strong></span> <span class='ocrx_word' id='word_1_51' title='bbox 234 976 383 1067; x_wconf 77' lang='grc' dir='ltr'><strong><em>ἀρρωδίη</em></strong></span> <span class='ocrx_word' id='word_1_52' title='bbox 395 973 440 1065; x_wconf 78' lang='grc' dir='ltr'><strong><em>ἦν</em></strong></span> <span class='ocrx_word' id='word_1_53' title='bbox 452 970 489 1047; x_wconf 86' lang='grc' dir='ltr'><strong><em>τό</em></strong></span> <span class='ocrx_word' id='word_1_54' title='bbox 506 991 639 1066; x_wconf 79' lang='grc' dir='ltr'><strong><em>πείθου,</em></strong></span> <span class='ocrx_word' id='word_1_55' title='bbox 657 977 701 1059; x_wconf 83' lang='grc' dir='ltr'><strong><em>όίς</em></strong></span> <span class='ocrx_word' id='word_1_56' title='bbox 712 980 880 1049; x_wconf 83' lang='grc' dir='ltr'><strong><em>ἐπύθοντο</em></strong></span> <span class='ocrx_word' id='word_1_57' title='bbox 896 984 951 1049; x_wconf 81' lang='grc' dir='ltr'><strong><em>καὶ</em></strong></span> <span class='ocrx_word' id='word_1_58' title='bbox 962 979 1068 1068; x_wconf 73' lang='grc' dir='ltr'><strong><em>ἄλλην</em></strong></span> <span class='ocrx_word' id='word_1_59' title='bbox 1080 985 1160 1051; x_wconf 84' lang='grc' dir='ltr'><strong><em>ἐοῦ-</em></strong></span> 
     </span>
     <span class='ocr_line' id='line_1_9' title="bbox 149 1075 1160 1167; baseline 0 -21"><span class='ocrx_word' id='word_1_60' title='bbox 149 1097 214 1146; x_wconf 87' lang='grc' dir='ltr'><strong><em>σαν</em></strong></span> <span class='ocrx_word' id='word_1_61' title='bbox 235 1075 378 1164; x_wconf 79' lang='grc' dir='ltr'><strong><em>ίσβολην</em></strong></span> <span class='ocrx_word' id='word_1_62' title='bbox 400 1080 431 1156; x_wconf 81' lang='grc' dir='ltr'><strong><em>ἐς</em></strong></span> <span class='ocrx_word' id='word_1_63' title='bbox 449 1075 641 1156; x_wconf 83' lang='grc' dir='ltr'><strong><em>Θεσσαλούς</em></strong></span> <span class='ocrx_word' id='word_1_64' title='bbox 663 1075 745 1150; x_wconf 73' lang='grc' dir='ltr'><strong><em>κατὰ</em></strong></span> <span class='ocrx_word' id='word_1_65' title='bbox 767 1075 830 1165; x_wconf 77' lang='grc' dir='ltr'><strong><em>τὴν</em></strong></span> <span class='ocrx_word' id='word_1_66' title='bbox 851 1076 923 1145; x_wconf 83' lang='grc' dir='ltr'><strong><em>όίνοι</em></strong></span> <span class='ocrx_word' id='word_1_67' title='bbox 937 1084 1160 1167; x_wconf 79' lang='grc' dir='ltr'><strong><em>Μακεδονίην</em></strong></span> 
     </span>
     <span class='ocr_line' id='line_1_10' title="bbox 149 1174 1160 1266; baseline 0.004 -22"><span class='ocrx_word' id='word_1_68' title='bbox 149 1174 205 1244; x_wconf 79' lang='grc' dir='ltr'><strong><em>διδ</em></strong></span> <span class='ocrx_word' id='word_1_69' title='bbox 220 1183 424 1263; x_wconf 77' lang='grc' dir='ltr'><strong><em>Περραιβῶν</em></strong></span> <span class='ocrx_word' id='word_1_70' title='bbox 438 1176 521 1243; x_wconf 80' lang='grc' dir='ltr'><strong><em>κατὰ</em></strong></span> <span class='ocrx_word' id='word_1_71' title='bbox 537 1176 672 1244; x_wconf 85' lang='grc' dir='ltr'><strong><em>Γόννον</em></strong></span> <span class='ocrx_word' id='word_1_72' title='bbox 686 1176 802 1262; x_wconf 87' lang='grc' dir='ltr'><strong><em>πόλιν,</em></strong></span> <span class='ocrx_word' id='word_1_73' title='bbox 830 1182 935 1264; x_wconf 80' lang='grc' dir='ltr'><strong><em>τῇπερ</em></strong></span> <span class='ocrx_word' id='word_1_74' title='bbox 956 1176 996 1266; x_wconf 74' lang='grc' dir='ltr'><strong><em>δὴ</em></strong></span> <span class='ocrx_word' id='word_1_75' title='bbox 1015 1183 1070 1247; x_wconf 80' lang='grc' dir='ltr'><strong><em>καί</em></strong></span> <span class='ocrx_word' id='word_1_76' title='bbox 1084 1182 1160 1248; x_wconf 81' lang='grc' dir='ltr'><strong><em>ἐσί-</em></strong></span> 
     </span>
     <span class='ocr_line' id='line_1_11' title="bbox 147 1271 1160 1365; baseline 0.003 -24"><span class='ocrx_word' id='word_1_77' title='bbox 147 1271 265 1363; x_wconf 83' lang='grc' dir='ltr'><strong><em>βαλεὴ</em></strong></span> <span class='ocrx_word' id='word_1_78' title='bbox 283 1272 418 1361; x_wconf 79' lang='grc' dir='ltr'><strong><em>στρατιὴ</em></strong></span> <span class='ocrx_word' id='word_1_79' title='bbox 432 1272 453 1360; x_wconf 82' lang='grc' dir='ltr'><em>ἡ</em></span> <span class='ocrx_word' id='word_1_80' title='bbox 465 1278 602 1363; x_wconf 73' lang='grc' dir='ltr'><strong><em>Ξέρξεω.</em></strong></span> <span class='ocrx_word' id='word_1_81' title='bbox 625 1274 830 1364; x_wconf 80' lang='grc' dir='ltr'><strong><em>καταβάντες</em></strong></span> <span class='ocrx_word' id='word_1_82' title='bbox 845 1278 881 1344; x_wconf 78' lang='grc' dir='ltr'><strong><em>δὲ</em></strong></span> <span class='ocrx_word' id='word_1_83' title='bbox 897 1274 1093 1365; x_wconf 80' lang='grc' dir='ltr'><strong><em>οίἜλληνες</em></strong></span> <span class='ocrx_word' id='word_1_84' title='bbox 1105 1280 1160 1345; x_wconf 81' lang='grc' dir='ltr'><strong><em>ἐπὶ</em></strong></span> 
     </span>
    </p>

    <p class='ocr_par' dir='ltr' id='par_1_3' title="bbox 84 1371 1161 2057">
     <span class='ocr_line' id='line_1_12' title="bbox 84 1371 1161 1461; baseline 0 -19"><span class='ocrx_word' id='word_1_85' title='bbox 84 1389 133 1445; x_wconf 74' lang='lat'><strong><em>174</em></strong></span> <span class='ocrx_word' id='word_1_86' title='bbox 147 1371 206 1453; x_wconf 82' lang='grc' dir='ltr'><strong><em>τὰς</em></strong></span> <span class='ocrx_word' id='word_1_87' title='bbox 221 1376 299 1452; x_wconf 84' lang='grc' dir='ltr'><strong><em>νίας</em></strong></span> <span class='ocrx_word' id='word_1_88' title='bbox 310 1371 417 1441; x_wconf 85' lang='grc' dir='ltr'><strong><em>ὀπίσω</em></strong></span> <span class='ocrx_word' id='word_1_89' title='bbox 432 1375 636 1457; x_wconf 76' lang='grc' dir='ltr'><strong><em>ἐπορεύοντο</em></strong></span> <span class='ocrx_word' id='word_1_90' title='bbox 648 1376 681 1452; x_wconf 89' lang='grc' dir='ltr'><strong><em>ἐς</em></strong></span> <span class='ocrx_word' id='word_1_91' title='bbox 694 1371 755 1441; x_wconf 83' lang='grc' dir='ltr'><strong><em>τόν</em></strong></span> <span class='ocrx_word' id='word_1_92' title='bbox 768 1372 913 1461; x_wconf 89' lang='grc' dir='ltr'><strong><em>Ἰσθμόν.</em></strong></span> <span class='ocrx_word' id='word_1_93' title='bbox 935 1373 1031 1461; x_wconf 84' lang='grc' dir='ltr'><strong><em>Λύτη</em></strong></span> <span class='ocrx_word' id='word_1_94' title='bbox 1044 1377 1161 1461; x_wconf 79' lang='grc' dir='ltr'><strong><em>ἕγένε-</em></strong></span> 
     </span>
     <span class='ocr_line' id='line_1_13' title="bbox 146 1469 1160 1560; baseline 0 -19"><span class='ocrx_word' id='word_1_95' title='bbox 146 1498 184 1541; x_wconf 94' lang='grc' dir='ltr'><strong><em>το</em></strong></span> <span class='ocrx_word' id='word_1_96' title='bbox 201 1469 221 1559; x_wconf 83' lang='grc' dir='ltr'><em>ἡ</em></span> <span class='ocrx_word' id='word_1_97' title='bbox 237 1473 270 1550; x_wconf 85' lang='grc' dir='ltr'><strong><em>ἐς</em></strong></span> <span class='ocrx_word' id='word_1_98' title='bbox 287 1479 475 1559; x_wconf 79' lang='grc' dir='ltr'><strong><em>Θεσσαλίην</em></strong></span> <span class='ocrx_word' id='word_1_99' title='bbox 488 1479 646 1560; x_wconf 79' lang='grc' dir='ltr'><strong><em>στρατηίη</em></strong></span> <span class='ocrx_word' id='word_1_100' title='bbox 666 1474 820 1558; x_wconf 77' lang='grc' dir='ltr'><strong><em>βασιλέος</em></strong></span> <span class='ocrx_word' id='word_1_101' title='bbox 839 1498 876 1540; x_wconf 91' lang='grc' dir='ltr'><strong><em>τε</em></strong></span> <span class='ocrx_word' id='word_1_102' title='bbox 889 1477 1067 1559; x_wconf 85' lang='grc' dir='ltr'><strong><em>μέλλοντος</em></strong></span> <span class='ocrx_word' id='word_1_103' title='bbox 1081 1478 1160 1541; x_wconf 89' lang='grc' dir='ltr'><strong><em>δια-</em></strong></span> 
     </span>
     <span class='ocr_line' id='line_1_14' title="bbox 146 1568 1159 1660; baseline 0.001 -20"><span class='ocrx_word' id='word_1_104' title='bbox 146 1578 278 1660; x_wconf 88' lang='grc' dir='ltr'><strong><em>βαίνειν</em></strong></span> <span class='ocrx_word' id='word_1_105' title='bbox 294 1574 327 1650; x_wconf 87' lang='grc' dir='ltr'><strong><em>ἐς</em></strong></span> <span class='ocrx_word' id='word_1_106' title='bbox 341 1569 403 1659; x_wconf 77' lang='grc' dir='ltr'><strong><em>τὴν</em></strong></span> <span class='ocrx_word' id='word_1_107' title='bbox 418 1568 591 1658; x_wconf 75' lang='grc' dir='ltr'><strong><em>Εὐρώπην</em></strong></span> <span class='ocrx_word' id='word_1_108' title='bbox 606 1573 643 1639; x_wconf 87' lang='grc' dir='ltr'><strong><em>ἐκ</em></strong></span> <span class='ocrx_word' id='word_1_109' title='bbox 658 1577 716 1657; x_wconf 82' lang='grc' dir='ltr'><strong><em>τῆς</em></strong></span> <span class='ocrx_word' id='word_1_110' title='bbox 728 1568 837 1657; x_wconf 87' lang='grc' dir='ltr'><strong><em>Ἀσίης</em></strong></span> <span class='ocrx_word' id='word_1_111' title='bbox 847 1574 904 1640; x_wconf 80' lang='grc' dir='ltr'><strong><em>καὶ</em></strong></span> <span class='ocrx_word' id='word_1_112' title='bbox 914 1571 1029 1651; x_wconf 85' lang='grc' dir='ltr'><strong><em>ἐόντος</em></strong></span> <span class='ocrx_word' id='word_1_113' title='bbox 1043 1570 1106 1660; x_wconf 86' lang='grc' dir='ltr'><strong><em>ἤδη</em></strong></span> <span class='ocrx_word' id='word_1_114' title='bbox 1120 1576 1159 1641; x_wconf 89' lang='grc' dir='ltr'><strong><em>ἐν</em></strong></span> 
     </span>
     <span class='ocr_line' id='line_1_15' title="bbox 143 1671 1158 1764; baseline -0.002 -23"><span class='ocrx_word' id='word_1_115' title='bbox 143 1672 282 1764; x_wconf 78' lang='grc' dir='ltr'><strong><em>Ἀβύδῳ.</em></strong></span> <span class='ocrx_word' id='word_1_116' title='bbox 327 1674 491 1741; x_wconf 79' lang='grc' dir='ltr'><strong><em>Θεσσαλοί</em></strong></span> <span class='ocrx_word' id='word_1_117' title='bbox 517 1672 554 1739; x_wconf 81' lang='grc' dir='ltr'><strong><em>δέ</em></strong></span> <span class='ocrx_word' id='word_1_118' title='bbox 579 1674 809 1759; x_wconf 76' lang='grc' dir='ltr'><strong><em>ἐρημωθέντες</em></strong></span> <span class='ocrx_word' id='word_1_119' title='bbox 833 1671 1034 1759; x_wconf 71' lang='grc' dir='ltr'><strong><em>συμμάχων,</em></strong></span> <span class='ocrx_word' id='word_1_120' title='bbox 1065 1671 1158 1739; x_wconf 82' lang='grc' dir='ltr'><strong><em>οὕτω</em></strong></span> 
     </span>
     <span class='ocr_line' id='line_1_16' title="bbox 146 1766 1158 1859; baseline -0.002 -20"><span class='ocrx_word' id='word_1_121' title='bbox 146 1768 187 1857; x_wconf 79' lang='grc' dir='ltr'><strong><em>δὴ</em></strong></span> <span class='ocrx_word' id='word_1_122' title='bbox 211 1770 372 1857; x_wconf 74' lang='grc' dir='ltr'><strong><em>ἐμήδισαν</em></strong></span> <span class='ocrx_word' id='word_1_123' title='bbox 390 1771 578 1857; x_wconf 83' lang='grc' dir='ltr'><strong><em>προθύμως</em></strong></span> <span class='ocrx_word' id='word_1_124' title='bbox 598 1766 674 1837; x_wconf 79' lang='grc' dir='ltr'><strong><em>οὐδ’</em></strong></span> <span class='ocrx_word' id='word_1_125' title='bbox 698 1776 745 1839; x_wconf 81' lang='grc' dir='ltr'><strong><em>ἔτι</em></strong></span> <span class='ocrx_word' id='word_1_126' title='bbox 765 1772 983 1859; x_wconf 73' lang='grc' dir='ltr'><strong><em>ἐνδοιαστῶς,</em></strong></span> <span class='ocrx_word' id='word_1_127' title='bbox 1003 1770 1097 1847; x_wconf 61' lang='grc' dir='ltr'><strong><em>λόόστε</em></strong></span> <span class='ocrx_word' id='word_1_128' title='bbox 1120 1774 1158 1839; x_wconf 84' lang='grc' dir='ltr'><strong><em>ἐν</em></strong></span> 
     </span>
     <span class='ocr_line' id='line_1_17' title="bbox 145 1865 1157 1957; baseline -0.003 -19"><span class='ocrx_word' id='word_1_129' title='bbox 145 1884 230 1938; x_wconf 81' lang='grc' dir='ltr'><strong><em>τοῖσι</em></strong></span> <span class='ocrx_word' id='word_1_130' title='bbox 245 1868 417 1956; x_wconf 71' lang='grc' dir='ltr'><strong><em>πρήγμασι</em></strong></span> <span class='ocrx_word' id='word_1_131' title='bbox 435 1870 613 1954; x_wconf 85' lang='grc' dir='ltr'><strong><em>ἐφαίνοντο</em></strong></span> <span class='ocrx_word' id='word_1_132' title='bbox 632 1872 763 1956; x_wconf 76' lang='grc' dir='ltr'><strong><em>βασιλέι</em></strong></span> <span class='ocrx_word' id='word_1_133' title='bbox 778 1865 899 1954; x_wconf 77' lang='grc' dir='ltr'><strong><em>ἄνδρες</em></strong></span> <span class='ocrx_word' id='word_1_134' title='bbox 914 1868 1026 1947; x_wconf 89' lang='grc' dir='ltr'><strong><em>ἐόντες</em></strong></span> <span class='ocrx_word' id='word_1_135' title='bbox 1038 1892 1157 1957; x_wconf 76' lang='grc' dir='ltr'><strong><em>χρησι·</em></strong></span> 
     </span>
     <span class='ocr_line' id='line_1_18' title="bbox 146 1969 300 2057; baseline 0 -20"><span class='ocrx_word' id='word_1_136' title='bbox 146 1969 300 2057; x_wconf 78' lang='grc' dir='ltr'><strong><em>μύυατοι.</em></strong></span> 
     </span>
    </p>

    <p class='ocr_par' dir='ltr' id='par_1_4' title="bbox 78 2071 1248 3380">
     <span class='ocr_line' id='line_1_19' title="bbox 78 2071 1160 2160; baseline -0.002 -18"><span class='ocrx_word' id='word_1_137' title='bbox 78 2089 129 2143; x_wconf 80' lang='grc'><strong><em>175</em></strong></span> <span class='ocrx_word' id='word_1_138' title='bbox 226 2081 272 2146; x_wconf 70' lang='lat' dir='ltr'><strong><em>Ol</em></strong></span> <span class='ocrx_word' id='word_1_139' title='bbox 283 2073 486 2160; x_wconf 73' lang='grc' dir='ltr'><strong><em>δέἝλληνες</em></strong></span> <span class='ocrx_word' id='word_1_140' title='bbox 501 2077 607 2143; x_wconf 89' lang='grc' dir='ltr'><strong><em>ἐπείτε</em></strong></span> <span class='ocrx_word' id='word_1_141' title='bbox 620 2072 762 2145; x_wconf 73' lang='grc' dir='ltr'><strong><em>ἀπίκατο</em></strong></span> <span class='ocrx_word' id='word_1_142' title='bbox 777 2077 809 2154; x_wconf 84' lang='grc' dir='ltr'><strong><em>ἐς</em></strong></span> <span class='ocrx_word' id='word_1_143' title='bbox 823 2073 884 2143; x_wconf 81' lang='grc' dir='ltr'><strong><em>τόν</em></strong></span> <span class='ocrx_word' id='word_1_144' title='bbox 892 2071 1041 2160; x_wconf 88' lang='grc' dir='ltr'><strong><em>Ἰσθμόν,</em></strong></span> <span class='ocrx_word' id='word_1_145' title='bbox 1055 2072 1160 2156; x_wconf 87' lang='grc' dir='ltr'><strong><em>ἐβου-</em></strong></span> 
     </span>
     <span class='ocr_line' id='line_1_20' title="bbox 147 2172 1248 2264; baseline -0.006 -19"><span class='ocrx_word' id='word_1_146' title='bbox 147 2176 286 2245; x_wconf 85' lang='grc' dir='ltr'><strong><em>λεύοντο</em></strong></span> <span class='ocrx_word' id='word_1_147' title='bbox 300 2172 385 2263; x_wconf 85' lang='grc' dir='ltr'><strong><em>πρός</em></strong></span> <span class='ocrx_word' id='word_1_148' title='bbox 398 2174 438 2242; x_wconf 81' lang='grc' dir='ltr'><strong><em>τὰ</em></strong></span> <span class='ocrx_word' id='word_1_149' title='bbox 452 2175 615 2262; x_wconf 77' lang='grc' dir='ltr'><strong><em>λεχθέντα</em></strong></span> <span class='ocrx_word' id='word_1_150' title='bbox 625 2174 898 2264; x_wconf 77' lang='grc' dir='ltr'><strong><em>ἐξἈλεξόνδρου,</em></strong></span> <span class='ocrx_word' id='word_1_151' title='bbox 912 2179 954 2264; x_wconf 77' lang='grc' dir='ltr'><strong><em>τῇ</em></strong></span> <span class='ocrx_word' id='word_1_152' title='bbox 967 2200 1003 2242; x_wconf 88' lang='grc' dir='ltr'><strong><em>τε</em></strong></span> <span class='ocrx_word' id='word_1_153' title='bbox 1012 2172 1160 2259; x_wconf 82' lang='grc' dir='ltr'><strong><em>στήσον·</em></strong></span> <span class='ocrx_word' id='word_1_154' title='bbox 1247 2217 1248 2220; x_wconf 57' lang='lat'><em>=</em></span> 
     </span>
     <span class='ocr_line' id='line_1_21' title="bbox 142 2271 1161 2365; baseline -0.005 -20"><span class='ocrx_word' id='word_1_155' title='bbox 142 2304 196 2347; x_wconf 92' lang='grc' dir='ltr'><strong><em>ται</em></strong></span> <span class='ocrx_word' id='word_1_156' title='bbox 202 2275 263 2345; x_wconf 87' lang='grc' dir='ltr'><strong><em>τόν</em></strong></span> <span class='ocrx_word' id='word_1_157' title='bbox 269 2276 418 2362; x_wconf 90' lang='grc' dir='ltr'><strong><em>πόλεμον</em></strong></span> <span class='ocrx_word' id='word_1_158' title='bbox 425 2276 630 2344; x_wconf 80' lang='grc' dir='ltr'><strong><em>καὶένοίοισι</em></strong></span> <span class='ocrx_word' id='word_1_159' title='bbox 638 2276 782 2365; x_wconf 75' lang='grc' dir='ltr'><strong><em>χώροισι.</em></strong></span> <span class='ocrx_word' id='word_1_160' title='bbox 797 2271 1161 2363; x_wconf 75' lang='grc' dir='ltr'><strong><em>ἡνικέουσαδέγναίμη</em></strong></span> 
     </span>
     <span class='ocr_line' id='line_1_22' title="bbox 144 2375 1160 2467; baseline -0.004 -20"><span class='ocrx_word' id='word_1_161' title='bbox 144 2380 274 2464; x_wconf 80' lang='grc' dir='ltr'><strong><em>ἐγένετο</em></strong></span> <span class='ocrx_word' id='word_1_162' title='bbox 291 2375 353 2463; x_wconf 79' lang='grc' dir='ltr'><strong><em>τὴν</em></strong></span> <span class='ocrx_word' id='word_1_163' title='bbox 372 2379 409 2444; x_wconf 83' lang='grc' dir='ltr'><strong><em>ἐν</em></strong></span> <span class='ocrx_word' id='word_1_164' title='bbox 427 2376 666 2467; x_wconf 79' lang='grc' dir='ltr'><strong><em>Θερμοπύλῃσι</em></strong></span> <span class='ocrx_word' id='word_1_165' title='bbox 685 2376 827 2465; x_wconf 75' lang='grc' dir='ltr'><strong><em>ἐσβολὴν</em></strong></span> <span class='ocrx_word' id='word_1_166' title='bbox 845 2377 998 2466; x_wconf 77' lang='grc' dir='ltr'><strong><em>φυλάξαι.</em></strong></span> <span class='ocrx_word' id='word_1_167' title='bbox 1026 2395 1160 2444; x_wconf 87' lang='grc' dir='ltr'><strong><em>στεινο-</em></strong></span> 
     </span>
     <span class='ocr_line' id='line_1_23' title="bbox 141 2475 1162 2570; baseline -0.007 -21"><span class='ocrx_word' id='word_1_168' title='bbox 141 2482 220 2570; x_wconf 83' lang='grc' dir='ltr'><strong><em>τέρη</em></strong></span> <span class='ocrx_word' id='word_1_169' title='bbox 237 2478 302 2567; x_wconf 79' lang='grc' dir='ltr'><strong><em>γὰρ</em></strong></span> <span class='ocrx_word' id='word_1_170' title='bbox 322 2481 474 2566; x_wconf 80' lang='grc' dir='ltr'><strong><em>ἐφαίνετο</em></strong></span> <span class='ocrx_word' id='word_1_171' title='bbox 490 2481 591 2546; x_wconf 82' lang='grc' dir='ltr'><strong><em>εὀὗσα</em></strong></span> <span class='ocrx_word' id='word_1_172' title='bbox 607 2485 666 2566; x_wconf 84' lang='grc' dir='ltr'><strong><em>τῆς</em></strong></span> <span class='ocrx_word' id='word_1_173' title='bbox 685 2483 718 2558; x_wconf 90' lang='grc' dir='ltr'><strong><em>ἐς</em></strong></span> <span class='ocrx_word' id='word_1_174' title='bbox 733 2485 920 2565; x_wconf 83' lang='grc' dir='ltr'><strong><em>Θεσσαλίην</em></strong></span> <span class='ocrx_word' id='word_1_175' title='bbox 934 2477 991 2546; x_wconf 81' lang='grc' dir='ltr'><strong><em>καὶ</em></strong></span> <span class='ocrx_word' id='word_1_176' title='bbox 1003 2475 1070 2563; x_wconf 78' lang='grc' dir='ltr'><strong><em>ἅμα</em></strong></span> <span class='ocrx_word' id='word_1_177' title='bbox 1082 2481 1162 2564; x_wconf 88' lang='grc' dir='ltr'><strong><em>μία,</em></strong></span> 
     </span>
     <span class='ocr_line' id='line_1_24' title="bbox 144 2574 1163 2670; baseline -0.006 -20"><span class='ocrx_word' id='word_1_178' title='bbox 144 2578 307 2670; x_wconf 80' lang='grc' dir='ltr'><strong><em>ἆγχοτέρη</em></strong></span> <span class='ocrx_word' id='word_1_179' title='bbox 321 2607 357 2647; x_wconf 89' lang='grc' dir='ltr'><strong><em>τε</em></strong></span> <span class='ocrx_word' id='word_1_180' title='bbox 370 2583 427 2667; x_wconf 78' lang='grc' dir='ltr'><strong><em>τῆς</em></strong></span> <span class='ocrx_word' id='word_1_181' title='bbox 443 2581 586 2649; x_wconf 74' lang='grc' dir='ltr'><strong><em>ἕωυτοῖν.</em></strong></span> <span class='ocrx_word' id='word_1_182' title='bbox 604 2579 667 2667; x_wconf 80' lang='grc' dir='ltr'><strong><em>την</em></strong></span> <span class='ocrx_word' id='word_1_183' title='bbox 680 2581 719 2648; x_wconf 74' lang='grc' dir='ltr'><strong><em>δὲ</em></strong></span> <span class='ocrx_word' id='word_1_184' title='bbox 733 2577 895 2668; x_wconf 74' lang='grc' dir='ltr'><strong><em>ἀτραπόν,</em></strong></span> <span class='ocrx_word' id='word_1_185' title='bbox 911 2575 956 2648; x_wconf 80' lang='grc' dir='ltr'><strong><em>δι’</em></strong></span> <span class='ocrx_word' id='word_1_186' title='bbox 969 2574 1163 2666; x_wconf 80' lang='grc' dir='ltr'><strong><em>ἣνῆλωσαν</em></strong></span> 
     </span>
     <span class='ocr_line' id='line_1_25' title="bbox 141 2660 1163 2773; baseline -0.006 -20"><span class='ocrx_word' id='word_1_187' title='bbox 141 2687 179 2753; x_wconf 87' lang='grc' dir='ltr'><strong><em>οί</em></strong></span> <span class='ocrx_word' id='word_1_188' title='bbox 206 2677 342 2760; x_wconf 75' lang='grc' dir='ltr'><strong><em>ἁλόντες</em></strong></span> <span class='ocrx_word' id='word_1_189' title='bbox 368 2678 537 2767; x_wconf 80' lang='grc' dir='ltr'><strong><em>Ἑλλήνων</em></strong></span> <span class='ocrx_word' id='word_1_190' title='bbox 569 2683 605 2749; x_wconf 83' lang='grc' dir='ltr'><strong><em>ἐν</em></strong></span> <span class='ocrx_word' id='word_1_191' title='bbox 631 2679 886 2773; x_wconf 78' lang='grc' dir='ltr'><strong><em>Θερμοπύλῃσι,</em></strong></span> <span class='ocrx_word' id='word_1_192' title='bbox 917 2660 1000 2750; x_wconf 77' lang='grc' dir='ltr'><strong><em>ούδέ</em></strong></span> <span class='ocrx_word' id='word_1_193' title='bbox 1029 2677 1163 2769; x_wconf 75' lang='grc' dir='ltr'><strong><em>ᾔδεσαν</em></strong></span> 
     </span>
     <span class='ocr_line' id='line_1_26' title="bbox 146 2779 1163 2872; baseline -0.004 -19"><span class='ocrx_word' id='word_1_194' title='bbox 146 2788 271 2854; x_wconf 84' lang='grc' dir='ltr'><strong><em>ἐοῦσαν</em></strong></span> <span class='ocrx_word' id='word_1_195' title='bbox 284 2781 449 2871; x_wconf 88' lang='grc' dir='ltr'><strong><em>πρότερον</em></strong></span> <span class='ocrx_word' id='word_1_196' title='bbox 465 2781 552 2870; x_wconf 81' lang='grc' dir='ltr'><strong><em>ἥπερ</em></strong></span> <span class='ocrx_word' id='word_1_197' title='bbox 566 2779 764 2872; x_wconf 79' lang='grc' dir='ltr'><strong><em>ἀπικόμενοι</em></strong></span> <span class='ocrx_word' id='word_1_198' title='bbox 782 2787 815 2863; x_wconf 84' lang='grc' dir='ltr'><strong><em>ἐς</em></strong></span> <span class='ocrx_word' id='word_1_199' title='bbox 830 2781 1051 2872; x_wconf 85' lang='grc' dir='ltr'><strong><em>Θερμοπύλας</em></strong></span> <span class='ocrx_word' id='word_1_200' title='bbox 1071 2780 1163 2850; x_wconf 84' lang='grc' dir='ltr'><strong><em>ἐπύ-</em></strong></span> 
     </span>
     <span class='ocr_line' id='line_1_27' title="bbox 143 2877 1164 2973; baseline -0.005 -18"><span class='ocrx_word' id='word_1_201' title='bbox 143 2895 247 2955; x_wconf 87' lang='grc' dir='ltr'><strong><em>θοντο</em></strong></span> <span class='ocrx_word' id='word_1_202' title='bbox 262 2890 457 2972; x_wconf 83' lang='grc' dir='ltr'><strong><em>Τρηχινίων.</em></strong></span> <span class='ocrx_word' id='word_1_203' title='bbox 476 2883 601 2971; x_wconf 89' lang='grc' dir='ltr'><strong><em>ταύτην</em></strong></span> <span class='ocrx_word' id='word_1_204' title='bbox 612 2877 661 2954; x_wconf 75' lang='grc' dir='ltr'><strong><em>οἶν</em></strong></span> <span class='ocrx_word' id='word_1_205' title='bbox 672 2884 915 2973; x_wconf 85' lang='grc' dir='ltr'><strong><em>ἐβουλεύσαντο</em></strong></span> <span class='ocrx_word' id='word_1_206' title='bbox 925 2882 1164 2973; x_wconf 79' lang='grc' dir='ltr'><strong><em>φυλάσσοντες</em></strong></span> 
     </span>
     <span class='ocr_line' id='line_1_28' title="bbox 144 2983 1163 3076; baseline -0.004 -19"><span class='ocrx_word' id='word_1_207' title='bbox 144 2986 207 3076; x_wconf 72' lang='grc' dir='ltr'><strong><em>τὴν</em></strong></span> <span class='ocrx_word' id='word_1_208' title='bbox 226 2985 370 3072; x_wconf 72' lang='grc' dir='ltr'><strong><em>ἐσβολήν</em></strong></span> <span class='ocrx_word' id='word_1_209' title='bbox 387 2983 431 3074; x_wconf 77' lang='grc' dir='ltr'><em>μή</em></span> <span class='ocrx_word' id='word_1_210' title='bbox 450 2986 606 3074; x_wconf 80' lang='grc' dir='ltr'><strong><em>παριέναι</em></strong></span> <span class='ocrx_word' id='word_1_211' title='bbox 623 2989 656 3067; x_wconf 91' lang='grc' dir='ltr'><strong><em>ἐς</em></strong></span> <span class='ocrx_word' id='word_1_212' title='bbox 673 2985 886 3074; x_wconf 76' lang='grc' dir='ltr'><strong><em>τὴνἙλλάδα</em></strong></span> <span class='ocrx_word' id='word_1_213' title='bbox 899 2984 957 3054; x_wconf 84' lang='grc' dir='ltr'><strong><em>τόν</em></strong></span> <span class='ocrx_word' id='word_1_214' title='bbox 974 2984 1163 3074; x_wconf 77' lang='grc' dir='ltr'><strong><em>βάρβαρον,</em></strong></span> 
     </span>
     <span class='ocr_line' id='line_1_29' title="bbox 144 3079 1164 3176; baseline -0.006 -17"><span class='ocrx_word' id='word_1_215' title='bbox 144 3090 207 3159; x_wconf 87' lang='grc' dir='ltr'><strong><em>τόν</em></strong></span> <span class='ocrx_word' id='word_1_216' title='bbox 231 3087 269 3156; x_wconf 72' lang='grc' dir='ltr'><strong><em>δὲ</em></strong></span> <span class='ocrx_word' id='word_1_217' title='bbox 286 3085 448 3156; x_wconf 86' lang='grc' dir='ltr'><strong><em>ναυτικόν</em></strong></span> <span class='ocrx_word' id='word_1_218' title='bbox 472 3087 616 3175; x_wconf 84' lang='grc' dir='ltr'><strong><em>στρατόν</em></strong></span> <span class='ocrx_word' id='word_1_219' title='bbox 638 3088 762 3158; x_wconf 83' lang='grc' dir='ltr'><strong><em>πλεόειν</em></strong></span> <span class='ocrx_word' id='word_1_220' title='bbox 785 3095 846 3176; x_wconf 79' lang='grc' dir='ltr'><strong><em>γῆς</em></strong></span> <span class='ocrx_word' id='word_1_221' title='bbox 864 3091 921 3174; x_wconf 76' lang='grc' dir='ltr'><strong><em>τῆς</em></strong></span> <span class='ocrx_word' id='word_1_222' title='bbox 935 3079 1164 3175; x_wconf 75' lang='grc' dir='ltr'><strong><em>Ἰστιαιήτιδος</em></strong></span> 
     </span>
     <span class='ocr_line' id='line_1_30' title="bbox 146 3187 1163 3278; baseline -0.004 -18"><span class='ocrx_word' id='word_1_223' title='bbox 146 3190 201 3260; x_wconf 82' lang='grc' dir='ltr'><strong><em>ἐπὶ</em></strong></span> <span class='ocrx_word' id='word_1_224' title='bbox 211 3187 424 3278; x_wconf 89' lang='grc' dir='ltr'><strong><em>Ἀρτεμίσιον.</em></strong></span> <span class='ocrx_word' id='word_1_225' title='bbox 443 3195 549 3258; x_wconf 76' lang='grc' dir='ltr'><strong><em>ταῦτα</em></strong></span> <span class='ocrx_word' id='word_1_226' title='bbox 562 3189 628 3278; x_wconf 78' lang='grc' dir='ltr'><strong><em>γδρ</em></strong></span> <span class='ocrx_word' id='word_1_227' title='bbox 643 3188 750 3278; x_wconf 57' lang='lat' dir='ltr'><strong><em>mod</em></strong></span> <span class='ocrx_word' id='word_1_228' title='bbox 763 3217 799 3259; x_wconf 93' lang='grc' dir='ltr'><strong><em>τε</em></strong></span> <span class='ocrx_word' id='word_1_229' title='bbox 809 3187 965 3277; x_wconf 79' lang='grc' dir='ltr'><strong><em>ἀλλήλων</em></strong></span> <span class='ocrx_word' id='word_1_230' title='bbox 977 3188 1056 3275; x_wconf 81' lang='grc' dir='ltr'><strong><em>ἐστὶ,</em></strong></span> <span class='ocrx_word' id='word_1_231' title='bbox 1073 3187 1163 3257; x_wconf 80' lang='grc' dir='ltr'><strong><em>ὥστε</em></strong></span> 
     </span>
     <span class='ocr_line' id='line_1_31' title="bbox 144 3287 1163 3380; baseline 0 -22"><span class='ocrx_word' id='word_1_232' title='bbox 144 3289 384 3359; x_wconf 80' lang='grc' dir='ltr'><strong><em>πυνθάνεσθαι</em></strong></span> <span class='ocrx_word' id='word_1_233' title='bbox 396 3289 436 3358; x_wconf 78' lang='grc' dir='ltr'><strong><em>τό</em></strong></span> <span class='ocrx_word' id='word_1_234' title='bbox 456 3289 529 3357; x_wconf 92' lang='grc' dir='ltr'><strong><em>κατ’</em></strong></span> <span class='ocrx_word' id='word_1_235' title='bbox 552 3292 727 3380; x_wconf 80' lang='grc' dir='ltr'><strong><em>ἑκατέρους</em></strong></span> <span class='ocrx_word' id='word_1_236' title='bbox 746 3290 855 3379; x_wconf 88' lang='grc' dir='ltr'><strong><em>ἐόντα,</em></strong></span> <span class='ocrx_word' id='word_1_237' title='bbox 874 3296 909 3360; x_wconf 84' lang='grc' dir='ltr'><strong><em>οἵ</em></strong></span> <span class='ocrx_word' id='word_1_238' title='bbox 923 3319 959 3360; x_wconf 91' lang='grc' dir='ltr'><strong><em>τε</em></strong></span> <span class='ocrx_word' id='word_1_239' title='bbox 975 3297 1077 3379; x_wconf 79' lang='grc' dir='ltr'><strong><em>χῶροι</em></strong></span> <span class='ocrx_word' id='word_1_240' title='bbox 1096 3287 1163 3358; x_wconf 81' lang='grc' dir='ltr'><strong><em>ού-</em></strong></span> 
     </span>
    </p>

    <p class='ocr_par' dir='ltr' id='par_1_5' title="bbox 78 3388 1164 3583">
     <span class='ocr_line' id='line_1_32' title="bbox 78 3388 1164 3483; baseline -0.004 -21"><span class='ocrx_word' id='word_1_241' title='bbox 78 3408 128 3462; x_wconf 81' lang='grc'><strong><em>176</em></strong></span> <span class='ocrx_word' id='word_1_242' title='bbox 144 3418 190 3460; x_wconf 87' lang='grc' dir='ltr'><strong><em>τω</em></strong></span> <span class='ocrx_word' id='word_1_243' title='bbox 209 3396 337 3478; x_wconf 79' lang='grc' dir='ltr'><strong><em>ἔχουσι·</em></strong></span> <span class='ocrx_word' id='word_1_244' title='bbox 368 3394 476 3460; x_wconf 83' lang='grc' dir='ltr'><strong><em>Τούτο</em></strong></span> <span class='ocrx_word' id='word_1_245' title='bbox 493 3391 567 3480; x_wconf 72' lang='grc' dir='ltr'><strong><em>μὲν,</em></strong></span> <span class='ocrx_word' id='word_1_246' title='bbox 584 3392 622 3460; x_wconf 84' lang='grc' dir='ltr'><strong><em>τό</em></strong></span> <span class='ocrx_word' id='word_1_247' title='bbox 640 3388 855 3483; x_wconf 72' lang='grc' dir='ltr'><strong><em>Ἀρτεμίσιον,</em></strong></span> <span class='ocrx_word' id='word_1_248' title='bbox 875 3396 910 3462; x_wconf 86' lang='grc' dir='ltr'><strong><em>ἐκ</em></strong></span> <span class='ocrx_word' id='word_1_249' title='bbox 923 3396 983 3461; x_wconf 84' lang='grc' dir='ltr'><strong><em>τοῦ</em></strong></span> <span class='ocrx_word' id='word_1_250' title='bbox 998 3390 1164 3477; x_wconf 74' lang='grc' dir='ltr'><strong><em>πελάγεος</em></strong></span> 
     </span>
     <span class='ocr_line' id='line_1_33' title="bbox 147 3488 1164 3583; baseline 0 -24"><span class='ocrx_word' id='word_1_251' title='bbox 147 3496 208 3560; x_wconf 84' lang='grc' dir='ltr'><strong><em>τού</em></strong></span> <span class='ocrx_word' id='word_1_252' title='bbox 224 3497 385 3579; x_wconf 85' lang='grc' dir='ltr'><strong><em>Θρηικίου</em></strong></span> <span class='ocrx_word' id='word_1_253' title='bbox 405 3495 437 3574; x_wconf 77' lang='grc' dir='ltr'><strong><em>ἐξ</em></strong></span> <span class='ocrx_word' id='word_1_254' title='bbox 456 3488 579 3583; x_wconf 83' lang='grc' dir='ltr'><strong><em>εύρέος</em></strong></span> <span class='ocrx_word' id='word_1_255' title='bbox 587 3493 767 3582; x_wconf 79' lang='grc' dir='ltr'><strong><em>συνάγεται</em></strong></span> <span class='ocrx_word' id='word_1_256' title='bbox 786 3498 818 3576; x_wconf 83' lang='grc' dir='ltr'><strong><em>ἐς</em></strong></span> <span class='ocrx_word' id='word_1_257' title='bbox 837 3493 967 3564; x_wconf 84' lang='grc' dir='ltr'><strong><em>στεινόν</em></strong></span> <span class='ocrx_word' id='word_1_258' title='bbox 986 3492 1085 3563; x_wconf 79' lang='grc' dir='ltr'><strong><em>ἐόντα</em></strong></span> <span class='ocrx_word' id='word_1_259' title='bbox 1100 3490 1164 3561; x_wconf 85' lang='grc' dir='ltr'><strong><em>τόν</em></strong></span> 
     </span>
    </p>
   </div>
   <div class='ocr_carea' id='block_1_3' title="bbox 0 0 1254 3925">
    <p class='ocr_par' dir='ltr' id='par_1_6' title="bbox 0 0 1254 3925">
     <span class='ocr_line' id='line_1_34' title="bbox 0 0 1254 3925; baseline 0 0"><span class='ocrx_word' id='word_1_260' title='bbox 0 0 1254 3925; x_wconf 95' lang='lat' dir='ltr'><strong><em> </em></strong></span> 
     </span>
    </p>
   </div>
  </div>
 </body>
</html>
