2500 3925
331 261 416 316 ΗΒ.
441 259 486 314 IIL
517 256 616 315 cn.
648 258 790 316 40—45.
1007 250 1069 315 265

80 425 212 501 ρίσκουσι
230 420 269 487 ἐν
282 424 324 507 τῇ
337 417 439 504 νηδύι
454 411 560 483 αύτοῦ
575 417 739 484 ἐνεοῦσαν
759 412 822 503 τήν
834 414 1070 499 Πολυκράτεος

79 520 237 602 σφρηγῖδα.
269 513 315 595 ὡς
335 517 373 584 δὲ
390 514 482 583 εἶδόν
500 516 609 583 τεκαὶ
626 520 750 602 ἔλαβον
769 514 923 601 τάχιστα,
945 520 1069 635 ἐφερρν

78 615 279 702 κεχαρηκότες
297 612 390 700 παρά
404 612 466 683 τὸν
478 614 716 700 Πολυκράτεα,
739 614 890 737 διδόντες
911 618 951 682 δέ
962 611 1042 682 oc
1007 639 1070 701 την

77 718 230 801 σφρηγῖδα
239 710 412 801 ἔλεγον
391 740 475 804 οτεω
484 738 599 805 τροπῳ
610 710 746 801 ευρέθη
768 712 829 782 τὸν
843 711 914 782 δδ
892 740 938 793 ως
948 716 1071 800 ἐσηλδε

78 824 155 881 θεῖον
175 810 319 881 εἶναι
284 839 322 881 το
344 820 497 903 πρῆγμα,
517 819 643 900 γράφει
667 816 700 893 ἐς
720 821 854 903 βιβλίον
878 816 1006 901 πάντα,
1029 801 1070 881 τά

76 911 248 999 ποιήσαντά
262 937 321 999 μιν
338 907 392 980 ola
413 914 695 1001 καταλελαβήκεε,
717 914 850 1001 γράιβας
863 916 901 983 δέ
914 919 948 994 ἐς
961 923 1071 998 Λίγυ-

77 1036 144 1080 τιον
160 1013 316 1097 ἐπέθηκε.
357 1008 609 1096 Ἐπιλεξάμενος
631 1008 702 1078 δέ
687 1039 706 1081 ο
724 1009 862 1099 ’Ἀμασις
882 1039 919 1080 το
908 1010 1070 1100 βιβλίον
1083 1028 1118 1085 4³

76 1109 99 1177 6
118 1108 210 1199 παρὰ
229 1137 293 1180 του
278 1103 580 1198 Πολυκράτεος
557 1135 660 1197 ηκον,
684 1108 852 1197 ἐμαδε”
831 1138 882 1179 οτι
897 1114 1069 1196 ἐκκομίσαι

76 1237 98 1277 τε
110 1209 284 1280 ἀδύνατον
304 1221 355 1305 εἴη
369 1208 542 1302 ιἰνδράπω
563 1211 751 1293 άνδρωπον
766 1213 802 1279 ἐκ
815 1236 876 1278 του
862 1213 1069 1298 μέλλοντος

75 1317 216 1393 γίνεσθαι
233 1309 443 1398 πρήγματος,
464 1308 555 1379 καλ”
534 1335 586 1377 οτι
600 1306 665 1377 οὐκ
679 1334 718 1376 ευ
706 1303 940 1431 ζτελευτήσειν
953 1312 1069 1396 μέλλοι

75 1409 282 1496 Πολυκράτης
303 1406 469 1495 εὐτυχέων
489 1406 531 1477 τά
549 1409 678 1495 πάντα,
701 1404 738 1488 ὃς
757 1411 813 1477 καί
832 1435 873 1476 τα
861 1407 1070 1496 ἀποβάλλει

74 1506 123 1593 εὑρ
124 1513 219 1576 ίσιιει.
252 1509 384 1594 πέμψας
405 1511 446 1576 δέ
462 1513 497 1576 oc
516 1508 649 1595 κήρυκα
676 1508 710 1586 ἐς
729 1508 850 1595 Σάμον
870 1508 1071 1578 διαλύεσθαι

74 1612 127 1693 ἔφη
139 1603 202 1694 τήν
218 1611 353 1693 ξεινίην.
380 1613 480 1677 τούδε
495 1609 532 1677 δέ
546 1612 677 1677 εἵνεκεν
689 1616 794 1678 ταῦτα
809 1610 934 1696 ἐποίεε,
951 1604 1068 1697 ἵναμή

74 1712 241 1793 συντυχίης
262 1710 375 1830 δεινής
393 1733 429 1775 τε
448 1711 503 1777 καλ
523 1709 670 1795 μεγάλης
684 1710 904 1794 Πολυκράτεα
924 1716 1070 1775 καταλα-

74 1803 187 1906 βούσης
205 1802 309 1885 αύτός
329 1804 485 1893 ἀλγήσειε
505 1806 569 1894 τήν
588 1804 701 1893 ψυχήν
723 1804 767 1885 ὡς
782 1810 858 1893 περὶ
879 1800 1025 1885 ξείνου’
1005 1829 1069 1870 αν-

74 1898 152 2028 δρός.
190 1901 263 1973 Ἐπὶ
283 1912 405 1974 τούτου
419 1899 510 1994 δή
482 1932 533 1976 ων
547 1904 609 1976 τδυ
624 1906 848 1994 Πολυκράτεα
871 1900 1069 1990 εὐτυχέοντα
1083 1925 1116 1981 41

74 2005 108 2075 τά
122 2007 229 2076 πάντα
244 2009 484 2095 ἐστρατεύοντο
500 2009 762 2095 Λακεδαιμόνιοι
780 2006 1070 2090 ἐπικαλεσαμένων

73 2117 133 2177 τῶν
153 2105 235 2196 μετά
261 2116 366 2177 ταῦτα
385 2114 567 2196 Κυδωνίην
592 2107 657 2196 τήν
681 2111 718 2176 ἐν
743 2105 859 2194 Κρήτη
884 2103 1069 2172 κτισάντων

75 2218 213 2296 Σαμίων.
257 2210 477 2298 Πολυκράτης
497 2213 535 2279 δδ
554 2213 686 2297 πέμψας
702 2204 792 2294 παρά
810 2205 999 2294 Καμβύσην
1008 2202 1070 2273 τὸν

74 2309 183 2395 Κύρου
196 2313 401 2396 συλλέγοντα
415 2306 560 2397 στρατδν
573 2305 627 2377 ἐπ’
640 2317 816 2394 Αἴγυπτον
826 2302 966 2391 ἐδεήθη,
982 2301 1069 2382 ὅκως

75 2408 112 2479 διν
130 2416 184 2480 καὶ
205 2409 286 2496 παρ’
310 2409 437 2480 ἑωυτὸν
453 2416 585 2497 πέμψας
605 2411 639 2487 ἐς
653 2408 774 2495 Σάμον
790 2406 897 2474 δέοιτο
912 2409 1066 2488 στρατοῦ.

76 2510 249 2598 Καμβύσης
278 2510 315 2578 δὲ
339 2508 487 2589 άκούσας
515 2508 648 2577 τούτων
674 2505 860 2593 προθύμως
886 2509 1022 2623 ἐπεχιπε
1036 2502 1069 2579 ἐς

76 2609 199 2696 Σάμον,
218 2607 380 2732 βεόμενος
397 2607 634 2692 Πολυκράτεος
653 2603 797 2692 στρατὸν
817 2598 979 2670 ναυτικὸν
999 2597 1068 2684 ἅμα

77 2714 189 2793 πέμψαι
210 2711 324 2776 ἑωυτω
345 2705 399 2776 ἐπ’
415 2717 599 2795 Αίγυπτον.
623 2704 696 2774 δδὲ
680 2707 858 2786 ὲέπιλέξας
871 2710 940 2771 τῶν
956 2698 1068 2768 ἀστῶν

78 2806 145 2886 τούς
159 2807 332 2877 ύπόπτευε
349 2808 492 2894 μάλιστα
513 2811 547 2886 ἐς
563 2807 791 2875 ἐπανάστασιν
805 2801 977 2890 άπέπεμπε
992 2818 1069 2869 τεσ-

78 2907 250 2991 σεράκοντα
264 2905 430 2994 τριήρεσι,
447 2907 678 2994 ἐντειλάμενος
689 2905 856 2994 Καμβύση
869 2902 974 2973 ὀπίσω
988 2898 1070 2968 τού-

78 3029 144 3083 τους
156 3001 200 3092 μή
217 3000 436 3091 ἀποπέμπειν.
482 3010 526 3074 06
537 3006 600 3092 μὲν
614 3003 655 3092 δή
674 3007 809 3092 λέγουσι
824 3002 904 3083 τούς
918 3000 1070 3085 άποπεμ-
1083 3024 1117 3078 45

78 3106 213 3186 φδένιας
234 3111 375 3191 Σαμίων
395 3101 462 3172 ὑπὸ
482 3105 719 3190 Πολυκράτεος
744 3101 808 3172 ούκ
830 3099 1011 3170 ἀπικέσθαι
1037 3097 1070 3174 ές

79 3211 255 3289 Αἴγυπτον,
278 3199 353 3270 ἄλλ’
376 3203 485 3271 ἐπείτε
512 3205 667 3289 έγένουτο
688 3206 727 3272 έν
743 3201 919 3291 Καρπάθῳ
935 3193 1070 3264 πλάον-

79 3324 136 3384 τες,
156 3304 275 3367 δοῦναι
291 3305 387 3385 σφίσι
403 3300 523 3387 λόγον,
544 3310 603 3369 καί
620 3323 682 3387 σφι
699 3298 794 3369 ἆδείν
815 3295 853 3366 τὸ
869 3296 1070 3382 προσωτέρω

79 3404 178 3486 κηκέτι
193 3401 340 3469 πλώειν·
366 3403 401 3469 oc
412 3399 449 3468 δέ
464 3401 601 3487 λέγουσι
620 3398 846 3484 ἀπικομένους
860 3421 897 3463 τε
914 3399 946 3472 ἐς
962 3402 1066 3478 Λίγυ-

40 3512 42 3517 ’
79 3522 149 3567 τιον
170 3502 225 3569 καὶ
247 3500 526 3588 φυλασσομένους
547 3502 710 3578 ἐνθεῦτεν
731 3489 854 3569 αύτούς
871 3489 1067 3572 65:0696660.
