2500 3925
403 258 488 313 LIB.
514 256 560 311 IV.
590 254 690 311 cAP.
720 258 896 316 195-200.
1088 254 1153 317 379

152 412 169 503 ἡ
185 414 295 504 Λιβύη
310 418 475 499 σπουδαίη
494 411 577 481 ὥστε
593 406 718 500 η”Ασίη
732 406 915 501 ἢΕύρόπη
929 421 1152 503 παραβληθῇ·

151 542 222 601 ναι,
244 510 332 600 πλὴν
347 519 498 591 Κίνυπος
511 510 657 599 μούνης·
678 508 716 579 τό
736 508 801 597 γάρ
819 510 859 598 δη
880 510 962 582 αύτό
980 512 1110 600 οὔνομα
1129 512 1150 603 ἡ

151 622 191 701 γῆ
205 619 251 703 τῷ
268 619 405 702 ποταμῷ
422 618 496 699 ἔχει.
520 610 604 699 αύτη
620 615 656 679 δὲ
674 608 772 698 ὁμοίη
788 618 828 699 τῇ
842 609 959 702 ἀρίστῃ
977 620 1063 699 γεῦν
1077 615 1152 701 Δη’·

25 738 26 763 1
151 734 272 798 μητρος
283 707 414 797 καρπὸν
426 712 591 797 ἐκφέρειν,
600 707 679 777 οὐδὲ
692 708 762 777 οίκε
774 701 875 779 ούδὲν
884 719 924 799 τῇ
935 710 1151 802 ἀλληΛιβύη·

151 808 351 896 μελάγγαιός
372 834 407 877 τε
426 808 492 897 γάρ
514 812 583 877 ἐστι
603 812 660 877 καί
678 813 822 897 ἔπυδρος
842 815 971 899 πίδαξι,
998 816 1054 881 καὶ
1075 810 1153 881 ούτε

152 905 281 995 αὐχμοῦ
304 914 528 996 φροντίζουσα
551 905 653 977 οὐδέν
673 906 752 976 οὔτε
772 907 901 997 ὄμβρον
919 914 1009 979 πλέω
1028 917 1153 979 πιοῦσα

152 1008 344 1097 δεδήληται·
365 1006 459 1077 ύεται
473 1006 538 1095 γάρ
554 1007 594 1095 δὴ
609 1016 714 1077 ταῦτα
728 1016 785 1095 τῆς
795 1010 941 1099 Λιβύης·
961 1018 1030 1080 τῶν
1044 1014 1081 1081 δὲ
1097 1014 1154 1081 έκ-

153 1116 282 1195 φορίων
298 1114 360 1176 τοῦ
374 1114 506 1193 καρποῦ
518 1104 622 1175 ταύτά
636 1112 739 1195 μέτρα
751 1115 791 1196 τῇ
801 1115 1003 1199 Βαβυλωνίη
1016 1118 1059 1200 γῇ
1073 1137 1154 1179 κατ·

153 1216 288 1277 ίσταται.
317 1204 431 1295 ἀγαθὴ
453 1207 489 1275 δὲ
508 1214 551 1293 γη
578 1204 716 1293 κοίτην
735 1204 957 1293 Εὐεσπερῖται
978 1210 1153 1295 νέμονται·

153 1305 204 1377 ἐπ’
229 1305 387 1377 ἑκατοστὰ
407 1302 490 1393 γάρ,
512 1303 614 1373 έπεάν
637 1304 721 1395 κύτη
748 1309 872 1394 ἑωυτῆς
894 1305 1013 1393 ἀρίστα
1033 1310 1154 1396 ένείκη,

147 1410 302 1494 ἐκφέρει,
324 1403 344 1495 ἡ
361 1406 397 1473 δὲ
414 1408 451 1473 έν
466 1412 506 1494 τῇ
520 1412 649 1474 Κίνυπι
664 1408 717 1473 ἐπὶ
729 1404 913 1492 τριηκόσια.
947 1405 1036 1492 Ἔχει
1050 1411 1086 1475 δὲ
1102 1411 1157 1476 καί
1175 1423 1224 1478 199

153 1504 361 1595 ἡΚυρηναίη
375 1503 484 1592 χύρη,
500 1506 602 1572 ἐοῦσα
612 1502 805 1590 ὑψηλοτάτη
815 1504 937 1590 ταύτης
947 1512 1005 1590 τῆς
1014 1506 1155 1593 Λιβύης,

154 1605 214 1693 τὴν
242 1610 276 1674 οἷ
294 1605 437 1691 νομάδες
457 1604 633 1689 νέμονται,
655 1617 742 1689 τρεῖς
766 1600 854 1690 ω’ρας
880 1606 917 1670 έν
936 1605 1043 1693 ἑωυτῇ
1064 1603 1157 1685 ἀξίας

153 1706 317 1795 θύματος.
365 1710 479 1790 πρῶτα
494 1703 556 1789 μὲν
570 1698 636 1789 γάρ
657 1698 697 1769 τά
710 1700 973 1788 ,παραθαλάσσια
987 1709 1056 1770 τῶν
1072 1730 1157 1790 καρ-

155 1812 228 1873 πῶν
251 1804 335 1893 ὀργᾷ
357 1802 512 1890 ἀμᾶσβαί
529 1827 564 1869 τε
585 1802 642 1868 καὶ
665 1806 873 1886 τρυγᾶσθαι·
901 1798 1033 1867 τούτων
1054 1827 1089 1868 τε
1114 1799 1155 1888 δη

154 1904 470 1990 συγκεκομισμένων
486 1896 527 1968 τά
543 1897 629 1987 ὑπὲρ
649 1906 717 1968 τῶν
733 1902 962 1968 θαλασσιδίων
982 1899 1101 1988 ηόρων
1114 1898 1156 1969 τά

155 2003 237 2089 μέσα
252 2001 336 2092 ὀργᾷ
351 2005 628 2088 συγκομίζεσθαι,
649 1996 690 2066 τά
704 1995 853 2087 βουνούς
866 1999 1040 2066 καλέουσι·
1073 2018 1158 2086 συγ·

155 2100 404 2187 κεκόμισταίτε
425 2091 524 2178 οὗτος
545 2095 563 2166 ὁ
585 2101 685 2184 μέσος
705 2094 833 2184 καρπός
853 2099 909 2165 καὶ
930 2093 948 2166 ὁ
970 2099 1009 2166 ἐν
1023 2104 1063 2188 τῇ
1077 2125 1159 2172 κατ-

157 2199 323 2289 υπερτάτη
336 2206 393 2286 τῆς
407 2206 468 2286 γῆς
488 2203 686 2266 πεπαίνεταί
702 2223 738 2264 τε
759 2199 814 2264 καὶ
834 2194 936 2287 ὀργᾷ,
960 2195 1045 2265 ὥστε
1060 2200 1159 2267 ἐκπέ-

25 2297 26 2300 '
154 2305 255 2366 ποταί
275 2323 311 2366 τε
335 2299 390 2365 καλ
420 2299 670 2385 καταβέβρωται
700 2295 718 2362 ό
743 2301 875 2383 πρῶτος
901 2293 1029 2383 καρπός
1056 2297 1112 2363 καλ
1139 2291 1157 2361 ό

155 2407 340 2476 τελευταῖος
355 2404 651 2484 συμπαραγίνεται.
679 2395 768 2464 ούτω
790 2393 842 2464 ἐπ’
858 2394 946 2471 ὀκτοὶ
963 2404 1071 2483 μῆνας
1085 2405 1159 2466 Κυ-

155 2503 316 2584 ρηναίους
341 2493 456 2583 όποίρη
473 2497 598 2582 έπίχει.
633 2502 736 2563 ταῦτα
761 2499 823 2582 μέν
848 2521 914 2564 νυν
940 2496 994 2563 ἐπὶ
1018 2501 1157 2564 τοσοῦτο

156 2592 314 2681 εἰρήσθω.

242 2695 286 2758 Οί
309 2689 345 2758 δὲ
371 2695 552 2777 Φερετίμης
576 2692 716 2777 τιμωροὶ
736 2693 865 2774 Πέρσαι
903 2689 1009 2756 ἐπείτε
1040 2694 1077 2757 ἐκ
1101 2697 1159 2777 τῆς
1175 2706 1225 2761 λοι·

24 2806 25 2827 ¹
94 2781 97 2792 ⁴
126 2861 131 2868 ,
156 2789 332 2877 Αἰγύπτου
347 2791 519 2868 σταλέντες
534 2787 600 2858 ὑπὸ
616 2798 678 2858 τοῦ
689 2789 879 2878 Ἀρυάνδεω
894 2789 1034 2862 ἀπίκατο
1049 2794 1082 2872 ἐς
1095 2789 1158 2881 τὴν

155 2891 309 2978 Βάρκην,
332 2889 548 2976 ἐπολιόρκεον
568 2888 630 2976 τὴν
656 2890 772 2975 πόλιν,
800 2889 1078 2978 ἐπαγγελλόμενοι
1102 2893 1159 2958 ἐκ·

156 2989 289 3056 διδόναι
303 2985 383 3066 τούς
403 2993 528 3068 αἰτίους
555 2997 616 3057 τοῦ
638 2991 750 3076 φόνου
771 2997 832 3058 τοῦ
849 2988 1058 3076 Ἀρκεσίλεω·
1089 2996 1158 3057 τῶν

154 3089 193 3158 δὲ
207 3094 276 3155 πᾶν
290 3085 355 3173 γάρ
369 3081 413 3178 ἦν
427 3087 465 3155 τό
480 3095 610 3175 πλῆθος
624 3096 809 3175 μεταίτιον,
830 3087 893 3156 ούκ
911 3090 1062 3156 ἐδέκοντο
1078 3086 1159 3167 τούς

24 3192 26 3280 ξ
153 3187 287 3272 λόγους.
312 3188 461 3255 ἐνθαῦτα
476 3190 511 3255 δὲ
526 3187 743 3274 ἐπολιόρκεον
755 3186 818 3275 την
831 3185 969 3270 Βάρκην
983 3188 1037 3253 ἐπὶ
1049 3193 1157 3273 μηνας

25 3299 26 3308 ’
153 3289 272 3370 ἐννέα,
300 3280 499 3372 ὀρύσσοντίς
521 3312 556 3353 τε
579 3283 752 3374 ὀρύγματα
779 3282 924 3370 ὑπόγαια
950 3288 1096 3372 φέροντα
1124 3286 1157 3362 ές

155 3381 192 3451 τὸ
210 3397 331 3468 τεῖχος,
353 3385 408 3452 καί
422 3381 611 3472 προσβολάς
628 3381 791 3470 καρτεράς
806 3382 1010 3464 ποιεύμενοι.
1037 3380 1078 3450 τά
1094 3387 1156 3470 μέν

153 3508 223 3550 νυν
248 3478 418 3568 ὀρύγματα
441 3480 526 3569 ἀνὴρ
547 3483 687 3568 χαλκεύς
704 3481 826 3563 ἀνεῦρε
845 3479 1009 3566 ἐπιχάλκω
1030 3477 1140 3549 ἀσπίδ’·
