2500 3925
238 209 241 215 ¹
355 247 444 307 ιιιι.
476 245 510 303 V.
544 244 643 305 σει».
675 251 819 331 ειῑ-εε
1053 241 1094 312 17

83 430 148 491 μον
169 410 300 495 βασιλέϊ
318 413 386 474 των
399 404 557 491 Περσέων
581 399 816 491 ἀναιρέεσθαι,
837 408 1031 494 καταλέγων
1051 410 1094 477 τά

82 527 118 570 τε
139 506 243 572 ἐθνεα
261 504 390 595 πάντα,
408 509 476 571 τόν
497 494 577 589 ἦρχε
598 512 761 589 Δαρεῖος,
786 507 843 573 καλ
863 503 927 592 τὴν
946 506 1094 593 δύναμιν

82 601 206 690 αὐτοῦ,
237 604 345 673 ἐπείτε
379 600 418 670 δὲ
452 599 515 671 οόκ
544 606 676 687 ἐπενθε,
703 601 844 689 δεότερα
865 605 1095 693 συνεβούλευε

82 701 227 788 ποιέειν,
245 700 331 780 ὅκως
344 702 547 788 ναυκρατέες
560 706 619 786 τῆς
631 700 807 787 θαλάσσης
821 707 962 771 ἔσονται.
986 701 1094 782 άλλως

82 801 145 886 μέν
165 825 231 867 νυν
253 798 408 888 οὐδαμῶς
430 805 494 887 ἐφη
520 802 630 886 λέγων
653 801 777 885 ἐνορᾶν
804 800 968 888 ἐσόμενον
992 810 1093 872 τοῦτο

85 899 299 968 ’ἐπίστασθαι
323 895 389 985 γάρ
417 895 479 984 τὴν
505 897 652 983 δύναμιν
675 895 738 982 τὴν
765 904 945 985 Μιλησίων
969 902 1094 982 ἐοῦσαν

83 993 262 1082 ἀσθενέα,
286 1000 317 1065 εί
327 995 364 1064 δέ
380 992 421 1063 τά
435 996 587 1084 χρήματα
603 1002 820 1082 καταιρεθείη
834 993 875 1064 τά
886 999 923 1065 ἐκ
938 1004 1000 1066 τοῦ
1015 1002 1093 1086 ίροό

82 1103 145 1166 τοῦ
157 1099 196 1165 ἐν
209 1100 429 1186 Βραγχίδῃσι,
450 1093 491 1164 τά
504 1103 651 1183 Κροῖσος
665 1094 684 1164 ὁ
698 1094 811 1175 Λυδός
825 1093 989 1185 ἐνέθηκε,
1008 1106 1093 1167 πολ-

82 1191 142 1274 λάς
163 1191 228 1280 εἶχε
242 1195 376 1272 ἐλπίδας
391 1192 626 1280 ἐπικρατήσειν
641 1200 699 1280 τῆς
718 1194 909 1281 θαλάσσης,
930 1198 987 1264 καὶ
1003 1194 1092 1264 οὕτω

84 1290 208 1370 αὐτούς
221 1317 257 1360 τε
272 1294 359 1372 ἕξειν
372 1293 517 1380 χρήμασι
531 1298 680 1381 χρᾶσθαι
695 1294 752 1361 καί
764 1289 845 1370 τούς
858 1297 1039 1378 πολεμίους
1051 1290 1095 1361 οό

83 1389 243 1476 συλήσειν
269 1387 363 1460 αὐτά.
392 1388 434 1458 τὰ
456 1392 493 1459 δὲ
515 1390 667 1478 χρήματα
687 1383 733 1478 ἦν
752 1397 857 1458 ταῦτα
878 1392 1023 1479 μεγάλα,
1050 1389 1095 1469 ὡς

83 1486 270 1575 δεδήλωταί
288 1512 345 1576 μοι
366 1491 470 1580 ἐντῷ
490 1490 612 1580 πράσῳ
629 1495 698 1559 τόν
712 1490 835 1575 λόγου,
866 1488 951 1578 αὕτη
967 1494 1030 1577 μὲν
1052 1487 1093 1576 δὴ

83 1584 146 1655 οὐκ
160 1589 254 1654 ἐνίκα
268 1585 289 1674 ἡ
304 1587 440 1675 γνόμη,
457 1588 570 1656 ἐδόκεε
585 1590 621 1656 δέ
636 1586 727 1674 ὅμως
740 1585 962 1673 ἀπίστασθαι,
983 1590 1043 1656 ἕνα
1056 1612 1093 1655 τε

83 1681 196 1752 αὐτῶν
209 1684 389 1754 πλώσαντα
404 1687 437 1763 ἐς
448 1691 618 1753 Μυοῦντα
633 1687 666 1764 ἐς
677 1684 715 1753 τό
731 1685 958 1773 στρατόπεδον
971 1682 1009 1753 τό
1024 1681 1090 1752 άπὸ

82 1791 140 1870 τῆς
155 1783 274 1865 Νάξου
287 1781 457 1869 ἀπελθόν,
480 1779 539 1851 ἐόν
559 1784 726 1870 ἐνθαῦτα,
748 1783 998 1879 συλλαμβάνειν
1018 1806 1094 1849 πει-

83 1891 211 1971 ρᾶσθαι
235 1881 314 1964 τούς
341 1886 486 1952 ἐπὶτῶν
506 1889 596 1952 νεολν
623 1882 852 1971 έπιπλάοντμς
876 1878 1091 1970 στρατηγούς.

78 1982 374 2072 Ἀποπεμφθέντος
388 1987 424 2055 δὲ
433 1982 651 2072 Ἰητραγόρεω
661 1982 729 2053 κατ’
738 1981 821 2053 αὐτό
833 1989 932 2054 τοῦτο
943 1983 999 2051 καλ
1010 1989 1094 2049 συλ-
1106 1993 1139 2051 θλ

81 2084 246 2171 λαβόντος
268 2085 356 2175 δόλῳ
372 2082 522 2155 Ὀλίατον
538 2084 729 2172 Ἰβαυάλιος
744 2084 909 2151 Μυλασέα
925 2082 982 2151 καί
995 2078 1093 2150 ‘1010-
1145 2124 1149 2130 ·

81 2194 158 2252 αῖον
180 2180 321 2268 Τόμνεω
338 2186 505 2271 Τερμερέα
520 2184 576 2251 καὶ
593 2182 698 2269 Κοίην
716 2181 936 2269 Ἐρξάνδρου,
958 2186 1004 2271 τῷ
1018 2188 1094 2247 Δα·

82 2291 171 2364 ρεῑος
194 2280 397 2369 Μυτιλήνην
422 2283 630 2369 ἐδωρήσατο,
658 2286 715 2349 καὶ
734 2278 974 2369 Ἀρισταγόρην
988 2277 1093 2367 Ἡρα-

82 2380 219 2445 κλείδεω
234 2385 389 2465 Κυμαῖον
410 2384 466 2449 καλ
486 2378 609 2459 ἄλλους
629 2377 792 2467 συχνοός,
812 2376 902 2446 οὕτω
919 2376 961 2465 δὴ
979 2379 1016 2444 ἐκ
1030 2381 1091 2443 τοῦ
1187 2414 1190 2421 ·

83 2475 250 2560 ἐμφανέος
271 2474 289 2544 ὁ
311 2474 547 2569 Ἀρισταγόρης
567 2478 766 2566 ἀπεστήκεε,
792 2484 861 2545 πάν
884 2477 937 2545 ἐπὶ
956 2482 1092 2565 Δαρείῳ

83 2569 338 2662 μηχανεόμενος.
376 2582 443 2646 Καὶ
456 2585 571 2665 πρῶτα
585 2577 648 2664 μὲν
663 2577 752 2667 λόγω
766 2578 874 2663 μετεὶς
887 2572 950 2662 τὴν
966 2599 1094 2661 τνραν-

82 2675 160 2739 νίδα
175 2677 352 2761 ἰσονομίην
367 2678 476 2743 ἐποίεε
488 2681 528 2763 τῇ
542 2674 703 2765 Μιλήτῳ,
727 2672 771 2752 ὡς
787 2671 832 2741 ἄν
848 2674 981 2753 ἑκόντες
1001 2671 1092 2765 αὐτῷ

81 2775 116 2839 οἱ
127 2770 292 2860 Μιλήσιοι
307 2779 586 2859 συναπισταίατο,
601 2771 683 2860 μετὰ
699 2774 736 2841 δὲ
751 2776 807 2841 καλ
820 2773 859 2841 ἐν
872 2779 913 2861 τῇ
927 2771 1012 2861 άλλη
1021 2770 1093 2842 ’1oe-

81 2878 140 2961 νίη
157 2869 264 2941 τάυτό
285 2881 384 2960 τοῦτο
406 2878 531 2965 ἐποίεε,
552 2875 633 2955 τοὺς
653 2879 716 2965 μὲν
735 2878 924 2957 ἐξελαύνων
944 2886 1012 2946 τῶν
1030 2905 1086 2946 τυ

81 2969 236 3057 ρόννων,
256 2968 337 3051 τούς
354 2969 388 3040 δ’
409 2978 507 3061 ἐλαβε
525 2976 717 3061 τυράννους
737 2972 803 3041 άπὸ
825 2982 894 3043 τῶν
914 2982 1003 3043 νεῶν
1022 2981 1092 3043 τόν

81 3071 354 3153 συμπλωσασέωυ
371 3072 424 3139 ἐπὶ
434 3072 562 3158 Νάξον,
577 3074 720 3151 τούτους
735 3070 772 3140 δὲ
786 3078 868 3157 φίλω
883 3072 1092 3159 βουλόμενος

80 3165 256 3234 ποιέεσθαι
275 3174 350 3255 τῇσι
369 3168 484 3237 πόλισι
506 3172 672 3253 ἐξεδίδου,
694 3167 799 3238 ἄλλον
816 3173 848 3247 ἐς
864 3166 969 3255 ἄλλην
989 3169 1092 3238 πόλιν

80 3259 305 3351 παραδιδοός,
324 3262 410 3335 Ιὅθεν
427 3276 478 3354 είη
501 3265 663 3346 ἕκαστος.Ι
692 3267 797 3355 Κάην
814 3269 877 3354 μέν
893 3293 960 3335 νυν
976 3275 1089 3335 Μυτι-
1103 3276 1139 3333 38

79 3370 213 3447 ληναῖοι
243 3362 350 3432 ἐπείτε
373 3365 509 3451 τάχιστα
529 3368 738 3455 παρέλαβον,
761 3367 978 3453 ἐξαγαγόντες
992 3370 1091 3437 κατέ-

79 3469 223 3549 λευσαν,
244 3469 392 3614 Κηβαϊοι
415 3467 451 3534 δὲ
470 3463 531 3535 τόν
551 3468 716 3553 σφέτερον
735 3462 850 3539 αὐτόν
871 3463 1024 3556 άπῆκαν·
1045 3459 1091 3546 άς

165 3573 265 3613 mon.
314 3599 320 3613 .
933 3567 951 3621 λ
