2500 3925
345 261 431 317 LIB.
463 260 483 315 Ι.
518 260 616 317 ΟΑΡ.
651 266 826 321 116-119.
1051 257 1093 323 05

83 447 115 490 τε
135 417 204 510 γάρ
227 421 459 513 πεποιημένῳ,
482 426 547 508 ἔφη
569 422 699 507 λέγων,
721 423 756 500 ἐς
774 417 837 489 τὸν
852 425 955 491 παῖδα
972 426 1094 493 τοῦτον

81 526 231 608 ἔκαμνον
252 520 421 609 μεγάλως,
443 522 499 589 καὶ
519 521 667 606 θυγατρὶ
677 526 728 643 τῇ
749 521 812 610 ἐμῇ
833 518 1094 608 διαβεβλημένος

80 616 142 687 ούκ
158 621 198 687 έν
214 622 351 710 ἐλαφρῷ
367 618 558 705 ἐποιεύμην.
594 613 639 697 ὡς
662 609 712 686 ύν
732 625 791 705 τῆς
812 618 913 705 τύχης
934 609 975 686 εὖ
996 642 1093 703 μετε-

79 718 229 805 στεύσης
245 725 345 786 τούτο
360 715 476 837 μὲν
442 742 504 785 τον
520 724 672 786 σεωυτοῦ
693 722 797 786 παῖδα
811 716 1013 837 ἀπόπεμψον
1026 740 1093 785 πα-

80 815 121 901 ρὰ
135 813 199 884 τὸν
214 813 368 885 παίδα
333 842 395 884 τον
409 816 699 904 νεήλυδα,τοῦτο
722 810 762 885 δι’
779 822 927 906 (σῶστρα
950 812 1016 902 γάρ
1029 818 1093 883 τοῦ

79 911 200 993 παιδὸς
215 914 325 1001 μέλλω
336 913 455 1001 θύειν,
477 928 563 983 τοῖσι
575 922 671 984 θεῶν
684 912 762 1002 τιμή
777 913 863 1003 αὕτη
876 914 1090 1036 προσκέεται)

78 1014 229 1103 πάρισθί
252 1040 309 1101 μοι
335 1016 388 1083 ἐπὶ
415 1020 562 1084 δείπνου.
610 1013 780 1102 ’Ἅρπαγος
810 1011 921 1103 μέν’
899 1041 945 1094 ιος
968 1010 1095 1102 ἤκουσε
1109 1014 1161 1073 ll!

77 1122 184 1184 ταῦτα
191 1115 457 1204 ,προσκυνήσας
473 1119 529 1184 καλ
544 1115 674 1203 μεγάλα
687 1114 931 1201 ποιησάμενος,
952 1111 1005 1181 ὅτι
1020 1103 1091 1194 τεὴ

78 1211 231 1302 ἁμαρτάς
245 1218 280 1281 οί
291 1216 325 1293 ἐς
339 1215 418 1283 δέον
435 1214 588 1302 ἐγεγόνεε
604 1210 705 1281 καλ”
674 1238 727 1282 οτι
737 1216 790 1283 ἐπὶ
804 1214 922 1303 τύχῃσι
932 1216 1091 1300 χρηστῇσι

78 1318 131 1383 ἐπὶ
145 1319 289 1383 δείπνου
304 1311 526 1401 ἐκέκλητυ,”
502 1340 556 1401 ηιε
573 1316 606 1393 ἐς
620 1339 662 1380 τα
649 1309 774 1381 οίκία.
809 1308 961 1381 ἐσελθάιν
978 1305 1065 1377 δὲ
1028 1334 1092 1395 τηυ

78 1418 248 1499 ταχίστην,
262 1403 307 1500 ήν
321 1411 389 1500 γάρ
404 1416 439 1480 oc
451 1425 528 1491 παῖς
544 1408 590 1491 εἷς
605 1418 743 1499 μοῦνος,
759 1415 834 1480 ἔτεα
848 1416 924 1497 τρία
939 1410 995 1478 καὶ
1010 1408 1091 1475 δέκα

78 1536 141 1581 κου
153 1512 299 1598 μάλιστα
308 1508 468 1599 γεγουύς,
482 1518 604 1579 τούτου
615 1511 784 1598 ἐκπέμπει,
797 1511 883 1581 ίέυαι
893 1534 930 1577 τε
941 1506 1089 1578 κελεύων

77 1608 131 1690 ές’
127 1608 315 1696 Αστυάγευ
329 1613 386 1677 καὶ
400 1608 566 1678 ποιέειν“
546 1636 564 1676 o
579 1636 611 1677 τι
627 1607 671 1677 ἄν
684 1611 812 1689 ἐκτίνος
829 1608 959 1698 κελεύη
988 1602 1090 1685 αύτός

78 1710 114 1779 δέ
128 1706 312 1798 περιχαρής
328 1707 395 1778 ἐάν
398 1709 529 1803 φράζει
549 1717 589 1801 τῇ
610 1707 798 1798 γυναικὶ
761 1738 802 1779 τα
816 1710 1086 1800 συγκυρήσαντα.

77 1802 259 1894 Ἀστυάγης
273 1806 372 1875 δὲ“
317 1834 421 1894 ,υςο
424 1806 588 1878 λάπίκετο
610 1808 655 1877 6‘
653 1809 821 1897 Αρπάγου
843 1823 937 1894 παῖς,
958 1807 1090 1894 σφάξας

79 1903 185 1977 αύτδυ
208 1911 265 1976 καλ
289 1906 373 1977 κατά
400 1908 502 1996 μέλεα
528 1908 651 1980 διελύυ
675 1907 716 1979 τὰ
742 1907 850 2032 μετ’
822 1927 970 1996 ωπτησε,
997 1933 1037 1976 τα
1024 1904 1089 1976 66

79 2004 187 2095 ἥψησε
201 2013 271 2074 τῶν
286 2014 406 2094 κρεῶν,
424 2005 567 2078 εύτυκτα
581 2011 618 2078 δὲ
632 2010 859 2097 ποιησάμενος
882 2005 947 2094 εἶχε
963 2010 1086 2094 ἑτοίμα.

79 2109 185 2174 ἐπείτε
214 2106 252 2173 66
268 2111 326 2192 τῆς
342 2104 431 2195 ὥρης
444 2113 624 2198 γινομένης
645 2117 707 2179 τού
723 2115 862 2181 δείπνου
884 2116 1040 2202 παρήσαυ
1055 2111 1091 2178 οἵ

79 2231 112 2274 τε
125 2203 224 2274 ἄλλοι
245 2207 445 2293 δαιτυμόνες
466 2213 521 2277 καὶ
538 2207 556 2278 6
570 2208 756 2295 Ἅρπαγος,
776 2222 863 2278 τοίσι
878 2209 941 2297 μέν
956 2206 1088 2279 ἄλλοισι

78 2308 132 2374 καὶ
147 2302 240 2396 αύτῷ
251 2301 428 2392 Ἀστυάγει
438 2311 660 2396 παρετυθέατο
676 2307 833 2395 τράπεζαι
854 2309 1007 2377 ἐπίπλεαι
1021 2333 1088 2394 μη-,

78 2405 164 2489 λέοιυ
186 2409 316 2491 κρεῶν,
327 2401 484 2498 ’Λρπάγιμ
501 2408 536 2475 66
552 2415 613 2476 τοῦ
627 2406 748 2487 παιδὸς
763 2415 826 2476 τού
840 2411 980 2493 ἑαυτοῦ,
997 2404 1087 2526 πλήν

77 2508 226 2589 κεφαλῆς
239 2527 275 2569 τε
290 2501 384 2570 καλ”
361 2529 476 2592 ακροιν
484 2513 607 2594 χειρῶν
619 2533 656 2574 τε
670 2509 726 2575 καί
739 2511 864 2594 ποδῶν,
879 2499 985 2577 τᾶλλα
998 2505 1087 2574 666-

78 2625 131 2667 τα·
153 2605 260 2668 ταῦτα
274 2599 311 2668 66
327 2606 427 2687 χωρίς
441 2604 548 2673 έκέετο
565 2608 618 2674 ἐπὶ
631 2611 741 2698 κανέῳ
756 2607 1083 2694 κατακεκαλυμμένα.

78 2694 120 2776 ὡς
135 2697 174 2764 66
186 2721 233 2788 τηε
219 2693 396 2792 Ἁρπάγῳ
408 2701 558 2770 έδόκεε”
533 2711 607 2782 αλις
618 2709 754 2789 ἐχειν·
714 2731 772 2791 της
778 2703 912 2793 βυρης,
908 2705 1086 2792 Αστυάγης

78 2791 186 2881 είρετύ
199 2820 270 2882 μιν,
287 2800 317 2863 εί
329 2793 451 2886 ἡσθείη
467 2824 500 2867 τι
515 2825 555 2889 τη
540 2805 678 2891 θοίνη.
701 2805 857 2890 φαμένου
867 2799 922 2871 66‘
920 2802 1086 2892 Αρπάγου

78 2895 130 2962 καί
150 2891 260 3012 κάρτα
279 2889 429 2983 ἡσθῆναι
452 2900 663 2987 παρέφερον,
684 2914 771 2970 τοῖσι
790 2903 998 2989 προσεκέετο,
1023 2927 1087 2989 την

78 2987 228 3110 κεφαλήν
243 3017 305 3060 του
290 2993 438 3075 παιδδς
459 3000 800 3088 κατακεκαλυμμένην
820 3005 876 3070 καί
895 3000 956 3080 τὰς
974 3013 1086 3087 χείρας

78 3092 131 3158 καὶ
145 3087 227 3169 τούς
241 3091 382 3180 πόδας,“
373 3103 537 3182 Αρπαγου
547 3096 584 3164 66
595 3099 753 3167 ἐκέλευον
762 3099 988 3188 προσστάντες
998 3094 1085 3166 άπο-

78 3186 261 3257 καλύπτειν
276 3216 312 3259 τε
329 3193 384 3260 καλ
399 3201 515 3281 λαβεῖν
529 3191 567 3262 τὸ
583 3197 742 3282 βούλεται
765 3195 886 3267 αύτύν
921 3197 1085 3284 πευθόμε-

79 3308 134 3363 νος
148 3281 218 3354 δὲ
202 3310 221 3353 ο
229 3284 398 3375 Ἅρπαγος
414 3293 468 3360 καὶ
482 3289 760 3362 άποκαλύπτοιυε
746 3301 811 3385 ορᾷ
831 3319 892 3363 του
877 3291 1028 3374 παιδὸς
1042 3290 1083 3361 τά

80 3387 293 3471 λείμματαί
278 3386 363 3457 ίδιδυ
380 3389 417 3458 66
433 3391 510 3461 ούτε
527 3393 708 3480 ἐξεπλάγη,
729 3393 824 3474 ἐντός
837 3421 874 3462 τε
888 3395 1017 3463 ἐαυτοῦ
1029 3401 1084 3480 γί

82 3505 176 3552 ιιεται.
212 3493 318 3637 είρεῑτο
339 3487 439 3556 66'
397 3487 534 3560 αυτδνδ
545 3487 746 3578 Ἀστυάγης,
762 3497 794 3560 εί
805 3489 983 3577 γιυιύσκοι,
1004 3490 1084 3558 ὅτευ

158 3596 259 3638 mon.
287 3625 294 3638 .
929 3589 946 3637 5
