2500 3925
355 271 440 328 LIB.
472 274 492 328 1.
525 271 622 330 cm.
657 280 832 336 δίο-214.
1037 267 1095 334 113

93 450 149 517 της
160 426 313 518 ὑπόλαβε
326 426 388 498 τὸν
407 429 528 517 λόγου·
550 429 701 512 άκοδούς
722 457 779 520 μοι
795 457 857 502 τον
876 437 979 502 παῖδα
993 429 1093 502 άπιθι

96 535 128 598 έκ
141 535 240 617 τῆσδε
254 537 312 618 τῆς
325 529 436 618 χάρης
451 526 604 617 άζήμιος,
624 537 876 618 Μασσαγετέων
890 533 1095 620 τριτημορίδι

94 635 149 697 τοῦ
163 634 309 714 στρατοῦ
343 636 560 717 κατυβρίσας·
609 634 643 700 εί
666 627 704 698 δδ
728 633 834 698 ταῦτα
864 623 905 698 ού
932 628 1091 716 ποιήσεις,

93 725 183 814 ῆλιον
197 727 369 814 έιιόμνυμί
378 749 430 793 τοι
443 721 505 792 τόν
515 729 767 811 Μασσαγετέων
782 726 966 812 δεσπότην,
987 719 1009 812 ή
1027 726 1095 812 μήν

92 843 126 891 σε
138 821 203 910 έγδ
217 827 275 893 καί
287 822 459 911 ἄπληστον
473 823 572 892 έόντα
584 827 722 911 αἳματος
733 827 870 910 κορέσω.
905 829 1018 906 Κῦρος
1032 826 1094 908 μέν
1110 835 1164 892 m

91 952 152 993 νυν
171 932 241 993 τόν
255 927 363 994 έπέων
376 921 501 993 ούδένα
521 926 654 994 τούτων
669 922 935 1012 ἀνενειχθέντων
948 925 1093 992 έποιέετο

89 1025 205 1113 λόγον,
224 1022 244 1094 ό
263 1029 299 1093 δὲ
313 1031 373 1112 τῆς
386 1030 555 1112 βασιλείης
569 1025 738 1112 Τομύριος
752 1037 829 1103 παῖς
838 1025 1093 1108 Σπαργαπίσης,
1125 1093 1140 1118 .

90 1121 131 1201 ός
145 1148 206 1209 μιν
227 1120 250 1190 ό
272 1148 309 1191 τε
322 1120 414 1201 οἶνος
434 1119 539 1209 ιἰνῆκε
551 1124 607 1191 καὶ
621 1129 727 1210 ἔμαθε
741 1126 799 1192 ίνα
813 1115 858 1211 ήν
872 1127 996 1207 κακοῦ,
1016 1122 1094 1206 δεη-

87 1221 156 1298 θείς
166 1220 290 1305 Κύρου
304 1223 341 1290 έκ
355 1227 424 1290 τῶν
438 1226 571 1309 δεσμόν
582 1229 732 1310 λυθῆναι
748 1227 859 1310 έτνχε,
876 1219 920 1301 ὥς
934 1219 971 1288 δέ
985 1218 1092 1304 έλύθη

86 1343 118 1385 τε
130 1319 270 1404 τάχιστα
289 1322 346 1388 καὶ
362 1327 431 1388 τῶν
450 1327 573 1408 χειρῶν
587 1321 767 1408 έκράτησε,
790 1320 993 1408 διεργάζεται
1008 1321 1094 1386 ἑωυ-

87 1417 149 1486 τόν.
174 1419 231 1486 καὶ
245 1415 287 1506 δή
302 1411 401 1499 οὗτος
418 1420 480 1506 μέν
493 1421 608 1512 τρόπῳ
622 1422 764 1512 τοιούτῳ
778 1425 928 1511 τελευτᾷ,
946 1418 1093 1505 Τόμυρις
1108 1441 1159 1496 νιι
1202 1465 1207 1474 ·

10 1584 11 1591 ,
85 1520 134 1603 δέ,
157 1514 204 1595 όίς
225 1520 262 1584 ολ
297 1518 413 1602 Κύρος
443 1512 506 1583 ούιι
536 1513 718 1604 ἐσήκουσε,
755 1517 941 1598 συλλέξασα
981 1523 1094 1585 πᾶσαν

10 1674 11 1679 ,
83 1614 143 1704 τήν
154 1619 283 1703 έωντῆς
294 1617 442 1704 δύναμιν
452 1620 616 1703 συνέβαλε
626 1617 740 1708 Κύρῳ.
763 1618 890 1704 ταύτην
901 1614 963 1705 τήν
974 1616 1093 1703 μάχην,

83 1713 157 1781 ὅσαι
173 1709 216 1800 δή
231 1713 417 1801 βαρβάρων
428 1711 566 1799 άνδριῑν
575 1715 677 1800 μάχαι
692 1717 864 1801 έγένοντο,
881 1721 986 1801 κρίνω
1000 1718 1095 1798 ίσχυ-

82 1811 228 1897 ροτότην
249 1816 427 1899 γενέσθαι,
445 1815 502 1882 καλ
521 1810 564 1900 δή
584 1815 640 1884 καὶ
653 1815 873 1901 πυνθάνομαι
889 1812 979 1881 οὕτω
994 1818 1093 1880 τοῦτο

81 1909 278 1997 γενόμενον.
310 1917 427 1995 πρῶτα
446 1909 509 1999 μὲν
522 1909 588 1999 γάρ
609 1915 739 1999 λέγεται
760 1907 884 1990 αύτούς
897 1909 1095 1989 διαστάντας

81 2012 114 2087 ές
136 2005 309 2095 ἀλλήλους
327 2010 493 2097 τοξεύειν,
520 2009 604 2097 μετά
625 2012 679 2097 δέ,
708 2011 754 2093 όίς
773 2030 835 2100 σφι
855 2010 896 2079 τά
921 2014 1020 2099 βέλεα
1043 2012 1095 2089 έξ-

80 2107 289 2194 ετετόξευτο,
313 2110 547 2195 συμπεσόντας
566 2116 642 2199 τῆσι
662 2116 800 2201 αίχμῆσί
809 2136 845 2179 τε
860 2112 916 2178 καὶ
935 2122 1020 2177 τοῖσι
1038 2109 1093 2193 έγ-

78 2209 270 2291 χειριδίοισι
285 2212 497 2295 συνέχεσθαι.
526 2209 653 2298 χρόνον
675 2234 711 2277 τε
732 2206 773 2297 δή
796 2211 849 2278 έπλ
865 2205 993 2277 πολλὰν
1010 2226 1094 2275 σνν-

79 2307 220 2375 εστάναι
249 2312 459 2396 μαχομένους
478 2310 535 2379 καὶ
560 2308 757 2397 οὐδετέρους
783 2312 915 2380 έθέλειν
936 2309 1093 2396 φεύγειν·

78 2407 172 2484 τέλος
195 2405 233 2472 δέ
256 2409 290 2473 ολ
308 2408 528 2494 Μασσαγέται
548 2410 791 2495 περιεγένοντο.
824 2405 848 2495 ῆ
868 2432 905 2475 τε
925 2404 966 2493 δῆ
987 2403 1093 2492 πολλή

76 2510 137 2591 τῆς
150 2510 325 2591 Περσικῆς
343 2513 499 2593 στρατιῆς
519 2503 627 2575 αὐτοῦ
647 2505 751 2595 ταύτῃ
771 2503 960 2592 διεφθάρη,
978 2507 1034 2574 καὶ
1052 2503 1092 2592 δή

76 2604 132 2670 καὶ
157 2598 265 2681 αύτὸς
279 2608 393 2690 Κῦρος
416 2611 572 2695 τελευτᾷ,
599 2605 802 2693 βασιλεύσας
825 2601 866 2672 τά
887 2604 998 2671 πάντα
1019 2599 1094 2681 ένός

76 2705 202 2769 δέοντα
222 2699 404 2788 τριήκοντα
422 2708 505 2772 έτεα.
536 2700 645 2772 άσκόν
659 2704 697 2773 δέ
712 2702 866 2791 πλήσασα
880 2704 1017 2789 αἵματος
1031 2698 1093 2768 άν-

74 2803 265 2885 θρωπηίου
283 2797 431 2886 Τόμυρις
444 2802 571 2889 έδίζητο
587 2804 626 2870 έν
644 2816 729 2870 τοῖσι
743 2808 906 2870 τεθνεῶσι
921 2808 989 2869 τῶν
1003 2807 1094 2884 Περ-

73 2900 167 2966 σέων
183 2893 246 2965 τόν
260 2896 383 2986 Κύρου
394 2904 517 2986 νέκυν,
533 2898 579 2980 ὡς
590 2901 628 2969 δέ
643 2892 738 2987 εὗρε,
754 2902 899 2988 έυαπῆκε
915 2895 1020 2967 αὐτοῦ
1031 2893 1093 2981 τήν

73 2992 235 3083 κεφαλήν
250 2996 283 3074 ές
297 2991 359 3064 τόν
372 2993 496 3066 άσκόν’
518 2998 750 3085 λυμαινομένη
772 2996 809 3066 δὲ
824 3002 871 3089 τῷ
886 3000 996 3085 νεκρῷ
1017 2994 1096 3061 έπέ-

73 3108 158 3187 λεγε
183 3100 280 3170 τάδε·
318 3099 373 3171 Σύ
390 3100 454 3190 μέν
471 3100 529 3190 έμδ
545 3099 696 3184 ζάουσάν
721 3127 756 3169 τε
779 3100 835 3169 καί
857 3096 1037 3169 νικέουσάν
1055 3114 1092 3164 σε

71 3201 173 3293 μάχη
193 3200 370 3281 άπάλεσας
387 3206 493 3272 παῖδα
510 3200 570 3271 τόν
588 3200 671 3289 έμόυ
687 3200 774 3270 ἑλόν
787 3200 895 3293 δόλῳ,
913 3198 950 3267 σέ
963 3192 999 3266 δ’
1014 3194 1091 3282 έγά,

72 3301 231 3392 κατάπερ
252 3300 436 3391 ῆπείλησα,
462 3307 598 3391 αἵματος
621 3301 759 3391 κορέσω.
803 3299 843 3369 τά
861 3299 923 3387 μέν
949 3296 991 3386 δή
1009 3295 1092 3365 κατά

73 3400 141 3491 τῆν
149 3404 274 3492 Κύρου
292 3402 451 3491 τελευτήν
467 3408 528 3473 τοῦ
541 3408 619 3491 βίου
633 3407 767 3471 πολλῶν
781 3399 892 3487 λόγων
905 3398 1094 3487 λεγομένοιν

72 3501 137 3574 ὅδε
153 3532 215 3595 μοι
233 3504 253 3573 ό
270 3504 501 3585 πιθανώτατος
520 3514 653 3600 εἴρηται.

163 3638 268 3679 mon.
292 3623 311 3679 1.
923 3612 941 3669 8
