2500 3925
168 196 234 265 280
546 200 799 260 HERODOTI

169 368 284 431 σιύται
306 367 401 448 σφίσι
419 361 599 449 γενόμενοι
619 359 847 447 ἐπεβούλευον
862 360 1025 428 θάνατον
1045 357 1195 443 Στράττι
1223 366 1224 373 ’

170 465 215 548 τῷ
229 464 316 527 Χίου
329 459 506 552 τυράννῳ,
528 456 640 537 ἐόντες
655 454 761 543 ἀρχήν
775 458 874 527 ἑπτά·
904 457 1197 547 ἐπιβουλεύοντες

171 556 208 625 δέ
230 554 275 637 ὡς
297 560 439 646 φανεροί
464 560 619 644 ἐγένοντο
643 559 867 638 ἐξενείκαντος
889 556 952 645 τήν
978 562 1196 645 ἐπιχείρησιν

172 652 248 735 ἑνός
262 662 331 723 τῶν
344 655 568 743 μετεχόντων,
589 650 679 723 οὕτω
694 652 734 741 δή
755 660 789 725 οί
802 660 912 727 λοιποί
933 662 966 739 ἐξ
989 657 1118 737 ἐόντες
1134 656 1195 725 ύπ-

174 755 305 839 εξέσχον
320 746 357 822 ἐκ
370 760 429 842 τῆς
444 762 548 839 Χίου,
563 754 619 821 καί
630 756 664 833 ἐς
674 755 838 843 Σπάρτην
847 782 883 825 τε
896 755 1070 827 ἀπίκοντο
1087 760 1150 827 καί
1160 754 1195 843 δή

172 856 226 922 καί
241 853 316 923 τότε
332 855 365 934 ἐς
384 852 447 942 τήν
459 864 623 943 Αἴγιναν,
644 861 712 923 τῶν
721 852 892 945 Ἑλλήνων
905 858 1074 945 δεόμενοι
1093 884 1194 926 κατα-

172 960 301 1024 πλάσαι
312 955 346 1034 ἐς
356 952 419 1041 τήν
430 952 576 1042 Ἰωνίην·
592 960 627 1022 οἳ
635 954 832 1043 προήγαγον
843 952 966 1036 αύτούς
977 956 1091 1044 μόγις
1101 960 1194 1043 μέχρι

172 1057 300 1145 Δήλου.
323 1055 361 1125 τό
376 1055 443 1143 γάρ
457 1060 660 1146 προσωτέρω
675 1064 744 1125 πᾶν
759 1054 875 1127 δεινὸν
891 1050 935 1144 ἦν
951 1072 1043 1127 τοῖσι
1052 1057 1194 1143 Ἕλλησι

173 1153 252 1224 ούτε
270 1161 339 1224 τῶν
358 1154 478 1242 χοίρων
501 1157 595 1224 ἐοῦσι
615 1158 817 1243 ἐμπείροισι,
842 1163 997 1243 στρατιῆς
1017 1182 1061 1225 τε
1083 1154 1194 1223 πάντα

173 1257 256 1324 πλέα
264 1252 377 1323 ἐδόκεε
385 1252 485 1323 εἶναι·
499 1250 563 1341 τήν
569 1254 605 1322 δέ
612 1253 732 1340 Σάμον
742 1249 918 1341 ἠπιστέατο
929 1254 1011 1343 δόξῃ
1019 1253 1194 1339 καὶἩρα-

174 1352 271 1432 κλέας
292 1353 412 1440 στήλας
427 1362 503 1421 ίσον
518 1348 663 1439 ἀπέχειν.
696 1358 877 1421 συνέπιπτε
892 1351 929 1420 δὲ
948 1358 1094 1421 τοιοῦτο
1110 1350 1194 1419 ὥστε

173 1447 252 1529 τούς
263 1452 325 1535 μέν
335 1451 529 1539 βαρβάρους
538 1446 577 1517 τό
589 1446 675 1539 πρός
686 1452 825 1538 ἑσπέρης
835 1447 992 1538 ἀνωτέρω
1003 1451 1142 1537 Σάμου
1153 1449 1190 1536 μή

173 1553 301 1661 τολμᾶν
314 1555 529 1617 καταπλῶσαι
545 1549 861 1637 καταρρωδηκότας,
878 1547 957 1627 τοὺς
971 1550 1009 1617 δέ
1021 1547 1192 1637 Ἕλληνας

173 1648 376 1736 χρηϊζόυτων
385 1655 480 1719 Χίων
493 1645 530 1717 τό
544 1646 628 1738 πρός
643 1648 705 1738 τήν
717 1647 767 1737 ήοί
781 1652 955 1736 κατωτέρω
970 1649 1108 1737 Δήλου.
1134 1649 1190 1717 ού-

109 1762 157 1817 133
174 1772 220 1814 τω
235 1749 309 1826 δέος
324 1745 362 1817 τό
374 1751 478 1837 μέσον
494 1748 667 1835 ἐφύλασσέ
677 1769 801 1835 σφεων.
833 1751 878 1816 Ol
888 1748 951 1834 μὲν
967 1744 1008 1833 δή
1024 1744 1189 1833 Ἕλληνες

175 1852 307 1915 ἔπλωον
318 1849 351 1927 ἐς
360 1844 423 1935 τήν
432 1854 560 1934 Δῆλον,
574 1846 773 1932 Μαρδόνιος
787 1846 824 1914 δέ
834 1846 910 1930 περὶ
920 1843 981 1931 τήν
993 1852 1187 1929 Θεσσαλίην

175 1948 327 2034 ἐχείμαζε.
355 1949 517 2016 ἐνθεῦτεν
531 1946 568 2014 δέ
585 1940 792 2032 όρμεόμενος
806 1949 930 2031 ἐπεμπε
946 1940 1030 2012 κατὰ
1046 1941 1092 2012 τά
1107 1971 1188 2032 χρη-
1223 2003 1224 2034 ,

175 2044 293 2133 στήρια
307 2043 416 2135 ἄνδρα
432 2043 599 2134 Εύρωπέα
615 2047 730 2133 γένος,
744 2053 790 2136 τῷ
806 2045 935 2133 οὕνομα
948 2040 992 2134 ἦν
1007 2055 1111 2134 Μῦς,
1138 2052 1189 2116 ἐν·
1223 2037 1224 2100 ἦ

173 2143 532 2234 τειλάμενοςττανταχῇ
547 2171 607 2232 μιν
620 2145 830 2234 χρησόμενον
845 2148 959 2215 ἐλθεῖν
965 2198 974 2232 ,
992 2153 1065 2215 τάν
1082 2145 1143 2216 οἶά
1157 2173 1187 2214 τε

172 2236 218 2329 ἦν
232 2261 293 2329 σφι
301 2240 609 2333 ’ἀποπειρήσασθαι
640 2243 661 2312 ό
673 2272 705 2313 τι
720 2249 782 2332 μὲν
796 2246 1003 2333 βουλόμενος
1020 2250 1188 2335 ἐκμαθεῖν

174 2341 258 2431 πρός
268 2351 337 2413 τόν
346 2352 555 2435 χρηστηρίων
563 2352 669 2416 ταῦτα
680 2349 876 2434 ἐνετέλλετο,
886 2346 948 2416 ούκ
960 2355 1023 2435 έχω
1036 2350 1186 2436 φράσαι·

174 2440 217 2512 ού
231 2441 297 2533 γάρ
309 2438 360 2514 dv
371 2447 517 2532 λέγεται·
539 2447 646 2514 δοκέω
657 2443 689 2513 δ’
705 2450 807 2532 ἐγωγε
819 2446 974 2532 περὶτῶν
984 2447 1187 2534 παρεόντων

108 2555 157 2612 134
173 2544 379 2634 πρηγμάτων
389 2550 445 2616 καί
456 2544 519 2616 ούκ
533 2544 646 2616 άλλων
656 2547 733 2633 πέρι
743 2549 878 2632 πέμψαι.
903 2538 1041 2624 θύτοςὸ
1057 2553 1145 2626 Μῦς
1157 2553 1187 2625 ἐς

174 2675 210 2717 τε
219 2648 408 2736 Λεβάδειαν
419 2655 572 2734 φαίνεται
583 2643 785 2734 ἆπικόμευος
797 2649 853 2714 καί
864 2651 976 2735 μισθῷ
987 2651 1107 2725 πείσας
1118 2654 1186 2714 τῶν

175 2752 360 2834 ἐπιχωρίων
382 2746 491 2833 ἄνδρα
513 2755 697 2836 καταβῆναι
719 2743 808 2832 παρὰ
834 2742 1051 2831 Τροφώνιον,
1076 2747 1137 2813 καὶ
1157 2750 1187 2824 ἐς

179 2833 278 2934 Ἀβας
287 2843 347 2924 τάς
358 2847 505 2914 Φωκέων
515 2843 718 2933 ἀπικόμενος
728 2846 781 2914 ἐπὶ
791 2842 827 2912 τό
839 2844 1049 2933 χρηστήριον.
1076 2846 1135 2912 καί
1146 2844 1184 2929 δή
1223 2839 1224 2910 ἶ

175 2946 230 3014 καὶ
246 2945 279 3021 ἐς
293 2942 406 3029 Θήβας
421 2951 536 3030 πρῶτα
551 2941 596 3024 άς
609 2943 762 3028 ἀπίκετο,
777 2950 877 3012 τοῦτο
891 2945 954 3030 μέν
967 2951 1013 3036 τῷ
1030 2941 1184 3034 Ἰσμηνίῳ

170 3038 355 3111 Ἀπόλλωυι
366 3041 526 3129 ἐχρήσατο
544 3049 618 3111 ’ἐστι
630 3043 677 3132 δέ,
693 3043 840 3132 κατάπερ
854 3040 1073 3130 ἐν’θλυμιιίη,
1083 3048 1183 3132 ἱροῖσι
1223 3085 1224 3094 1

175 3139 299 3209 αὐτόθι
316 3143 648 3229 χρηστηριάζεσθαί,
669 3144 820 3212 τοῦτοδὲ
839 3141 950 3222 ξεῖνόν
971 3168 1046 3209 τινα
1064 3146 1121 3212 καὶ
1145 3142 1183 3210 ού

175 3246 326 3326 Θηβαίου
335 3237 479 3326 χρήμασι
490 3246 606 3319 πείσας
616 3247 834 3328 κατεκοίμησε
845 3243 878 3319 ἐς
890 3237 1091 3328 Ἀμφιάρεω.
1114 3251 1182 3328 Θη·

175 3343 281 3421 βαίων
299 3338 336 3402 δὲ
356 3334 471 3405 οὐδενὶ
494 3341 599 3418 ἔξεστι
621 3341 849 3424 μαντεύεσθαι
870 3337 992 3408 αύτόθι
1015 3335 1071 3406 διὰ
1089 3339 1179 3407 τόδε·

176 3437 330 3503 ἐκέλευσέ
335 3454 439 3520 σφεας
451 3433 468 3504 ὁ
483 3435 689 3526 Ἀμφιάρεως
700 3434 756 3505 διὰ
764 3443 973 3526 χρηστηρίων
984 3435 1179 3521 ποιεύμενος
