2500 3925
331 250 419 308 un.
450 249 497 309 ΠΙ.
530 249 631 309 CAP.
663 256 806 311 80—83.
1013 238 1076 311 2⁵7

88 393 209 482 γνόμην
214 397 362 481 ἐσέφερε,
368 398 478 481 τρίτος
489 392 526 460 δέ
531 400 678 480 Δαρεῖος
691 388 911 462 ἀπεδείκνυτο
924 391 1078 485 γνύμην,

91 496 194 576 λόγων·
224 489 314 579 Ἐμολ
328 491 365 560 δὲ
384 487 426 559 τοὶ
440 486 503 576 μὲν
522 487 594 559 εἶκε
608 490 811 578 Μεγάβυζος
833 493 866 569 ἐς
884 490 923 558 τό
945 498 1075 578 πλῆθος
1089 516 1124 573 8²

88 596 187 676 ἔχοντα
209 592 318 659 θοκέει
341 586 456 676 ὀρθῶς
471 590 581 675 λέξαι,
607 585 649 655 τὰ
676 585 708 657 δ’
735 590 769 667 ἐς
793 584 988 675 ὀλιγαρχίην
1011 585 1075 658 ούκ

89 688 191 776 ὀρθῶς.
219 696 326 777 τριῶν
337 687 404 775 γὰρ
419 687 668 775 προκειμένων,
684 689 739 755 κοιλ
753 686 892 755 πάντων
908 692 977 755 τοῖν
990 686 1076 773 λέγω

87 786 214 872 ἀρίστων
233 788 379 872 ἐόντων,
401 787 511 873 θύμου
527 810 564 853 τε
582 782 722 873 ὀρίστου
737 788 793 853 καλ
815 782 1006 873 ὀλιγαρχίης
1020 786 1076 853 κοιλ

85 886 281 974 μουνάρχου,
306 891 421 975 πολλῷ
436 889 536 951 τοῦτο
556 884 712 969 προέχειν
725 883 822 969 λέγω.
860 880 986 972 ὀνθρός
1010 880 1076 970 γὰρ

87 984 149 1065 ἑνός
159 993 219 1054 τού
232 982 373 1072 ἀρίστου
387 981 490 1052 ούόὶν
503 980 646 1070 ἄμεινον
660 977 705 1050 ὀίν
718 989 856 1070 φανείη·
880 982 999 1073 γνύμη
1009 981 1075 1071 γὰρ

84 1084 203 1173 τοιαύτη
216 1084 398 1173 χρεόμενος
413 1082 626 1169 ἐπιτροπεύοι
650 1074 695 1147 ι’ὶν
715 1076 901 1169 ἀμωμήτως
913 1088 976 1149 τοῦ
988 1082 1075 1168 πλή-

83 1196 163 1272 θεος,
180 1184 303 1277 σιγῷτό
324 1210 360 1252 τε
380 1179 425 1252 ἂν
444 1182 660 1272 βουλεύματα
677 1181 731 1249 ἐπὶ
751 1182 935 1268 δυσμενέας
948 1178 1074 1268 ἄνδρας

82 1281 158 1349 οὕτω
178 1283 332 1369 μάλιστα.
366 1286 404 1351 ἐν
419 1281 456 1350 δέ
480 1279 653 1369 ὀλιγαρχίη
678 1286 830 1348 πολλοῖσι
849 1276 972 1369 ὀρετὴν
992 1284 1074 1349 ἐπα-

83 1385 203 1450 σκέουσι
225 1386 262 1462 ἐς
276 1379 314 1450 τό
337 1378 458 1451 κοινόν
477 1385 579 1467 ἐχθεα
595 1382 666 1449 {dm
681 1375 800 1464 ίσχυρᾶ
815 1380 922 1465 φιλέει
945 1381 1074 1466 ἐγγίνε-

81 1488 165 1545 σθαι·
188 1478 294 1559 αύτός
316 1478 384 1567 γὰρ
404 1482 541 1557 ἕκαστος
554 1477 764 1567 βουλόμενος
783 1491 968 1565 κορυφαῖος
989 1475 1075 1546 εἶναι

80 1575 221 1667 γνόμησί
231 1604 270 1646 τε
283 1585 385 1646 νικᾶν
399 1581 433 1657 ἐς
446 1583 549 1663 ἐχθεα
562 1575 692 1663 μεγάλα
706 1572 879 1663 ἀλλήλοισι
893 1573 1075 1645 ὀπικνέον-

81 1676 249 1761 ται,ἐκτοῖν
257 1678 389 1756 στάσιες
403 1680 604 1763 ἐγγίνονται,
620 1677 658 1743 ἐκ
674 1674 786 1743 ὀλτῶν
798 1682 943 1745 στασίων
954 1676 1072 1764 φόνος,

82 1776 112 1839 ἐκ
134 1774 169 1841 θλ
191 1781 256 1842 τού
284 1775 397 1860 φόνου
416 1773 524 1861 ἀπέβη
547 1776 580 1852 ἐς
596 1779 822 1860 μουναρχίην,
838 1777 893 1841 καὶ
907 1776 945 1841 ἐν
965 1771 1073 1860 τούτῳ

80 1874 190 1953 λιέδεξε
204 1872 276 1966 ὀσφ
294 1876 362 1942 ἐστὶ
375 1881 475 1942 τοῦτο
490 1872 639 1961 ἄριστον.
676 1871 786 1960 δήμου
803 1898 839 1941 τε
854 1866 899 1940 αὖ
914 1870 1074 1958 ἄρχοντος

79 1967 218 2040 ὀίόνατα
235 1971 282 2060 μὴ
297 1973 339 2041 ού
353 1975 518 2061 κακότητα
534 1976 745 2060 ἐγγίνεσθαι·
761 1973 942 2058 κακότητος
956 1977 1074 2040 τοίνυν

79 2070 284 2158 ἐγγινομένης
299 2074 333 2151 ἐς
347 2070 387 2139 τὰ
403 2069 502 2140 κοινοὶ
524 2077 626 2157 ἐχθεα
643 2068 706 2156 μὲν
723 2065 786 2136 ούκ
808 2071 972 2156 ἐγγίνεται
988 2081 1074 2136 τοῖσι

80 2185 215 2258 ιαιιοίσι,
234 2177 344 2258 φιλίαι
358 2174 395 2239 θλ
410 2177 558 2259 ίσχυραί·
588 2176 624 2239 οί
635 2167 702 2256 γὰρ
723 2175 905 2247 κακοῦντες
919 2165 960 2236 τὰ
973 2165 1072 2260 κοινοὶ

80 2271 303 2355 συγκύψαντες
316 2277 463 2340 ποιεῦσι.
489 2275 590 2339 τοῦτο
605 2267 642 2336 δὲ
656 2273 788 2335 τοιοῦτο
803 2271 931 2352 γίνεται
944 2267 979 2345 ἐς
993 2263 1012 2333 ὀ
1028 2260 1073 2332 ἂν

79 2370 214 2453 προστάς
240 2395 289 2448 τις
312 2377 373 2437 τοῦ
399 2369 509 2455 δήμου
532 2363 613 2446 τούς
634 2367 809 2444 τοιούτους
826 2364 956 2452 παύση·
978 2365 1015 2432 ἐκ
1036 2362 1073 2430 ὀλ

80 2463 183 2534 αὐτόν
209 2463 396 2554 θωμάζεται
427 2460 525 2544 ούτος
540 2462 581 2552 δὴ
595 2462 664 2532 ύπό
679 2469 741 2532 τοῦ
755 2463 882 2551 δήμου,
915 2461 1072 2549 θωμαζό-

78 2590 165 2648 μενος
182 2567 220 2634 ὀέ
241 2562 297 2633 ἄν’
321 2558 371 2632 όν
385 2565 495 2650 ἐφάνη
510 2565 701 2651 μούναρχος
718 2564 800 2662 ἐύνχ
830 2565 885 2632 καὶ
911 2561 1071 2652 ἐντούτῳ

79 2667 164 2750 δηλοῖ
176 2666 235 2754 καλ
247 2657 363 2751 ούτος,
381 2660 460 2751 ὡςὴ
475 2671 662 2751 μουναρχίη
677 2664 865 2752 κράτιστον.
889 2665 939 2732 ἐνὶ
953 2665 989 2732 ὀὲ
1001 2668 1075 2732 ἐπεί

78 2762 176 2830 πάντα
192 2761 406 2850 συλλαβόντα
422 2769 542 2849 είπεῖν,
557 2761 665 2830 κόθεν
680 2759 792 2850 ἡμσνὴ
809 2765 984 2850 ἐλευθερίη
999 2761 1072 2846 ἐγέ-

80 2888 159 2948 νετο,
175 2866 232 2930 καλ
245 2869 305 2930 τεύ
320 2861 456 2944 ὀόντος;
474 2862 596 2949 κότερα
613 2859 705 2946 παρὰ
721 2862 831 2948 δήμου
844 2857 867 2950 ἢ
881 2857 1072 2946 ὀλιγαρχίης

77 2954 95 3044 ἢ
108 2959 316 3048 μουνάρχους
333 2966 396 3047 ἐχω
411 2967 529 3028 τοίνυν
544 2959 685 3047 γνώμην
698 2957 802 3046 ἡμέας
816 2957 1069 3041 ἐλευθερωθέν-

78 3084 126 3136 τας
141 3056 196 3124 θιά
215 3059 276 3125 ἕνα
297 3056 406 3145 ἄνδρα
422 3056 459 3125 τό
488 3065 621 3128 τοιοῦτο
643 3061 886 3145 περιστέλλειν,
911 3056 1011 3139 χωρίς
1035 3075 1071 3116 τε

77 3157 188 3225 τούτου
202 3164 364 3244 πατρίους
380 3156 508 3243 νόμους
522 3155 568 3244 μὴ
589 3157 686 3226 λύειν
702 3163 837 3242 ἔχοντας
859 3144 898 3218 εύ
908 3176 914 3188 ·
943 3145 984 3215 ού
1004 3143 1070 3234 γὰρ

77 3282 214 3341 ομεινον.

150 3360 287 3440 Γνῶμαι
304 3355 366 3440 μὲν
388 3350 429 3440 ὀὴ
444 3367 532 3439 τρεῖς
545 3345 645 3420 αύται
661 3348 859 3438 προεκέατο,
882 3349 915 3414 οί
938 3347 974 3414 δὲ
994 3346 1070 3415 τέσ-
1083 3357 1118 3412 σσ

78 3469 160 3532 σερες
175 3458 243 3521 τοῖν
263 3450 344 3521 ε’πτοὶ
361 3449 497 3540 ἀνδρῶν
511 3452 722 3537 προσέθεντο
741 3445 862 3531 ταύτῃ.
893 3439 937 3595 ὡξ
958 3446 994 3511 δὲ
1016 3446 1070 3511 ἕσ-

149 3549 284 3603 mom.
899 3543 915 3594 Ῑ
