2500 3925
169 244 211 307 36
341 294 345 303 .
544 248 797 306 HERODOTI

170 434 266 495 μενοι
281 406 405 494 Σάμιοι
426 405 601 477 ἀπελοίατο
625 405 731 476 αύτδν
752 411 852 493 νηυσὶ
866 416 1011 498 μακρῇσι
1029 408 1174 498 ἐπιπλά-
1240 401 1241 404 “

171 534 305 588 σαντες·
332 505 427 577 αὐτοὶ
441 510 478 577 δὲ
495 508 621 595 Σάμιοι
636 511 782 595 λέγουσι,
800 505 844 588 ὥς
855 511 963 577 ἐπείτε
989 504 1175 596 ὑστέρησαν

172 615 207 680 oc
218 610 357 697 ἀμοντες
381 617 448 678 τῶν
465 614 742 698 Λακεδαιμονίων
757 608 817 679 τδν
835 617 999 698 κρητῆρα,
1023 608 1176 680 έπυνθά-
1242 624 1244 631 ’

172 734 272 777 νοντο
298 710 335 778 δὲ
355 710 482 796 Σάρδις
502 736 542 778 οε
567 714 622 779 καί
639 720 787 799 Κροῖσον
807 707 988 797 ἡλωκέναι,
1014 707 1175 779 ἀπέδοντο
1237 735 1240 797 3

173 808 233 879 τδν
257 818 405 899 κρηνήρα
426 815 463 881 έν
476 812 599 935 Σάρρα,
623 811 757 891 ίδιύτας
780 813 816 881 66
834 810 959 900 ἀνδρας
974 815 1176 902 πριαμένους

174 912 355 983 ἀναθεῖναί
366 940 424 1000 μιν
438 910 519 993 ές
486 938 522 981 το
532 909 687 1001 ἫΗραίον
716 914 801 1000 τάχα
821 908 894 981 δὲ”
873 940 916 981 αν
934 915 988 981 καὶ
1005 916 1038 981 οἱ
1051 910 1177 982 ἀποδό-

174 1042 270 1103 μενοι
286 1012 455 1101 λέγοιεν’
437 1013 636 1101 απικύμενοι
650 1016 683 1093 ές
699 1015 861 1126 Σπάρτην
901 1009 945 1093 ὡς
959 1010 1178 1101 ἀπαιρεθείη-

175 1135 239 1184 σαν
254 1112 319 1183 ὖπδ
340 1121 487 1201 Σαμίων.

130 1238 162 1295 ῃ
261 1210 353 1281 Κανά
375 1217 436 1301 μέν
451 1241 517 1281 νυν
531 1209 591 1282 τὸν
605 1218 752 1299 κρητῆρα
766 1209 855 1280 οὕτω
872 1216 961 1297 ἔσχε,
986 1218 1127 1293 Κροῖσος
1143 1214 1177 1278 δὲ

175 1309 335 1400 ἀμαρτύν
344 1320 411 1380 Ιτοῦ
424 1319 577 1402 χρησμοῦ
593 1314 738 1381 ’ἐποιέετο
754 1314 934 1396 στρατηίην
947 1311 980 1389 ἐς
996 1312 1178 1377 Καππαδο·

175 1422 269 1503 κίην,
299 1416 433 1493 ἐλπίσας
453 1413 667 1500 καταιρήσειν
683 1410 800 1496 Κῦρόν
821 1436 855 1478 τε
877 1406 982 1478 καλ
946 1435 1008 1497 την
1022 1416 1180 1517 Περσέων

177 1514 331 1599 δύναμιν.
366 1514 702 1601 παρασκευαζομένου
723 1514 759 1579 66
775 1516 923 1597 Κροίσου
938 1486 1181 1594 στρατεύεσθαι

177 1614 230 1681 έπλ
244 1614 392 1697 Πέρσας,
417 1618 486 1679 τῶν
509 1637 558 1690 τις
572 1615 713 1698 Λυδῶν,
740 1608 955 1698 νομιζόμενος
975 1607 1030 1676 καλ
1049 1605 1182 1694 πρόσθε
1242 1650 1244 1678 ;

157 1736 160 1746 ¹
178 1710 263 1779 εἶναι
285 1708 408 1798 σοφὸς,
434 1707 499 1778 ἀπδ
522 1713 558 1778 66
580 1710 703 1796 ταύτης
725 1713 781 1798 τής
803 1708 938 1796 γνώμης
953 1704 1056 1775 καλ
1022 1733 1058 1777 το
1075 1708 1182 1793 κάρτα
1242 1747 1244 1784 ;

178 1810 308 1897 ούνομα
328 1812 365 1879 έν
388 1815 528 1878 Λυδοῖσι
550 1816 652 1899 ἔχων,
678 1810 926 1898 συνεβούλευσε
946 1812 1080 1927 Κροίσῳ
1102 1807 1183 1876 τάδε

181 1907 324 1996 οὔνομα
316 1898 409 1977 ὀί
388 1934 431 1999 ην
446 1908 650 1990 Σάνδανις·
678 1902 717 1978 Ὦ
733 1913 883 1997 βασιλεύ,
908 1900 956 1974 ἐπ’
973 1904 1099 1990 ἀνδρας
1112 1932 1184 1974 τοι·

156 2009 301 2088 ,κύτους
315 2010 557 2098 στρατεύεσθαι
580 2009 863 2094 παρασκευάζεαι,
890 2011 925 2074 οἳ
943 2010 1100 2084 σκυτίνας
1122 2004 1185 2092 μὲν
1242 2089 1244 2098 Ι

179 2105 396 2194 ἀναξυρίδας,
423 2115 584 2197 σκυτίνην
600 2105 691 2177 66
657 2135 719 2196 την
739 2104 844 2192 ἀλλην
859 2108 991 2193 έσθήτα
1010 2109 1185 2195 φορέουσι,
1242 2104 1244 2174 ἒ

179 2209 342 2276 σιτέονται
358 2208 394 2274 66
410 2204 472 2275 οὐκ
487 2206 550 2277 ὅσα
568 2211 739 2294 ἐθέλουσι,
758 2203 826 2274 ἀλλ’
846 2202 909 2274 ὅσα
925 2211 1054 2293 ἔχουσι,
1070 2204 1185 2294 χάρηυ
1242 2196 1244 2267 s

180 2309 309 2392 ἔχοντες
323 2309 472 2392 τρηχέαν.
506 2304 590 2392 πρὸς
605 2305 641 2373 δὲ
662 2303 725 2373 οὐκ
745 2315 826 2396 οίνρι
851 2307 1076 2393 διαχρέονται,
1099 2301 1185 2372 ἀλλο

179 2403 440 2493 ὑδροποτέουσι,
468 2403 509 2474 ού
530 2413 616 2474 σῦκα
639 2405 675 2474 66
697 2411 808 2494 έχουσι
831 2402 990 2492 τρύχειν,
1018 2400 1081 2472 οὐκ
1102 2401 1186 2471 ἀλλο

180 2499 313 2590 ἀγαθὸν
338 2499 448 2572 οὐδέν.
489 2511 587 2572 τοῦτο
615 2507 677 2592 μὲν
698 2501 756 2592 δή,
783 2510 813 2572 εί
836 2503 999 2593 νικήσεις,
1026 2508 1059 2572 τί
1081 2522 1188 2591 σφεας

181 2599 390 2691 ἀπαιρήσεαι,
406 2607 495 2671 τοίσί
504 2630 543 2690 με
560 2599 605 2691 μή
624 2607 692 2672 ἔστι
709 2606 832 2691 μηδέν;
850 2603 1014 2690 τοῦτοδὲ,
1032 2595 1075 2688 ἢν
1089 2627 1187 2686 νικη-

179 2709 261 2790 θής,
289 2701 395 2788 μάθε,
422 2699 484 2770 ὅσα
511 2698 624 2789 ἀγαθά
648 2700 851 2790 ἀποβαλέεις.
893 2701 1095 2790 γευσάμενοι
1120 2698 1188 2788 γάρ

180 2805 248 2867 τῶν
264 2796 434 2886 ἡμετέρων
452 2797 594 2888 ἀμαθῶν
604 2804 812 2887 περιέξονται
829 2798 908 2871 0666
925 2799 1072 2871 ἀπωστοὶ
1089 2805 1188 2870 ἔσον-

179 2926 241 2969 ται.
284 2897 348 2986 676
372 2905 434 2988 μέν
457 2928 523 2969 νυν
544 2912 656 2971 θεοῖσι
679 2909 741 2990 ἔχω
763 2903 879 2990 χάριν,
906 2910 940 2972 οἳ
956 2899 1018 2971 οὐκ
1035 2904 1087 2970 ἐπὶ
1103 2899 1189 2969 νόον

180 3003 332 3068 ποιέουσι
356 3003 504 3090 Πέρσησι
531 3002 773 3086 στρατεύεσθαι
799 3004 851 3071 ἐπὶ
877 3002 1020 3082 Λυδούς.
1075 3007 1189 3070 Ταῦτα

180 3107 288 3186 λέγων
314 3097 377 3169 οὐκ
403 3107 517 3172 ἔπειθε
544 3100 604 3170 τδν
629 3111 781 3188 Κροῖσον.
825 3097 1080 3191 Πέρσησιμάρ,
1107 3104 1189 3188 πρὶν

180 3199 315 3281 Λυδούς
336 3206 644 3293 καταστρέψασθαι,
665 3197 711 3291 ήν
733 3203 810 3273 οὔτε
834 3199 942 3292 άβρδν
957 3200 1035 3270 οὔτε
1052 3197 1188 3289 ἀγαθὰν

181 3295 291 3367 οὐδέν.

138 3417 169 3474 7η
269 3401 312 3466 Οί
330 3401 366 3466 δὲ
382 3397 639 3469 Καππαδόκαι”
622 3397 688 3468 υπδ
706 3397 875 3487 Ἑλλήνων
891 3400 1014 3488 Σύριοι
1037 3397 1189 3489 οὐνομά-

181 3504 308 3578 ζονται·
349 3488 436 3584 ήσαν
462 3501 497 3566 δὲ
523 3503 557 3568 oc
572 3499 695 3585 Σύριοι
722 3490 816 3566 οὗτοι
839 3495 875 3566 ιδ
901 3500 963 3586 μὲν
984 3496 1087 3583 πρύτε
1089 3526 1152 3586 ρον
1167 3528 1187 3586 η
