2500 3925
158 243 219 308 138
533 237 785 296 rIERODOTl

156 403 378 494 καταβάλλειν
391 402 522 470 ἐκέλευε
535 400 593 465 ίνιι
607 393 870 483 ἐπιτηδειότατον
881 407 943 484 είη,
958 392 1063 465 ἀλλον
1077 393 1164 482 ἀλλη

155 509 349 598 ἀγινέοντας
362 500 481 574 ὁλκάσι
492 525 528 568 τε
539 501 594 568 καί
605 503 824 587 πορθμηίοισι
835 501 923 568 ἔνι’
883 524 941 586 της
950 494 1059 583 Ἀσίης
1073 519 1165 563 παν-

154 608 309 696 ταχόθεν.
331 600 393 674 τόν
407 592 483 670 δὲ
455 625 506 668 ων
518 607 674 668 πλείστου
688 599 721 676 ἐς
732 595 899 686 Λενκην’
879 594 985 686 ακτήν
999 597 1164 681 καλεομέ-

153 734 217 797 νην
231 711 289 793 τῆς
303 708 450 792 Θρηίκης
459 695 605 786 ἀγίνεον,
619 700 653 765 οί
661 698 698 764 δέ
713 698 747 775 ἐς
761 692 996 785 Τυρόδιζαν
960 722 1023 784 την
1033 703 1163 782 Περιν-

153 813 259 892 θέων,
278 807 311 872 οί
324 805 360 870 δέ
374 803 408 881 ἐς
421 799 661 890 Δορίσκον,οί
674 797 711 863 δέ
724 792 777 875 ές’
770 796 884 864 Ηιόνα
900 792 963 883 τὴν
978 796 1030 863 ἐπί
1044 802 1163 879 Στρυ-

152 907 250 994 μόνι,
267 908 301 974 οί
315 903 351 972 δέ
368 904 401 980 ἐς
414 901 636 983 Μακεδονίην
649 899 907 985 διατεταγμένοι.

104 1022 140 1080 26
232 1004 287 1074 Ἐν
302 1031 328 1097 μ
315 991 486 1070 δέονται
494 1021 557 1066 τον
567 1000 790 1084 προκείμενον
800 996 909 1066 πόνον
919 993 1110 1082 ἐργάζοντο,
1123 992 1161 1059 ἐν

151 1102 259 1194 τοότμ
269 1128 288 1171 ο
276 1096 434 1181 πεζδς”
410 1120 497 1176 απας
510 1093 809 1181 σνλλελεγμένος”
786 1121 854 1215 αμα
863 1096 969 1183 ,Ξέρξη
980 1089 1160 1178 έπορεόετο

151 1206 184 1282 ἐς
194 1199 332 1288 Σάρδις,
350 1200 387 1266 ἐκ
397 1194 594 1282 Κριτάλλων
609 1191 771 1283 ὁρμηθείς
783 1200 851 1262 τῶν
865 1197 903 1264 ἐν
916 1194 1159 1277 Καππαδοκίῃ·

151 1302 301 1370 ἐνθαῦτα
314 1293 380 1383 γάρ
396 1304 506 1382 είρητο
521 1295 745 1379 συλλέγεσθαι
758 1293 868 1362 πάντα
888 1288 949 1362 τόν
968 1286 1042 1360 κατ’
1060 1285 1161 1376 ἥπει·

152 1422 214 1487 ρον
228 1390 429 1483 μέλλοντα”
405 1419 474 1514 αμα
489 1388 579 1483 αάτμ
564 1393 701 1514 ’,Ξέρξη
715 1391 922 1479 πορεύεσθαι
937 1389 1089 1478 στρατόν.
1122 1413 1161 1466 ος

150 1497 213 1582 μέν
223 1498 366 1562 ννντῶν
372 1487 534 1578 όπόρχων
542 1487 686 1613 στρατὸν
697 1490 857 1559 κάλλιστα
864 1485 1092 1577 ἐσταλμένον’
1073 1513 1157 1574 αγα-

149 1591 222 1713 γάν
233 1616 274 1660 τα
261 1587 492 1679 προκείμενα
506 1613 597 1711 παρα
585 1587 766 1677 βασιλέος
782 1595 881 1677 ἔλαβε
895 1594 998 1678 δῶρα,
1016 1585 1079 1657 οάκ
1094 1592 1159 1673 ἔχω

150 1689 294 1779 φράσαι·
316 1685 447 1757 ονδέ
406 1713 473 1776 γαρ
485 1713 592 1776 αρχην
603 1689 637 1766 ἐς
648 1692 760 1776 κρίσιν
771 1713 895 1757 τουτον
906 1692 983 1778 πέρι
994 1687 1159 1764 έλθοντας

150 1787 233 1858 οἶδα.
257 1790 292 1855 οί
305 1785 342 1855 δὲ
362 1788 470 1856 ἐπείτε
487 1786 663 1875 διαβάντες
674 1784 735 1856 τόν
748 1785 853 1856 ’Ἅλυν
863 1785 1015 1876 ποταμόν
1030 1783 1158 1874 ὡμίλη-

149 1910 215 1957 σαν
228 1893 269 1979 τῇ
283 1892 432 1978 Φρυγίη,
457 1884 503 1955 δι’
522 1884 625 1974 αὐτῆς
640 1884 864 1975 πορευόμενοι
876 1888 1102 1976 παρεγένοντο
1124 1884 1157 1962 ἐς

148 1982 333 2071 Κελπινάς,
358 1989 417 2054 ἵνα
436 1987 540 2074 πηγαί
558 1982 757 2054 ἀναδιδοῦσι
774 1986 980 2074 Μαιάνδρου
1001 1987 1157 2071 ποταμοῦ

148 2087 204 2155 καί
225 2087 341 2171 ἐτέρου
368 2082 432 2153 οὐκ
453 2079 675 2174 έλάσσονοςῆ
698 2085 921 2175 Μαιάνδρου,
953 2093 999 2179 τῷ
1025 2083 1157 2171 οὕνομα

148 2184 306 2272 τνγχάνει
320 2180 378 2253 ἐόν
393 2184 650 2272 Καταρρήκτης,
666 2181 703 2263 ἀς
718 2188 751 2266 ἐξ
769 2182 870 2273 αὐτῆς
886 2192 944 2273 τῆς
957 2183 1082 2272 ἀγορῆς
1097 2190 1157 2270 τῆς

148 2285 340 2352 Κελαινέων
360 2276 551 2353 ἀνατέλλων
576 2285 610 2362 ἐς
636 2278 697 2351 τόν
717 2286 921 2372 Μαίανδρον
948 2284 1090 2368 ἐκδιδοῖ,
1118 2284 1157 2349 έν

144 2389 187 2474 τῇ
213 2384 270 2453 καὶ
292 2381 310 2453 ὁ
336 2387 397 2453 τοῦ
421 2387 572 2471 Σιληνοῦ
596 2382 770 2472 Μαρσύεω
795 2378 899 2462 ἀσκός
924 2378 1162 2469 ἀνακρέμαται,

144 2484 205 2554 τόν
221 2482 290 2555 ὑπό
306 2486 454 2576 Φρυγῶν
472 2484 571 2571 λόγος
589 2488 655 2571 ἔχει
670 2480 739 2553 όπδ
754 2480 964 2561 ’Λπόλλωνος
978 2479 1162 2570 ἐκδαρέντα

94 2605 128 2659 27
145 2585 451 2677 ἀνακρεμασθῆναι.
500 2584 557 2658 Ἐν
589 2582 697 2675 ταότη
726 2586 774 2674 τῇ
799 2582 878 2654 πόλι
906 2580 1162 2670 ὑποκατήμενος

143 2687 276 2769 Πύθιος
307 2685 460 2769 δ”Ατνος
486 2686 573 2777 ἀνὴρ
604 2685 719 2767 Λυδός
751 2687 886 2767 ἐξείνισε
915 2684 978 2771 τὴν
1006 2683 1161 2769 βασιλέος

144 2787 301 2879 στρατιὴν
318 2793 432 2858 πᾶσαν
450 2791 596 2871 ξεινίοισι
616 2793 798 2877 μεγίστοισι
814 2784 873 2854 καὶ
890 2781 997 2854 αὐτόν
1015 2783 1158 2874 Ξέρξην,

141 2889 295 2980 χρήματά
318 2916 355 2958 τε
381 2890 600 2980 ἐπηγγέλλετο
625 2886 831 2977 βουλόμενος
859 2889 892 2968 ές
917 2884 978 2955 τόν
1008 2884 1158 2974 πόλεμον

142 2991 310 3081 παρέχειν.
352 2991 641 3079 ἐπαγγελλομένου
665 2989 704 3059 δέ
726 2987 876 3080 χρήματα
893 2991 1032 3059 Πυθίου
1052 2995 1159 3076 είρετο

142 3094 268 3182 Ξέρξης
292 3094 454 3183 Περσέων
471 3089 551 3172 τοάς
569 3089 773 3180 παρεόντας,
796 3096 848 3169 τίς
871 3114 907 3158 τε
932 3086 998 3157 ἐόν
1017 3084 1158 3176 ἀνδρῶν

143 3192 277 3275 Πύθιος
307 3195 363 3263 καί
392 3192 477 3262 κόσα
511 3191 666 3282 χρήματα
692 3191 891 3280 κεκτημένος
922 3189 1158 3276 ἐπαγγέλλοιτο

141 3300 257 3362 ταῦτα.
294 3297 330 3363 οί
344 3294 383 3363 δὲ
401 3293 513 3363 εἶπαν·
527 3285 573 3372 Ὦ,
583 3296 724 3381 βασιλεῦ
733 3346 744 3380 ,
761 3283 860 3373 οότός
879 3293 958 3378 ἐστι,
976 3288 1015 3370 ός
1031 3316 1081 3359 τοι
1097 3288 1159 3358 τόν

142 3395 271 3481 πατέρα
280 3406 430 3485 Δαρείου
440 3392 630 3484 ἐδωρήσατο
639 3389 681 3482 τῇ
690 3398 902 3485 πλατανίστῳ
911 3394 953 3483 τῇ
962 3392 1089 3482 χρυσέη
1099 3391 1158 3459 καί

142 3497 185 3580 ιη’
198 3489 347 3587 ἀμπέλῳ,
364 3491 403 3575 ἐς
415 3495 473 3563 καί
485 3499 553 3563 νῦν
572 3494 642 3564 ἐστί
661 3497 791 3580 πρῶτος
809 3489 1002 3583 ἀνθρώπων
1019 3490 1157 3585 πλοότῳ
