2500 3925
365 217 452 273 LIB.
483 217 532 276 VI.
568 216 668 273 CA-P.
698 222 832 278 67—70.
1060 222 1102 285 89

92 377 159 462 γάρ
176 398 209 443 τι
224 375 391 461 πρότερον
406 374 551 442 ἐλθόντα
567 377 622 442 καὶ
640 379 894 462 συνευνηθέντα
912 383 1034 450 δοῦναί
1043 409 1101 469 μοι

70 490 72 493 ’
92 471 173 552 τούς
187 470 386 557 στεφάνους.
407 470 516 566 ὁρέων
532 473 573 540 δέ
585 498 627 559 με
641 478 898 564 κατομνυμένην
910 475 929 545 ὁ
942 475 1100 566 Ἀρίστων

93 577 199 658 ἔμαθε
224 568 269 652 τός
291 581 389 639 θείου
401 579 452 657 είη
465 567 660 656 τόπρῆγμα.
683 573 847 640 καὶτοῦτο
861 573 923 659 μὲν
934 579 968 643 οί
977 579 1101 663 στέφα-

92 696 147 739 νοι
164 669 338 757 ἐφάνησαν
353 670 465 747 ἐόντες
484 670 520 759 ἐκ
534 675 595 736 τοῦ
615 664 743 755 ἡρωίου
764 676 824 738 τοῦ
839 669 929 758 παρὰ
943 680 1017 761 τῇσι
1032 673 1101 743 θό-

91 789 169 858 ρησι
183 775 257 855 τῇσι
271 765 424 856 αάλείησι
434 768 629 853 ίδρυμένον,
644 764 682 834 τό
694 769 850 837 καλέουσι
861 767 1099 859 Ἀστραβάκου,

90 869 238 937 τοῦτοδὲ
253 873 288 935 οί
296 867 433 953 μάντιες
447 864 509 935 τόν
522 862 627 933 αὐτόν
637 873 759 935 τοῦτον
772 865 866 956 ἥρωα
882 865 1041 958 ἀναίρεον
1053 868 1100 938 εί-

89 994 156 1035 ναι.
180 965 269 1034 οὕτω
290 965 349 1054 δὴ,
373 959 496 1052 ἀπαϊ,
519 971 602 1051 ἔχεις
623 971 709 1050 πάν,
735 965 818 1035 ὅσον
836 995 869 1036 τι
889 969 945 1036 καί
960 968 1099 1054 βούλεαι

88 1068 273 1134 πυθέσθαι.
301 1061 324 1152 ἢ
339 1063 404 1153 γάρ
419 1067 456 1133 ἐκ
472 1069 534 1132 τοῦ
546 1061 657 1151 ἥρωος
670 1063 793 1133 τούτου
802 1067 961 1153 γέγονας,
976 1071 1036 1134 καί
1046 1090 1097 1134 τοι

87 1167 199 1254 πατήρ
215 1169 285 1235 ἐστι
297 1163 521 1252 Ἀστράβακος
535 1161 554 1232 ὁ
571 1162 678 1249 ἥρως,
693 1161 714 1250 ἦ
728 1162 902 1251 Ἀρίστων·
924 1170 962 1235 ἐν
980 1164 1045 1254 γάρ
1061 1184 1098 1233 σε

87 1274 128 1356 τῇ
138 1271 235 1358 νυκτί
245 1265 349 1355 ταάτη
359 1264 566 1351 ἀναιρέομαι.
585 1263 626 1333 τὰ
638 1269 677 1332 δέ
685 1285 746 1333 σευ
756 1267 898 1354 μάλιστα
908 1266 1097 1336 κατάπτον-

87 1393 142 1434 ται
155 1371 191 1434 οί
203 1363 334 1453 ἐχθροί,
349 1366 519 1453 λέγοντες,
534 1362 580 1444 ἀς
595 1363 697 1444 αὐτός
711 1364 729 1434 ὁ
743 1363 919 1455 Ἀρίστων,
935 1368 991 1437 ὅτε
1005 1367 1096 1458 αὐτῷ

88 1461 132 1531 σύ
147 1461 315 1550 ἠγγέλθης
330 1465 592 1548 γεγεννημένος,
608 1469 744 1531 πολλῶν
758 1462 955 1534 ἀκουόντων
969 1463 1010 1533 οὐ
1028 1465 1096 1553 φή-

87 1564 158 1630 σειέ
172 1580 211 1628 σε
225 1562 354 1628 ἑωυτοῦ
369 1556 471 1643 εἶναι,
486 1555 547 1627 τόν
559 1557 685 1646 χρόνον
697 1557 774 1647 γάρ,
788 1559 868 1640 τούς
883 1564 963 1632 δέκα
977 1567 1095 1647 μῆνας,

86 1656 217 1726 οάδέκω
227 1655 367 1744 ἐξήκειν,
383 1654 513 1745 ἀιδρείῃ
522 1662 593 1723 τῶν
602 1655 766 1724 τοιούτων
777 1659 903 1736 ἐκεῖνος
916 1665 1015 1726 τοῦτο
1030 1654 1094 1725 ἀπ-

86 1759 203 1844 έρριψε
212 1751 250 1822 τό
262 1759 349 1833 ἔπος.
365 1761 516 1824 τίκτουσι
526 1752 593 1841 γάρ
606 1770 763 1841 γυναῖκες
774 1759 830 1826 καί
841 1757 1028 1844 ἐννεάμηνα
1039 1758 1094 1824 καὶ

85 1851 275 1940 ἑπτάμηνα,
297 1855 355 1921 καὶ
373 1850 415 1920 οὐ
433 1859 538 1921 πάσαν
553 1856 634 1921 δέκα
654 1859 760 1940 μῆνας
774 1856 1000 1922 ἐκτελέσασαι·
1028 1850 1094 1938 ε’γώ

84 1955 122 2023 δὲ
143 1953 197 2038 σὲ,
220 1943 338 2037 εἶπαί,
360 1952 551 2040 ἑπτάμηνον
567 1958 691 2023 ἔτεκον.
723 1961 809 2041 ε’γνω
847 1950 886 2022 δέ
908 1951 963 2021 καὶ
989 1946 1090 2029 αάτὸς

80 2050 240 2138 Ἀρίστων
254 2047 296 2118 οὐ
310 2048 393 2137 μετά
404 2050 532 2120 πολλὰν
545 2051 687 2139 χρόνον,
706 2050 751 2132 ὡς
764 2049 930 2142 ἀγνοίητό
946 2056 1023 2129 έπος
1037 2051 1093 2119 ἐκ·

82 2150 182 2239 βάλοι
196 2154 304 2215 τοῦτο.
334 2147 458 2235 λόγους
473 2152 509 2219 δὲ
523 2150 646 2230 ἀλλους
661 2156 736 2238 περὶ
748 2155 899 2239 γενέσιος
912 2158 970 2239 τῆς
984 2168 1093 2219 σεωυ-

82 2254 143 2317 τοῦ
157 2244 202 2335 μη
217 2247 331 2314 δέκεο·
346 2243 388 2314 τά
402 2244 468 2334 γάρ
483 2245 693 2335 ἀληθέστατα
705 2249 815 2318 πάντα
825 2248 980 2337 ἀκήκοας.
1004 2252 1041 2319 ἐκ
1055 2249 1092 2318 δὲ

83 2345 285 2433 ὀνοφορβῶν
299 2342 391 2435 αὐτῷ
408 2372 444 2414 τε
457 2354 645 2439 Λευτυχίδη
660 2353 716 2419 καὶ
735 2364 821 2419 τοῖσι
837 2358 941 2419 ταῦτα
956 2355 1091 2438 λέγουσι

80 2451 224 2513 τίκτοιεν
237 2447 275 2510 αί
286 2457 444 2529 γυναῖκες
458 2450 587 2525 παῖδας.
624 2446 670 2515 Ἡ
679 2450 741 2533 μὲν
762 2446 803 2535 δὴ
820 2456 924 2516 ταῦτα
939 2454 1049 2537 ἔλεγε,
1070 2446 1087 2518 ὁ
1106 2465 1141 2519 70

83 2543 119 2610 δὲ
130 2540 326 2627 πυθόμενός
336 2566 372 2609 τε
382 2539 423 2608 τά
431 2542 588 2630 ἐβούλετο
598 2549 655 2613 καὶ
662 2546 780 2613 ἐπόδια
790 2542 905 2634 λαβών
912 2546 1090 2634 ἐπορεύετο

81 2643 115 2720 ἐς
129 2634 242 2726 Ἦλιν,
262 2646 309 2729 τῷ
329 2638 420 2732 λόγῳ
435 2638 519 2727 φάς,
541 2639 586 2720 ὡς
601 2646 635 2722 ἐς
647 2640 807 2730 Δελφοάς
826 2642 1032 2731 χρησόμενος
1044 2653 1091 2738 τῷ

80 2744 268 2829 χρηστηρίῳ
283 2737 481 2823 πορεύεταιῖ
493 2739 756 2829 Λακεδαιμόνιοι
772 2745 808 2811 δέ
819 2740 1091 2831 ὑποτοπηθέντες

80 2838 287 2925 Δημάρητον
301 2839 439 2930 δρησμῷ
455 2841 649 2926 ἐπιχειρέειν
664 2842 813 2909 ἐδίωκον.
842 2847 902 2909 καί
915 2866 982 2920 κως
998 2848 1089 2929 ἔφθη

79 2935 303 3013 ἐςΖάκννθον
314 2934 671 3026 διαβάςὸΔημάρητος
682 2942 718 3007 ἐκ
728 2938 936 3027 τῆςἪλιδος.
958 2943 1089 3009 ἐπιδια-

78 3035 199 3121 βάντες
212 3036 249 3104 δέ
268 3040 304 3104 oc
313 3036 576 3123 Λακεδαιμόνιοι
595 3036 701 3106 αὐτοῦ
715 3065 751 3106 τε
772 3038 916 3107 ἅπτοντο
937 3036 1088 3119 καὶτοὺς

78 3131 292 3217 θεράποντας
306 3131 412 3203 αὐτόν
427 3132 653 3223 ἀπαιρέονται.
683 3136 764 3225 μετὰ
780 3139 832 3226 δὲ,
849 3136 890 3206 οὐ
903 3136 970 3225 γάρ
985 3141 1089 3219 ἐξεδί-

78 3236 183 3298 δοσαν
204 3227 310 3299 αὐτόν
331 3238 366 3301 οί
375 3233 582 3321 Ζακύνθιοι,
604 3238 766 3305 ἐνθεῦτεν
789 3243 955 3324 διαβαίνει
975 3238 1009 3317 ές
1024 3233 1088 3324 τὴν

76 3325 185 3414 Ἀσίην
202 3324 293 3414 παρά
308 3336 448 3416 βασιλέα
463 3343 621 3420 Δαρεῖον.
645 3330 663 3401 ὁ
680 3333 717 3403 δέ
733 3333 915 3417 ὑπεδέξατό
931 3362 967 3404 τε
982 3333 1087 3403 αὐτόν

75 3428 260 3512 μεγαλωστί
277 3431 332 3495 καὶ
346 3434 412 3514 γῆν
425 3455 460 3497 τε
475 3432 531 3497 καί
547 3429 645 3509 πόλις
659 3436 769 3500 ἔδωκε.
794 3431 884 3500 οὕτω
900 3429 1035 3504 ἀπίκετο
1054 3437 1086 3511 ές
