2500 3925
153 187 195 250 88
530 190 785 250 HERODOTI

153 345 306 438 μαρήτου
317 346 559 437 ὁιλευτυχιδης,
570 347 718 436 γεγονός
729 348 793 438 ἤδη
804 348 907 430 αὐτὸς
916 348 1084 439 βασιλεύς
1095 347 1186 418 ἄντ’

154 452 303 536 ἐκείνου,
318 452 450 537 πέμψας
465 449 524 518 τόν
533 449 729 536 θεράποντα
740 453 793 517 ἐπὶ.
802 452 926 535 γέλωτί
935 476 972 518 τε
982 453 1040 518 καὶ
1054 447 1189 535 λάσθῃ

154 549 274 635 είρύτα
288 547 349 618 τόν
362 547 585 636 Δημάρητον,
600 545 717 618 ὁκοῖόν
730 576 762 617 τι
777 558 827 636 είη
841 546 878 617 τὰ
898 547 1014 637 ἄρχειν
1029 544 1121 635 μετὰ
1141 546 1188 614 τὸ

151 645 361 734 βασιλεύειν·
381 643 400 712 ὁ
416 646 453 712 δὲ
463 642 667 740 άλγήσαςτῷ
679 644 918 734 ἐπειρωτήματι
933 645 1004 716 εἷπε
1019 644 1094 733 φάς
1110 642 1188 713 αύ-

151 743 207 829 τός
221 746 284 832 μδν
294 741 495 833 άμφοτέρων
508 743 572 832 ἤδη
587 751 823 832 πεπειρῆσθαι,
838 748 970 816 ἐκεῖνον
985 749 1022 815 δὲ
1034 746 1095 834 ού,
1111 745 1187 834 τὴν

151 846 267 931 μέντοι
292 842 512 930 ἐπειρώτησιν
537 842 664 928 ταύτην
684 841 798 930 ἄρξειν
818 849 1129 931 Λακεδαιμονίοισι
1160 837 1186 930 ἦ

151 948 273 1032 μυρίης
288 943 469 1061 κακότητος
481 938 504 1028 ἢ
518 949 640 1029 μυρίης
655 941 875 1031 εὐδαιμονίης.
898 951 1005 1012 ταῦτα
1021 947 1060 1012 δὲ
1074 953 1185 1022 εἴπας

152 1047 208 1112 καὶ
223 1037 579 1126 κατακαλυψάμενος”
556 1066 609 1126 ηιε
625 1042 663 1108 ἐκ
683 1048 745 1110 τοῦ
760 1042 910 1130 θεήτρου
924 1040 1011 1122 ἐς
973 1069 1016 1110 τα
1035 1045 1184 1110 ἑωυτοῦ

152 1145 258 1225 οίκία,
280 1136 400 1206 αὐτίκα
414 1137 450 1206 δέ
471 1140 812 1226 παρασκευασάμενος
826 1148 910 1210 ἔθυε
924 1168 971 1234 τφ
957 1147 1049 1212 Διὶ
1067 1149 1182 1232 βοῦν,

101 1255 137 1310 68
150 1237 262 1316 θύσας
277 1233 362 1304 δὲ
326 1262 388 1355 την
403 1237 528 1323 μητέρα
547 1237 692 1306 ἐκάλεσε.
730 1237 930 1329 Ἀπικομίνη
952 1240 990 1309 δὲ
1009 1268 1052 1330 τη
1036 1242 1180 1328 μητρί

151 1337 293 1414 ἐσθεὶς’
276 1361 309 1413 ες
319 1331 377 1414 τάς
389 1333 501 1453 χεῖράς
511 1340 546 1403 οί
558 1342 625 1403 τῶν
640 1336 839 1422 σπλάγχνων
850 1341 1045 1410 κατικέτευε
1055 1341 1182 1425 λέγων

149 1435 280 1505 τοιάδε·
309 1428 349 1502 Ὠ
364 1460 483 1521 μητερ,
498 1441 592 1502 θεῶν
606 1455 644 1502 σε
657 1441 725 1502 τῶν
736 1460 771 1502 τε
786 1433 899 1504 ἄλλων
909 1437 1181 1524 καταπτόμενος

148 1535 289 1604 ἱκετεύω
299 1537 427 1601 καὶτοῦ
440 1535 570 1617 ἑρκείου
580 1530 665 1610 Διὸς
678 1537 777 1600 τοῦδε
788 1534 916 1619 φράσαι
927 1563 985 1622 μοι
998 1534 1066 1624 τὴν
1082 1534 1179 1623 ἀλή-

148 1646 267 1721 θειαν,
283 1641 332 1713 τίς
346 1632 412 1721 μεύ
429 1634 498 1701 ἐστι
513 1630 621 1719 πατὴρ
636 1627 731 1723 ὀρθῷ
746 1631 845 1725 λόγφ.
875 1638 1091 1722 Λευτυχίδης
1106 1637 1179 1722 μὲν

148 1733 214 1822 γάρ
229 1740 294 1821 ἔφη
308 1736 346 1802 ἐν
359 1747 445 1802 τοῖσι
458 1737 582 1801 νείκεσι
591 1734 699 1816 λέγων
714 1731 884 1800 κυέουσάν
895 1751 934 1801 σε
948 1735 985 1802 ἐκ
996 1740 1061 1802 τοῦ
1078 1760 1178 1822 προ-

148 1837 249 1919 τέρου
259 1828 383 1918 άνδρδς
393 1828 483 1897 οὕτω
494 1831 608 1897 ἐλθεῖν
618 1827 708 1916 παρὰ
720 1827 917 1918 Ἀρίστωνα,
933 1835 968 1898 oc
981 1831 1019 1899 δὲ
1034 1837 1096 1902 καὶ
1108 1831 1178 1902 τόν

148 1932 368 2021 ματαιότερον
387 1929 491 2017 λόγον
509 1928 664 2014 λέγοντες
682 1935 768 2015 φασί
786 1949 825 1998 σε
847 1932 962 1999 ἐλθεῖν
978 1929 1075 2017 παρά
1098 1940 1176 2003 τῶν

149 2033 305 2102 οἰκετέων
321 2026 382 2097 τδν
403 2026 613 2114 ὀνοφορβόν,
637 2031 692 2095 καὶ
711 2029 768 2113 ἐμὲ
788 2026 874 2097 εἶναι
890 2031 1023 2099 ἐκείνου
1045 2037 1172 2102 παῖδα.

147 2128 213 2217 ε’γοδ
231 2123 280 2197 ὦν
295 2146 333 2194 σε
342 2130 539 2213 μετέρχομαι
553 2132 621 2192 τῶν
634 2131 727 2193 θετόν
742 2132 846 2195 είπεῑν
860 2124 897 2195 τό
914 2124 1060 2248 άληθές·
1085 2130 1174 2200 ούτε

147 2227 279 2314 γάρ,ε
263 2232 296 2296 εί
317 2225 502 2312 πεποίηκάς
525 2251 557 2291 τι
580 2226 650 2291 τῶν
673 2224 878 2310 λεγομένων,
913 2227 1025 2315 μούνη
1042 2225 1086 2315 δη
1105 2253 1174 2297 πε·

146 2332 298 2411 ποίηκας,
313 2349 394 2411 μετα
383 2322 558 2391 πολλέων
569 2318 654 2403 δε,”
633 2348 651 2387 ο
664 2348 698 2387 τε
709 2321 808 2407 λόγος
819 2321 942 2402 πολλός
954 2328 992 2391 ἐν
1002 2327 1170 2418 Σπάρτη,

135 2421 192 2503 ὡς
208 2420 381 2510 Ἀρίστιουι
394 2421 524 2506 σπέρμα
540 2415 742 2487 παιδοποιὸν
763 2417 825 2487 ούκ
840 2422 938 2508 ἐνῆν·
967 2438 1080 2493 τεκεῖν
1096 2425 1170 2513 γάρ

96 2537 132 2593 69
146 2524 190 2595 άν
201 2528 236 2591 οί
242 2519 343 2591 καὶ
305 2547 365 2600 τας
375 2521 537 2609 προτέρας
546 2532 717 2643 χυναῐκας.
732 2515 768 2585 0
779 2518 842 2604 μὲν
853 2518 893 2606 δη
900 2546 1043 2590 τοιαντα
1055 2528 1168 2614 ἔλεγε,

142 2619 377 2713 ἡδέάμείβετο
389 2624 521 2689 τοισίδε.
549 2612 589 2685 Ὠ
600 2631 670 2700 παῖ,
691 2619 799 2686 ἐπείτε
810 2643 851 2703 με
862 2625 973 2708 λιτησι
985 2624 1170 2709 μετέρχεαι

144 2730 250 2793 ίπείν
260 2748 322 2808 την
333 2718 508 2807 αληθειαν,
517 2741 586 2784 παν
599 2718 632 2794 ἐς
642 2714 744 2783 σὲ
686 2715 954 2805 καπιρησεταιτο
944 2717 1150 2806 αληθές
1119 2748 1169 2803 ως

142 2848 185 2910 με
194 2818 339 2940 ἠχάγετο
349 2815 508 2906 Ἀρίστων
519 2815 582 2892 ἐς’
565 2814 805 2896 εωυτού,νυκτδ
814 2819 907 2903 τρίτη
918 2811 985 2883 άπὸ
993 2824 1053 2903 τῆς
1065 2818 1167 2906 πρύ-

141 2946 199 3008 της
208 2912 298 3006 ἦλθέ
306 2942 364 3005 μοι
378 2915 494 3004 φάσμα
507 2910 683 2996 εἰδόμενον
694 2907 877 2999 Ἀρίστωνι,
891 2919 1115 3003 συνευνηθεν
1126 2920 1166 2987 δε

140 3020 221 3099 τούς
235 3016 442 3105 στεφάνους,
458 3011 537 3093 τούς
555 3009 638 3132 εἶχε,
655 3012 727 3096 ἐμοὶ
740 3017 937 3098 περιετίθεε.
966 3016 1024 3081 καὶ
1040 3041 1080 3082 το
1069 3014 1166 3103 μὲν

142 3117 288 3206 οίχόκεε,
299 3143 360 3205 ηκε
373 3116 410 3184 δὲ
420 3110 502 3201 μετὰ
513 3117 619 3181 ταῦτα
628 3106 797 3197 Ἀρίστων.
821 3105 866 3187 ὡς
877 3111 917 3177 δέ
924 3136 967 3196 με
979 3109 1080 3179 είδε”
1060 3138 1166 3200 εχου-

141 3239 207 3285 σαν
221 3214 460 3301 στεφάνους,ε
444 3210 580 3299 είρύτα,
594 3213 644 3286 τις
655 3205 738 3294 είη
718 3232 736 3275 ο
748 3231 806 3293 μοι
817 3206 916 3285 δους
939 3210 1006 3295 ἐμω
994 3206 1061 3278 δὲ
1073 3212 1166 3298 ἐφά-

140 3343 210 3403 μην
224 3318 371 3383 ἐκεῖνον’
395 3308 468 3379 ὁδε
483 3305 546 3377 ούκ
560 3306 756 3375 ὑπεδέκετο·
778 3302 844 3391 ἐμοὶ
862 3308 899 3375 δε
913 3310 1163 3401 κατωμνύμην,

142 3414 276 3499 φαμένη
291 3405 396 3477 αύιδν
416 3403 458 3474 ού
479 3411 587 3484 καλῶς
607 3400 773 3471 ποιέειν’
754 3402 1031 3491 απαρνεόμενον
1054 3407 1164 3501 ὀλίγῳ
