2500 3925
1218 135 1219 167 λ

1219 230 1221 265 λ

1220 266 1221 289 ι

178 266 243 331 234
568 262 821 321 HERODOTI

181 430 254 497 οίδα
269 425 432 513 ἀκούσας,
445 423 536 507 ὅστις
550 427 583 504 ἐς
594 427 686 503 τέλος
702 420 743 491 οὐ
759 430 868 504 κακῶς
879 422 1071 511 ἐτελεύτησε
1082 415 1174 510 πρόρ·

181 535 285 617 ριζος,
308 522 474 613 εὐτυχέων
487 522 528 592 τά
541 524 662 592 πόντα.
694 520 738 590 σό
755 515 804 590 τόν
818 528 885 590 νῦν
899 522 971 609 ἐμοὶ
985 520 1175 608 πειθόμενος

179 635 321 714 ποίησον
341 623 426 714 πρός
450 622 509 704 τὰς
533 620 687 708 εὐτυχίας
709 621 839 689 τοιάδε·
873 626 1055 709 φροντίσας
1080 618 1116 685 τό
1141 611 1175 683 ἀν

180 726 281 815 εὕρῃς
295 725 353 793 ἐόν
368 749 419 792 τοι
434 730 592 792 πλείστου
606 719 718 806 ἀξιον,
741 722 797 787 καὶ
811 716 863 787 ἐπ’
884 711 911 811 ᾦ
932 716 976 787 σύ
991 715 1176 807 ἀπολομένῳ

178 826 321 915 μάλιστα
348 822 410 912 τήν
441 821 552 909 ψυχήν
580 818 754 908 ἀλγήσεις,
788 824 886 886 τοῦτο
911 814 1061 905 ἀπόβαλε
1090 814 1176 900 οὕτω,

177 928 264 1009 ὅκως
287 926 402 1016 μηκέτι
423 922 494 1010 ἥξει
525 924 559 1001 ἐς
582 918 796 1007 ἀνθρώπους.
839 916 882 1007 ήν
911 944 947 986 τε
975 915 1021 1006 μή
1047 919 1177 999 ἐναλλὰξ

177 1027 242 1117 ήδη
259 1023 350 1097 τόπό
364 1025 486 1094 τοότου
501 1028 539 1092 αι’
550 1019 700 1109 εὐτυχίαι
713 1026 789 1111 τῇσι
802 1019 934 1109 πάδησι
948 1025 1177 1108 προσπίπτωσι,
1221 1066 1222 1153 1

132 1145 159 1199 ss
181 1128 293 1221 τρόπῳ
307 1133 352 1220 τῷ
364 1129 396 1208 ἐξ
412 1129 491 1214 ἐμεῦ
506 1123 717 1213 ὑποκειμένῳ
731 1120 823 1192 ἀκέο.
868 1126 980 1189 Ταῦτα
994 1122 1176 1203 ἐπιλεξάμε-

179 1253 238 1307 νος
251 1224 270 1296 ό
286 1226 522 1312 Πολυκράτης,
546 1226 601 1292 καί
622 1222 691 1313 νόῳ
706 1219 821 1311 λαβοδν
833 1218 879 1301 ἀς
891 1224 926 1289 οί
936 1214 978 1289 τό
987 1218 1176 1289 όποτίδοιτο

170 1326 324 1413 Ἄμασις,
347 1328 472 1411 ἐδίζητο
490 1320 543 1392 ἐπ’
566 1315 594 1414 ᾦ
611 1318 656 1389 ἀν
670 1323 813 1409 μα’λιστα
834 1319 895 1410 τήν
913 1320 1024 1410 ψυχήν
1044 1320 1176 1407 ἀσηθείη

179 1424 375 1517 ἀπολομένῳ
389 1432 458 1493 τῶν
478 1431 676 1510 κειμηλίων,
699 1424 872 1511 διζήμενος
887 1422 919 1491 δ’
944 1424 1079 1511 εὕρισκε
1094 1422 1175 1491 τόδε·

178 1520 222 1613 ήυ
243 1528 277 1593 οί
292 1528 434 1611 σφρηγὶς
448 1523 510 1611 τήν
531 1525 653 1611 ἐφόρεε
674 1524 890 1612 χρυσόδετος,
913 1526 1111 1613 σμαράγδου
1125 1521 1177 1610 μὲν

178 1629 280 1693 λίθου
307 1626 426 1711 ἐοῦσα,
453 1631 554 1712 ἔργον
578 1624 616 1692 δὲ
640 1617 685 1711 ήν
711 1624 890 1713 Θεοδώρου
917 1632 977 1693 τοῦ
1005 1625 1178 1712 Τηλεκλέος

177 1727 320 1808 Σαμίου.
351 1724 421 1791 ἐπεὶ
438 1716 486 1792 όν
506 1724 633 1810 ταότην
654 1728 688 1793 οί
708 1724 821 1793 ἐδόκεε
839 1720 1038 1811 ἀποβαλεῖν,
1080 1726 1178 1791 ἐποίεε
1222 1734 1223 1793 λ

179 1823 307 1893 τοιόδε·
330 1825 597 1911 πεντηκόντερον
613 1825 793 1911 πληροίσας
808 1822 943 1911 ἀνδρῶν
958 1826 1054 1911 ἐσέβη
1076 1826 1108 1901 ἐς
1121 1816 1178 1888 αό-
1222 1816 1223 1871 3

177 1926 256 2012 τήν,
278 1918 361 2010 μετά
385 1924 421 1992 δὲ
442 1921 624 2012 ἀναγαγεῖν
646 1926 777 1994 ἐκέλευε
798 1927 831 2005 ἐς
852 1926 888 1994 τό
904 1926 1062 2012 πέλαγος·
1090 1921 1133 2004 ὡς
1148 1920 1178 1990 δὲ

177 2019 244 2090 ἀπδ
266 2028 322 2108 τῆς
343 2021 451 2109 νήσου
473 2021 550 2102 έκδς
567 2025 715 2111 ἐγένετο,
738 2025 973 2112 περιελόμενος
993 2023 1056 2112 τήν
1075 2047 1179 2111 σφρη-

178 2126 254 2209 γῖδα
274 2120 412 2190 πάντων
433 2119 602 2210 δρεόντων
616 2131 685 2192 ταῖν
701 2126 884 2211 συμπλόων
898 2128 1005 2213 ῥίπτει
1022 2127 1056 2204 ἐς
1070 2121 1107 2191 τό
1126 2124 1179 2190 πέ·

176 2232 285 2310 λαγος.
309 2229 408 2291 τοῦτο
423 2225 460 2293 δὲ
475 2226 617 2313 ποιήσας
633 2222 802 2313 ἀπέπλωε,
826 2223 1028 2313 ἀπικόμενος
1043 2229 1080 2293 δὲ
1095 2227 1129 2303 ἐς
1143 2218 1177 2290 τά

133 2337 162 2389 ιλ
178 2328 265 2390 οίκία
285 2331 444 2414 συμφορή
465 2327 591 2410 ἐχρᾶτο.
637 2327 776 2413 Πέμπτη
796 2322 833 2392 δὲ
853 2320 874 2412 ή
895 2326 972 2412 ἕκτη
991 2320 1099 2411 ἡμέρη
1119 2317 1177 2389 ἀπὸ
1223 2397 1224 2402 1

178 2420 307 2487 τούτων
319 2421 397 2490 τόδε
411 2426 446 2491 ot
454 2423 634 2511 συνήνεικε
647 2427 825 2510 γενέσθαι·
848 2419 934 2511 ἀνήρ
945 2421 1060 2502 ἀλιεός
1070 2418 1179 2510 λαβάν
1223 2429 1224 2446 λ

177 2517 279 2605 ίχθόν
295 2523 450 2608 με’γαν·τε
472 2523 527 2591 καί
542 2519 649 2590 καλόν
662 2519 758 2609 ήξίου
774 2547 833 2608 μιν
847 2520 1060 2608 Πολυκράτεῖ
1073 2523 1179 2606 δῶρον
1223 2577 1224 2582 ,

176 2623 337 2705 δοθῆναι·
359 2622 474 2706 (γέρων
490 2619 530 2707 δή
542 2624 595 2691 ἐπὶ
609 2618 668 2699 τάς
679 2623 790 2706 θύρας
803 2621 1014 2706 Πολυκράτεῖ
1027 2626 1092 2707 ἔφη
1108 2621 1180 2688 ἐθέ-

175 2724 247 2785 λειν
271 2719 385 2784 ἐλθεῖν
415 2720 448 2796 ἐς
473 2716 570 2807 ότβιν,
595 2720 810 2807 χωρήσαντος
830 2721 870 2788 δέ
890 2723 924 2788 oc
945 2720 1068 2788 wv‘wv
1093 2726 1180 2804 ἔλεγε

175 2811 291 2893 διδοδς
312 2811 373 2882 τόν
399 2817 520 2901 ίχθόν·
559 2811 597 2885 Ὠ
612 2826 771 2907 βασιλεῦ,
800 2817 864 2907 ἐγω
890 2819 988 2889 τόνδε
1012 2818 1098 2889 ἑλόν
1122 2815 1181 2886 οὐκ

174 2917 351 2982 ἐδικαίωσα
369 2917 486 3001 φέρειν
507 2918 540 2994 ἐς
561 2914 707 3006 ἀγορήν,
732 2927 850 3004 καίπερ
870 2947 908 3008 γε
924 2918 989 2989 ἐόν
1006 2919 1181 3007 ἀποχειρο-

173 3019 309 3101 βίωτος,
332 3010 417 3082 ἀλλά
432 3040 490 3100 μοι
505 3016 619 3084 ἐδόκεε
640 3024 701 3085 σεῦ
718 3043 752 3085 τε
769 3016 853 3087 εἶναι
874 3017 965 3100 ἄξιος
980 3021 1035 3086 καί
1051 3026 1109 3104 τῆς
1125 3019 1182 3100 σῆς

173 3109 291 3198 ἀρχῆς·
313 3114 366 3178 σοί
387 3111 430 3198 δή
452 3139 512 3198 μιν
534 3116 649 3200 φέρων
675 3118 804 3201 δίδωμι.
844 3113 880 3184 Ὁ
902 3117 939 3183 δὲ
961 3113 1079 3203 ἡσθεὶς
1099 3125 1183 3180 τοῖσι

173 3215 264 3276 ἔπεσι
280 3205 448 3296 ἀμείβεται
459 3216 600 3280 τοιαίδε·
628 3213 740 3297 Κάρτα
754 3239 790 3282 τε
801 3206 841 3281 εό
856 3215 1013 3301 ἐποίησας
1023 3214 1079 3281 καί
1089 3210 1184 3298 χάρις

173 3306 292 3390 διπλόη
304 3311 372 3372 των
387 3333 422 3374 τε
433 3308 545 3393 λόγων
562 3314 617 3378 καί
632 3318 693 3379 τοῦ
708 3312 838 3399 διόρον·
860 3319 918 3380 καί
927 3331 965 3380 σε
978 3313 1032 3380 ἐπί
1044 3315 1183 3380 δεῖπνον

172 3405 344 3487 καλέομεν.
379 3399 415 3470 Ὁ
429 3404 492 3488 μὲν
507 3404 548 3491 δή
567 3404 681 3488 ἀλιεύς
698 3413 782 3496 μέγα
798 3409 998 3495 ποιεόμενος
1012 3416 1117 3478 ταῦτα
1130 3403 1186 3494 ήιε

172 3500 205 3574 ἐς
219 3494 259 3562 τότ
277 3503 382 3585 οίκία,
405 3497 464 3566 τόν
478 3503 515 3570 δὲ
537 3505 640 3591 ίχθῦν
654 3509 837 3595 τάμνοντες
855 3514 889 3577 οἱ
900 3509 1110 3596 θεράποντες
1123 3500 1178 3573 εδ-
