2500 3925
169 211 230 275 146
546 211 802 270 HERODOTI

165 399 269 460 τρως,
293 369 330 451 δς
352 369 390 440 τό
417 377 553 458 πρῶτον
568 368 709 457 γνύμην
730 366 911 452 ἀπεδέξατο
929 375 1118 460 ἐλευθέρως
1138 375 1179 441 ού

166 469 410 558 συμβουλεύων
424 471 529 558 Ξέρξη
542 468 783 557 στρατεύεσθαι
801 472 854 538 ἐπὶ
867 468 929 557 τὴν
938 469 1097 557 Ἑλλάδα,
1113 464 1176 540 ού·
1243 479 1244 556 λ

165 592 220 648 τος
235 566 327 658 ὡνὴρ
342 570 507 658 φρασθεὶς
522 571 651 656 Ξέρξην
660 567 875 655 δακρύσαντα
889 578 995 655 είρετο
1009 569 1105 637 τάδε·
1132 562 1173 636 Ὠ
1243 585 1244 632 ι

164 673 321 754 βασιλεῦ,
339 664 383 746 ὡς
397 663 525 735 πολλόν
539 663 695 753 ἀλλήλων
706 657 932 754 κεχωρισμένα
946 668 1090 755 ἐργάσαο
1106 675 1173 734 νῦν

164 793 200 836 τε
213 768 269 834 καὶ
282 761 383 855 ὀλίγῳ
398 763 579 854 πρότερον·
599 770 784 852 μακαρίσας
801 761 867 852 γάρ
883 763 1033 834 σεωυτόν
1044 766 1174 854 δυκρύ-
1243 765 1244 795 ³

165 892 221 945 εις.
232 863 269 932 Ὁ
280 861 411 932 δὲελπε·
425 861 564 949 Ἐσῆλθε
575 863 640 948 γάρ
651 889 693 950 με
702 863 926 950 λογισάμενον
937 878 1171 951 κατοικτεῖραι,
1243 887 1244 900 ’

165 961 210 1043 ὡς
221 960 347 1051 βραχύς
359 971 409 1049 είη
424 959 443 1030 ὁ
457 969 521 1041 πᾶς
535 958 752 1050 άνθρωπήίος
765 967 849 1050 βίος,
865 968 896 1030 εί
903 962 1033 1030 τούτων
1043 986 1082 1048 γε
1092 960 1172 1029 έόν-

166 1087 232 1131 των
245 1061 416 1129 τοσούτων
433 1058 543 1140 οὐδεὶς
559 1063 592 1140 ές
608 1057 787 1129 ἑκατοστόν
801 1064 873 1139 ἔτος
885 1064 1062 1145 περιέσται.
1079 1057 1117 1128 ‘0
1133 1063 1170 1126 δὲ

164 1160 315 1248 άμείβετο
331 1162 454 1246 λέγων·
474 1158 591 1247 Ἕτερα
610 1159 734 1227 τούτου
752 1155 843 1246 παρὰ
858 1156 921 1245 τὴν
942 1159 1020 1244 ζόην
1039 1157 1170 1226 πεπόυ-
1243 1221 1244 1226 ,

166 1268 275 1346 θαμευ
289 1258 490 1347 οἰκτρότερα.
514 1261 552 1328 έν
563 1255 631 1346 γάρ
646 1255 735 1326 ούτω
749 1261 864 1346 βραχέί
877 1264 939 1346 βίιι
953 1257 1064 1337 οὐδεὶς
1076 1255 1169 1326 οὕτω
1243 1281 1244 1334 ι

163 1358 344 1449 ἄνθρωπος
359 1357 424 1428 έδν
438 1358 606 1447 εὐδαίμων
619 1363 764 1446 πέφυκε,
779 1354 857 1426 οὕτε
866 1360 997 1427 τούτων
1010 1357 1088 1428 οὔτε
1098 1366 1169 1426 τῶν
1243 1348 1244 1390 ³

163 1457 292 1547 ἄλλων,
307 1466 353 1551 τῷ
369 1457 411 1527 οὐ
426 1460 670 1547 παραστήσεται
687 1456 846 1535 πολλάκις
861 1459 916 1525 καλ
927 1454 1002 1526 ούκὶ
1013 1455 1101 1537 ἅπαξ
1112 1483 1169 1524 τε-

166 1561 290 1630 θνάναι
305 1560 491 1649 βούλεσθαι
505 1568 634 1648 μᾶλλον
648 1557 670 1647 ἢ
686 1561 789 1642 ζόειν.
817 1561 855 1626 αἳ
866 1585 902 1627 τε
915 1557 979 1647 γὰρ
994 1563 1169 1646 συμφοραὶ

167 1659 428 1749 προσπίπτουσαι
439 1664 494 1731 καλ
505 1666 542 1730 αί
546 1668 664 1730 νοῦσοι
677 1661 967 1750 συνταράσσουσαι
975 1663 1029 1728 καὶ
1034 1659 1167 1749 βραχύν

165 1758 260 1827 ἐόντα
273 1755 404 1846 μακρόν
415 1762 544 1829 δοκέειν
556 1758 641 1828 εἶναι
651 1767 783 1829 ποιεῦσι
793 1756 854 1828 τόν
864 1765 949 1848 βίον.
966 1757 1062 1828 οὕτω
1072 1757 1091 1828 ὁ
1103 1762 1166 1846 μὲν

164 1857 309 1938 θάνατος
319 1866 491 1947 μοχθηρῆς
499 1860 618 1946 έούσης
628 1867 685 1948 τῆς
695 1860 769 1947 ζόης
777 1855 952 1946 καταφυγὴ
963 1858 1166 1946 αἱρετωτάτη

160 1965 207 2052 τῷ
217 1954 389 2050 άνθρύπφ
399 1960 528 2047 γέγονε,
543 1956 561 2028 ὁ
573 1960 609 2027 δὲ
619 1955 702 2039 θεός
712 1956 842 2046 γλυκύν
852 1959 975 2045 γεύσας
987 1957 1048 2028 τδν
1059 1964 1166 2027 αίῶυα

114 2076 147 2133 47
164 2053 335 2144 φθονερός
349 2060 387 2125 έν
404 2056 494 2148 αὐτῷ
509 2056 696 2144 εὑρίσκεται
712 2059 785 2127 έοόν.
821 2061 946 2147 Ι,Ξέρξης
959 2062 996 2128 δέ
1011 2057 1165 2148 άμείβετο

161 2158 285 2241 λέγων·
317 2153 513 2245 Ἀρτάβανε,
535 2164 648 2245 βιοτῆς
668 2158 731 2244 μέν
750 2184 816 2227 νυν
838 2155 1057 2246 ἀνθρωπηίης
1075 2158 1166 2244 πέρι,

161 2252 281 2339 έούσης
293 2253 465 2341 τοιαύτης,
499 2260 637 2341 οἴηυπερ
664 2257 706 2326 σύ
732 2259 871 2345 διαιρέαι
901 2256 1002 2343 εἶναι,
1025 2256 1168 2325 παυσό-

160 2358 266 2436 μεθα,
293 2351 376 2437 μηδ)
408 2354 521 2417 κακῶν
544 2347 748 2438 μεμνώμεθα
779 2355 902 2443 χρηστά
926 2364 1055 2444 ἔχοντες
1075 2356 1167 2443 πρή-

163 2452 321 2543 γματα-έν
334 2457 442 2537 χερσί·
463 2451 598 2540 φράσον
615 2455 655 2522 δέ
668 2480 725 2541 μοι
739 2455 833 2523 τόδε·
858 2464 892 2523 εί
906 2453 992 2544 τοιὴ
1009 2452 1085 2536 ὄψις
1095 2460 1165 2521 ’τοῦ

163 2554 323 2619 ἐνυπνίου
337 2548 383 2637 μὴ
398 2550 540 2640 ἐναργὴς
556 2551 644 2620 ούτω
660 2550 785 2642 ἐφάνη,
801 2549 938 2640 είχεςάν
948 2552 1010 2642 την
1020 2550 1165 2641 ιἰρχαίην

162 2650 315 2738 γνύμην,
337 2649 400 2719 ούκ
421 2655 485 2720 έῶν
500 2678 541 2739 με
556 2652 797 2739 στρατεύεσθαι
817 2649 870 2720 inl
883 2651 945 2740 τὴν
960 2650 1118 2738 Ἑλλάδα,
1140 2647 1165 2737 ἢ
1243 2666 1244 2671 ’

159 2753 314 2838 μετέστης
327 2747 388 2833 άυς
403 2751 486 2838 φέρε
498 2778 556 2837 μοι
570 2758 669 2819 τοῦτο
684 2748 845 2837 ἀτρεκέως
860 2755 939 2821 είιιέ.
962 2751 998 2821 ‘0
1014 2754 1051 2821 δὲ
1066 2748 1162 2837 άμεί-
1243 2780 1244 2783 ’

158 2857 234 2938 βετο
246 2854 371 2936 λέγων·
388 2843 428 2918 Ὠ
439 2856 588 2939 βασιλεύ,
601 2848 677 2933 ὄφις
687 2848 779 2939 μὲνὴ
791 2848 988 2938 ἐπιφανεῖσα
998 2855 1060 2918 τοῦ
1071 2846 1163 2918 όυεί-
1243 2854 1244 2899 ³

158 2976 238 3036 ρου,
255 2946 299 3028 όις
313 2949 510 3037 βουλόμεθα
525 2948 726 3039 άμφότεροι,
742 2951 964 3040 τελευτήσειε’
984 2949 1049 3037 ἐγιδ
1065 2947 1096 3017 δ’
1114 2956 1163 3019 ἔτι
1243 2960 1244 2985 ¹

157 3052 212 3118 καί
227 3046 261 3127 ἐς
276 3049 354 3117 τόδε
368 3050 520 3137 δείματός
531 3056 595 3138 είμι
607 3048 775 3132 ὑπόπλεος
785 3050 861 3121 οὐδ’
873 3051 966 3131 έυτός
980 3054 1162 3140 ἐμεωυτοῦ,

157 3148 290 3220 ἄλλοτε
309 3146 415 3217 πολλοὶ
432 3149 681 3237 ἐπιλεγόμενος,
702 3154 756 3220 καλ
774 3148 887 3240 δήκαὶ
907 3148 1014 3236 ὁρέων
1030 3176 1082 3218 τοι
1097 3150 1161 3218 δύο
1243 3144 1244 3179 ³

107 3267 144 3321 48
159 3247 199 3318 τά
213 3252 351 3336 μέγιστα
365 3249 502 3318 πάντων
519 3252 617 3319 έόντα
631 3252 867 3339 πολεμιώτατα.
890 3255 1012 3337 Ξέρξης
1026 3252 1061 3319 δὲ
1075 3249 1162 3339 πρός
1243 3310 1244 3343 3

157 3352 262 3413 ταῦτα
277 3341 430 3433 ἀμείβετο
445 3354 585 3417 τοιοίδε·
612 3350 778 3438 Δοιμόνιε
793 3349 944 3438 ἀνδρῶν,
966 3364 1041 3419 κοῖα
1055 3359 1162 3419 ταῦτα

158 3450 263 3525 λέγεις
278 3467 335 3524 μοι
357 3441 442 3512 εἶναι
459 3447 521 3513 δύο
543 3449 789 3533 πολεμιώτατος
816 3448 938 3532 κότερά
958 3472 1010 3515 τοι
1026 3446 1044 3516 ὁ
1062 3446 1161 3529 πεζός
1243 3456 1244 3461 ’
