2500 3925
344 226 428 283 LIB.
459 226 508 281 IV.
541 224 642 283 GAP.
673 229 815 284 95-99.
1021 216 1084 282 337

99 386 186 467 μέσον
200 407 304 470 φερω,
327 379 428 463 αὐτὸς
448 388 564 470 μέντοι
579 382 705 468 ἕψομαί
722 406 774 448 τοι
795 384 851 449 καλ
872 376 936 449 οόκ
952 374 997 447 όν
1013 386 1083 447 λετ·

99 486 215 567 φθείην.
258 479 375 566 Κάρτα
396 508 432 549 τε
452 481 547 569 ῆσθη
567 488 607 571 τῆ
633 478 752 569 γνάμη
765 489 926 565 Δαρεῖος,
947 483 1007 547 καί
1023 505 1084 565 μιν

98 577 239 667 άμείρατο
252 584 393 648 τοιοίδε·
425 588 521 658 Ξεῑνε
532 580 672 666 Λέσβιε,
694 580 865 657 σωθέντος
880 580 961 665 έμεῦ
976 574 1083 646 ὀπίσω

97 684 123 758 ές
135 678 219 747 οἶκον
240 678 301 749 τόν
323 677 406 767 έμδν
420 679 611 768 ἐπιφάνηθί
624 704 682 765 μοι
702 678 853 771 πάντως,
875 681 933 745 ἵνα
954 698 992 745 σε
1009 675 1084 747 άντί

95 785 216 865 χρηστῆς
223 786 429 867 συμβουλίης
438 793 607 867 χρηστοῖσι
615 783 742 865 ἔργοισι
748 773 948 862 άμείψωμαι.
968 780 1080 843 Ταῦτα
1096 784 1133 841 98

94 885 172 955 ελπας
185 881 238 947 καὶ
252 877 390 961 ἀπάψας
404 879 538 967 ἅμματα
555 877 716 966 ἑξήκοντα
731 879 769 944 έν
783 874 916 963 ἱμάντι,
941 878 1084 955 καλέσας
1151 865 1157 880 ’

94 978 120 1051 ἐς
130 972 243 1061 λόγους
263 974 344 1057 τοὺς
362 976 485 1047 Ἰάνων
499 977 690 1063 τυράννους
705 980 798 1062 ἔλεγε
810 974 906 1044 τάδε·
941 970 1083 1060 Ἀνδρος

88 1072 195 1163 Ἴωνες,
216 1074 237 1165 ῆ
259 1077 323 1165 μέν
343 1077 509 1167 πρότερον
526 1078 646 1165 γνοόμη
662 1073 886 1163 ἀποδεχθεῖσα
900 1077 934 1155 ές
947 1072 1010 1161 τῆν
1023 1078 1080 1160 γέ-

92 1200 189 1260 φυραν
201 1184 369 1262 μετείσθω
382 1204 457 1265 μοι,
480 1182 610 1263 ἔχοντες
625 1176 662 1242 δὲ
675 1170 737 1242 τόν
754 1171 876 1258 ίμάντα
892 1170 992 1241 τόνδε
1003 1199 1078 1241 ποι-

91 1271 247 1341 έετετάδε·
265 1274 368 1342 ἐπεάν
378 1300 419 1361 με
430 1279 521 1362 ίδητε
531 1274 668 1361 τάχιστα
678 1270 910 1359 πορευόμενον
920 1273 974 1339 έπί
984 1271 1077 1339 Σκό-

90 1377 157 1454 θος,
177 1367 241 1439 άπό
257 1372 383 1441 τούτου
399 1371 580 1460 ἀρξάμενοι
594 1378 657 1440 τοῦ
671 1371 799 1456 χρόνου
813 1370 910 1439 λύετε
926 1368 1020 1458 άμμα
1040 1374 1079 1439 ἓν

90 1466 210 1555 ἑκάστης
227 1466 372 1559 ἡμέρης·
397 1468 441 1559 ῆν
464 1474 501 1539 δὲ
516 1474 554 1539 έν
566 1472 676 1563 τοότφ
691 1477 736 1561 τῷ
756 1470 867 1563 χρόνφ
887 1468 932 1558 μῆ
953 1472 1077 1556 παρέω,

89 1561 157 1633 ἀλλὰ
171 1570 369 1649 διεξέλθωσι
392 1568 475 1657 ὑμῖν
499 1575 536 1639 αλ
557 1568 680 1657 ἡμέραι
702 1574 771 1637 τῶν
792 1566 970 1658 ἁμμάτων,
992 1566 1079 1637 άπο-

88 1664 196 1733 κλείετε
210 1668 245 1746 ές
263 1665 326 1755 τῆν
342 1665 508 1757 ὑμετέρην
523 1666 645 1737 αότοῑν.
675 1672 771 1757 μέχρι
788 1670 825 1737 δὲ
845 1670 984 1755 τούτου,
997 1671 1082 1742 έπεί-

87 1789 115 1827 τε
127 1762 209 1833 οὕτω
222 1771 395 1857 μετέδοξε,
418 1767 607 1857 φυλάσσετε
618 1765 681 1855 τῆν
693 1772 845 1855 σχεδίην,
862 1775 973 1837 πάσαν
991 1791 1079 1854 προ-

87 1872 199 1953 θυμίην
213 1875 379 1957 σωτηρίης
392 1896 428 1937 τε
440 1871 495 1939 καὶ
508 1875 661 1957 φυλακῆς
670 1868 902 1956 παρεχόμενοι.
925 1874 1029 1935 ταῦτα
1041 1867 1078 1935 δέ

86 1971 245 2046 ποιεῦντες
259 1971 332 2055 ἐμοὶ
344 1969 497 2056 μεγάλως
514 1967 696 2054 χαριέεσθε.
735 1979 881 2056 Δαρεῖος
894 1970 958 2056 μέν
971 1975 1076 2037 ταῦτα

87 2071 165 2144 εἴπας
178 2067 211 2145 ές
224 2063 265 2134 τό
281 2068 397 2155 πρόσω
409 2066 573 2157 ἠπείγετο.

156 2172 221 2253 Τῆς
234 2167 272 2234 δὲ
282 2175 457 2255 Σκυθικῆς
466 2175 527 2256 γῆς
537 2165 557 2256 ῆ
568 2175 696 2255 Θρηίκη
707 2164 743 2236 τδ
756 2171 789 2247 ές
798 2166 976 2238 θάλασσαν
986 2192 1072 2254 προ-
1087 2163 1125 2222 ⁹⁹

85 2264 186 2335 κέεται.
206 2265 339 2334 κόλπου
354 2269 389 2334 δὲ
404 2265 574 2354 άγομένον
586 2274 645 2353 τῆς
661 2275 721 2353 γῆς
740 2267 863 2355 ταύτης
877 2263 897 2356 ῆ
916 2265 1077 2354 Σκυθικῆ

85 2389 112 2429 τε
124 2366 288 2435 ἐκδέκεται
303 2370 358 2436 καὶ
372 2365 526 2454 δ”Ιστρος
541 2371 670 2436 έκδιδοῑ
680 2371 714 2447 ές
727 2365 850 2455 αὐτὴν,
872 2365 957 2454 πρός
972 2360 1076 2455 εὖρον

84 2459 194 2548 ἄνεμον
208 2461 249 2531 τό
267 2464 373 2552 στόμα
386 2470 616 2553 τετραμμένος.
640 2462 678 2532 τό
697 2465 733 2533 δὲ
754 2463 819 2532 άπὸ
830 2462 965 2552 Ἴστρου
979 2469 1074 2549 ἔρχο-

84 2587 131 2642 μαι
149 2564 328 2648 σημανέων
348 2561 385 2631 τό
403 2563 488 2651 πρὸς
507 2565 685 2634 θάλασσαν
705 2560 807 2649 αὐτῆς
826 2569 884 2650 τῆς
897 2570 1073 2649 Σκυθικῆς

83 2660 176 2748 χάρης
196 2664 232 2742 ές
245 2663 413 2750 μέτρησιν.
440 2661 505 2732 άπό
517 2664 651 2751 Ἴστρου
666 2661 750 2750 αὕτη
764 2661 827 2750 ἤδη
846 2659 962 2749 άρχαίη
978 2671 1073 2730 Σκυ-

82 2760 151 2847 θικῆ
172 2762 258 2848 ἐστι,
280 2759 365 2847 πρὸς
381 2770 590 2850 μεσαμβρίην
610 2763 721 2830 τεκαὶ
741 2759 843 2829 νότον
863 2758 990 2848 όνεμον
1003 2787 1073 2828 κει-

83 2861 169 2946 μένη,
183 2862 279 2947 μέχρι
291 2861 407 2940 πόλιος
422 2865 624 2947 καλεομένης
635 2864 880 2948 Καρκινίτιδος.
902 2858 940 2928 τό
953 2861 989 2926 δὲ
1004 2854 1071 2927 άπδ

83 2957 189 3045 ταύτης
213 2955 276 3045 τῆν
299 2960 362 3044 μέν
387 2963 439 3028 ἐπὶ
463 2962 641 3028 θάλασσαν
666 2957 729 3047 τῆν
755 2956 862 3046 αι’πῆν
887 2963 1071 3046 φέρουσαν,

84 3056 193 3124 έοῦσαν
207 3054 345 3145 ὀρεινήν
358 3085 394 3126 τε
407 3060 521 3146 χόρην
532 3063 587 3127 καὶ
596 3062 821 3146 προκειμένην
831 3054 868 3126 τό
881 3059 915 3136 ές
924 3057 1070 3145 Πόντον,

85 3155 202 3237 νέμεται
222 3154 259 3223 τό
279 3156 450 3240 Ταυρικὸν
472 3165 572 3237 ἔθνος
589 3163 683 3245 μέχρι
699 3155 905 3245 χερσονήσου
919 3163 976 3244 τῆς
989 3183 1071 3244 τρη·

83 3261 145 3348 κὲης
163 3268 383 3355 καλεομένης·
409 3265 494 3358 αὕτη
514 3271 552 3340 δέ
566 3274 600 3351 ές
618 3271 796 3342 θάλασσαν
807 3272 871 3361 τῆν
884 3271 967 3360 πρός
984 3268 1070 3361 άπη-

83 3364 193 3455 διότηυ
205 3366 330 3458 ἄνεμον
343 3370 490 3461 κατήκει.
519 3374 667 3463 ἔστιγὰρ
686 3380 744 3462 τῆς
758 3380 936 3464 Σκυθικῆς
954 3373 996 3446 τά
1011 3375 1073 3445 δόο

84 3469 171 3554 μέρεα
188 3477 257 3542 τῶν
276 3470 389 3563 οὔρων
410 3478 443 3557 ές
461 3475 640 3546 θάλασσαν
661 3479 825 3562 φέροντα,
852 3477 914 3565 τῆν
932 3506 969 3546 τε
991 3474 1073 3562 πρός

156 3589 253 3631 mon.
269 3576 289 3630 Ι.
872 3586 907 3635 n
