2500 3925
127 274 149 336 ς
505 262 756 322 εοεοοοτι

130 427 278 517 είναι,”
255 454 360 518 ηγαγε
379 426 440 496 τόν
455 425 609 511 Γύγην’
592 450 625 501 ες
640 420 678 489 τδ
696 430 838 506 οἴκημα,
861 418 917 485 καὶ
930 414 1011 502 μετὰ
1027 420 1131 481 ταῦτα
1243 481 1244 514 ,

129 528 248 601 αύιίκα
264 537 376 617 παρῆν
391 523 479 596 καὶ
461 553 481 613 η
498 526 603 613 γυνη
633 526 843 592 ἐσελθοῦσαν
859 520 896 588 δὲ
911 523 1132 586 καδτοθεῑσαν
1243 521 1244 538 ²

130 630 170 700 τά
188 634 303 717 εἵματα
317 623 482 715 ἐθηέετοὸ
497 625 619 710 Γύγης
654 620 699 701 ὡς
720 623 756 689 δέ
775 616 858 703 κατά
876 618 987 687 νότου
1002 618 1132 702 ἐγένετο

131 730 247 857 λούσης
259 735 317 815 τῆς
327 723 487 814 γυναικὸς
498 721 578 803 ἐς
543 742 605 809 την
619 729 746 808 κοίτην,
762 716 911 798 ὑπεκδύς
926 717 1045 805 ἐχόρεε
1060 715 1131 793 ἔξω.

132 824 221 916 καὶὴ
237 854 324 914 γυνη
313 824 447 915 ἐπορᾷ
464 850 523 910 μιν
540 823 681 902 ἐξιόντα.
708 826 868 907 μαθοῦσα
882 819 918 885 δὲ
933 841 970 884 το
960 811 1134 898 ποιηθὲν

132 931 168 997 ε’κ
184 934 244 995 τοῦ
265 922 452 1013 ἀνδρδς”
409 950 487 991 ουτε
502 920 651 1009 ἀνέβωσε
688 927 907 1006 αἰσχυνθεῖσα
946 915 1025 985 ούτε
1042 916 1134 991 ἔδοξε

132 1031 284 1115 μαθέειν,
301 1027 339 1093 ἐν
352 1024 421 1115 νόμ
439 1030 559 1110 ἔχουσα
575 1030 727 1090 τίσεσθαι
737 1016 798 1087 τόν
809 1016 1026 1101 Κανδαύλην·
1043 1010 1133 1096 παρὰ

132 1126 197 1216 γὰρ
220 1140 306 1194 τοῖσι
326 1128 484 1207 Λυδοῖσι,
510 1118 631 1207 σχεδόν
654 1122 690 1187 δέ
711 1124 767 1187 καὶ
786 1115 877 1204 παρὰ
895 1130 984 1184 τοῖσι
1004 1112 1134 1182 ἀλλοισι
1245 1171 1246 1178 ,

133 1225 350 1315 βαρβάροισι,
375 1226 446 1290 καὶ·
455 1221 563 1308 ἀνδρα
589 1218 743 1306 ὀφθῆναι
762 1215 896 1304 γυμνόν
917 1219 951 1295 ἐς
971 1215 1134 1337 αἰσχύνην

86 1348 118 1403 11
130 1326 280 1415 μεγάλην
292 1329 395 1443 φέρει
427 1323 509 1391 Τότε
520 1324 582 1407 μὲν
593 1322 634 1408 δη
647 1320 737 1388 οὕτω
749 1318 851 1388 οὐδὲν
863 1312 1066 1407 δηλώσασαε
1049 1336 1135 1404 ησυ-
1246 1399 1247 1416 ρ

132 1422 251 1514 χίην
221 1434 301 1511 ειχέ·
331 1419 376 1501 όις
391 1423 428 1491 δὲ
441 1420 548 1509 ἡμέρη
561 1424 697 1509 τάχιστα
712 1422 881 1508 ἐγεγόνεε,
898 1428 967 1492 τῶν
980 1423 1133 1489 οἰκετέων
1246 1443 1247 1446 ’

132 1524 213 1605 τοῦς
226 1520 410 1610 μάλιστα
382 1548 453 1610 ωρα
466 1520 605 1603 πιστούς
616 1523 761 1603 ἐόντας
743 1530 860 1614 εωυτῇ,
875 1528 1026 1612 ἑτοίμους
1035 1546 1132 1607 ποιη-

134 1629 260 1714 σαμένη
272 1626 387 1694 έκόλεε
400 1623 460 1692 τδν
470 1626 591 1711 Γύγεα.
608 1623 626 1692 6
639 1627 677 1692 δὲ
688 1623 790 1692 οῦδὲν
804 1628 932 1693 δοκέων
946 1620 1054 1710 αὐτὴν
1066 1628 1135 1689 τῶν

133 1729 353 1814 πρηχθέντων
367 1728 564 1793 ἐπίστασθαι
592 1720 675 1812 ἦλθε
705 1727 922 1811 καλεόμενος·
951 1722 1134 1811 ἐόθεεγάρ

134 1834 190 1899 καὶ
204 1828 353 1914 πρόσθε,
377 1824 464 1905 ὅκως
480 1823 501 1913 ἡ
519 1833 671 1915 βασίλεια
687 1830 816 1911 καλέοι,
839 1832 971 1911 φοιτᾶν,
1005 1823 1101 1904 ὡςδὲ
1116 1820 1134 1892 δ

133 1929 246 2015 Γύγης
257 1923 403 2009 ἀπίκετο,
416 1930 508 2012 ἔλεγε
521 1924 542 2014 ἡ
554 1924 642 2015 γυνη
656 1926 752 1994 τάδε·
768 1932 848 1994 Νῦν
861 1952 913 1996 τοι
930 1931 1027 1995 δυοῖν
1041 1924 1136 1996 ὁδοῑν
1248 1955 1249 1979 ι

133 2029 366 2115 παρεουσέων,
384 2027 495 2112 Γύγη,
513 2031 633 2113 δίδωμι
654 2030 800 2113 αἵρεσιν,
824 2024 986 2113 ὁκοτέρην
999 2027 1136 2114 βούλεαι

133 2132 336 2217 τραπέσθαι·
353 2122 451 2214 ἦγάρ
462 2130 666 2215 Κανδαύλην
676 2127 874 2208 ἀποκτείνας
888 2133 947 2216 ε’μέ
958 2157 994 2198 τε
1005 2133 1060 2198 καλ
1074 2127 1136 2215 την

134 2234 312 2317 βασιληίην
327 2233 378 2314 ἔχε
392 2226 455 2314 την
469 2233 603 2314 Λυδῶν,
620 2225 760 2316 ἢαῦτόν
771 2249 808 2295 σε
818 2226 937 2295 αύτίκα
951 2225 1041 2296 οὕτω
1051 2224 1136 2296 ἀπο-

134 2328 299 2416 θνήσκειν
321 2332 387 2413 δεῖ,
411 2355 455 2407 εις
476 2325 519 2396 ἀν
539 2327 584 2414 μὴ
606 2328 716 2395 πόντα
736 2326 939 2412 πευθόμενος
952 2326 1137 2411 Κανδαύλῃ

138 2434 196 2494 τοῦ
210 2433 332 2493 λοιποῦ
354 2430 427 2515 ίδης
439 2426 480 2493 τά
496 2430 542 2514 μη’
558 2448 595 2494 σε
611 2432 670 2494 δεῖ.
707 2423 775 2494 ἀλλ’
790 2423 864 2511 ἤτοι
881 2425 1012 2494 ἐκεῖνόν
1025 2451 1064 2512 γε
1077 2425 1137 2492 τόν

138 2533 240 2594 ταῦτα
261 2526 492 2612 βουλεύσαντα
514 2531 564 2594 δεῑ
585 2523 817 2610 ἀπόλλυσθαι,
838 2519 912 2611 ἢσὲ
927 2523 989 2593 τὸν
1002 2527 1059 2611 ἐμὲ
1074 2550 1139 2611 γυ·

137 2623 227 2714 μνην
242 2627 462 2712 θηησύμευον
481 2631 537 2694 καὶ
555 2626 742 2712 ποιήσαντα
757 2621 799 2692 ού
814 2625 1025 2711 νομιζόμενα.
1051 2622 1088 2691 ‘0
1103 2625 1139 2690 δὲ

137 2727 249 2812 Γύγης
266 2728 346 2804 τέως
357 2729 420 2812 μὲν
450 2722 649 2815 ἀπεθώμαζε
672 2725 712 2794 τά
729 2727 904 2815 λεγόμενα,
921 2726 1003 2815 μετὰ
1021 2731 1058 2796 δὲ
1071 2730 1140 2796 ίκέ-

137 2849 213 2892 τευε
223 2823 269 2910 μή
280 2850 339 2909 μιν
350 2821 515 2914 ἀναγκαίη
526 2828 636 2893 ένδειν
647 2829 814 2912 διακρῖναι
828 2826 988 2914 τοιαύτην
998 2830 1137 2915 αἵρεσιν.

139 2921 201 2992 οῦκ
220 2915 269 2990 όν
290 2922 330 3010 δη
353 2931 484 3011 ἔπειθε,
507 2922 613 2994 ἀλλ’
592 2923 664 3012 ω’ρα
684 2923 873 3013 ἀναγκαίην
887 2923 1040 3011 ἀληθέως
1056 2948 1141 3010 προ-

138 3033 295 3112 κειμένην
308 3054 329 3112 η
341 3026 402 3094 τδν
415 3027 581 3113 δεσπότην
592 3025 782 3096 ἀπολλύναι
795 3035 817 3112 η’
834 3024 939 3094 αῦτόν
949 3024 997 3093 ῦπ
1001 3023 1141 3094 ’ἄλλων

138 3124 369 3194 ἀπόλλυσθαι·
399 3130 543 3213 αἱρέεται
568 3124 670 3205 αύτῦς
696 3141 869 3214 περιεῖναι.
910 3125 1073 3212 έπειροέτα
1100 3125 1140 3212 δὴ

138 3230 246 3314 λέγων
269 3225 363 3293 τόδε·
393 3225 485 3294 Ἐπεί
503 3254 544 3312 με
565 3224 762 3311 ἀναγκάζεις
785 3224 953 3311 δεσπότην
971 3223 1034 3292 τόν
1060 3223 1151 3311 έμδν

138 3330 281 3392 κτείνειν
304 3320 367 3390 οῦκ
387 3325 564 3409 ἐθέλοντα,
589 3327 672 3410 φέρε
694 3322 845 3407 ἀκούσω,
867 3327 930 3413 τέῳ
951 3326 1007 3392 καὶ
1029 3325 1142 3414 τρόπῳ

139 3516 243 3586 αῦτοῦ
257 3521 320 3603 μὲν
333 3528 458 3605 χωρίου
472 3519 493 3609 ἡ
509 3521 596 3611 ὁρμὴ
618 3531 726 3611 ἔσται,
749 3524 835 3594 ὅθεν
856 3550 918 3612 περ
940 3529 996 3593 καὶ
1017 3529 1144 3606 ἐκεῖνος
