2500 3925
207 246 270 310 252
586 251 836 311 HERODOT!

207 417 300 479 πτιοί
316 438 352 480 τε
372 415 428 479 καί
448 412 597 499 Κύπριοι
617 411 674 477 καί
694 416 829 489 Κίλικες
849 412 904 478 καί
923 411 1138 498 Πάμφυλοι,
1157 413 1201 477 τόι

160 526 195 584 09
210 509 333 599 ὄφελός
344 514 420 581 «έστι
437 508 548 581 σόδέν.
586 516 698 579 Ταῦτα
719 510 882 598 λεγούσης
900 508 987 596 πρός
1004 512 1205 600 Μαρδόνιον,

208 606 282 678 ὅσοι
297 609 360 696 μέν
373 600 462 699 ἦσαν
476 607 590 679 εόνοοι
604 605 852 699 τήἈρτεμισίη,
867 609 1058 698 συμφορήν
1070 612 1205 679 ἐποιεῦν-

208 738 244 782 το
260 710 340 792 τούς
355 712 478 801 λόγους
498 708 543 793 ὡς
558 711 666 780 κακόν
680 736 711 779 τι
732 712 931 798 πεισομένης
948 709 1038 799 πρός
1060 712 1206 799 βασιλέος,

208 808 260 880 ότι
274 807 337 879 ούκ
354 812 393 901 έᾷ
406 816 595 897 ναυμαχίην
604 810 796 896 ποιέεσθαι,
815 813 851 879 οί
860 811 896 878 δὲ
906 807 1122 898 ἀγαιόμενοί
1128 834 1162 878 τε
1171 808 1205 877 κά

208 909 416 995 φθονίοντες
425 906 527 999 αὐτῇ,
541 906 600 978 ότι
611 912 650 977 έν
660 908 822 997 πρώτοισι
831 908 1057 997 τετιμημένης
1070 906 1131 977 διὰ
1142 907 1206 975 κάν

208 1032 277 1076 των
290 1013 359 1074 τῶν
373 1006 574 1095 συμμάχαν,
592 1010 767 1095 ἐτέρποντο
778 1012 819 1097 τῇ
832 1013 921 1095 κρίσι
933 1006 978 1087 ὡς
990 1004 1205 1095 ἀπολεομένης

208 1102 318 1191 αύτής.
341 1108 411 1175 enez
421 1109 459 1175 δέ
469 1103 719 1194 ἀνηνείχθησαν
729 1110 766 1174 αί
773 1113 904 1193 γνῶμαι
916 1107 948 1185 ές
959 1109 1113 1194 Ξέρξην,
1125 1106 1206 1189 κόρα

207 1230 243 1274 τε
258 1202 349 1293 ήσθη
365 1212 406 1295 τῇ
418 1206 536 1296 γνόμη
549 1210 606 1294 τῆς
616 1203 830 1294 Ἀρτεμισίης,
846 1208 900 1275 καί
912 1210 1067 1293 νομίζων
1083 1210 1134 1275 έτι
1145 1204 1206 1291 πρό-

208 1328 307 1391 τερον
321 1300 511 1392 σπουδαίην
528 1303 613 1373 εἶναι
630 1304 703 1373 τότε
718 1309 831 1393 πολλῷ
848 1309 977 1390 μᾶλλον
997 1312 1111 1373 αἴνεε.
1141 1302 1206 1389 όμοι

207 1404 244 1473 δέ
254 1416 340 1473 τοῖσι
353 1408 470 1475 πλέοσι
484 1412 665 1475 πείθεσθαι
675 1405 817 1491 ἐκέλευε,
832 1404 912 1473 τάδε
922 1406 1131 1493 καταδόξας,
1145 1402 1204 1490 πρός

206 1507 269 1593 μὲν
279 1503 407 1595 motu
418 1508 523 1592 σφέας
536 1507 770 1575 ἐθελοκακέειν
782 1502 826 1584 ἀς
843 1500 885 1571 ού
899 1503 1097 1590 παρεόντος
1109 1502 1204 1587 αὐτοῦ,

206 1605 281 1675 τότε
295 1606 332 1674 δέ
346 1603 447 1686 αύτός
460 1605 710 1694 παρεσκεύαστο
722 1604 919 1691 θηήσασθαι
934 1608 1191 1691 ναυμαχέοντας,

159 1709 194 1767 70
288 1702 419 1793 Ἐπειδὴ
431 1699 919 1793 δὲπαρήγγελλονάνδπλύειν,
928 1699 1066 1789 ἀνῆγον
1078 1701 1142 1783 τὰς
1151 1705 1204 1776 νέοι

207 1806 259 1875 έπί
273 1801 335 1892 τήν
344 1812 537 1891 Σαλαμτνα,
552 1806 607 1872 καλ
617 1807 874 1889 παρεκρίθησαν
889 1804 1138 1887 διαταχθέντες
1151 1796 1202 1869 κατ’

206 1901 357 1993 ήσυχίην.
378 1903 453 1974 τότε
463 1904 526 1992 μέν
539 1928 606 1970 νυν
620 1898 684 1971 οὐκ
694 1903 848 1990 ἐξέχρησέ
856 1919 917 1988 σφι
927 1898 948 1988 ή
960 1897 1077 1990 ἡμέρη
1094 1924 1203 1987 ναυμα-

205 2007 282 2089 χίην
299 2001 520 2089 ποιήσασθαι,
536 1998 599 2082 νύξ
614 1997 679 2087 γὰρ
697 2002 886 2088 έπεγένετο,
905 2003 940 2069 οί
951 2003 988 2070 δὲ
1002 1997 1202 2088 παρεστενά-

207 2108 301 2184 ζοντο
317 2101 349 2179 ές
361 2099 423 2187 τήν
434 2097 623 2187 ὑστεραίην.
644 2098 723 2180 τούς
734 2097 938 2186 δδἝλληνας
951 2096 1016 2186 εἶχε
1029 2104 1115 2180 δέος
1125 2097 1202 2168 τεκοέ

207 2196 366 2286 ἀρρωδίη,
381 2195 445 2266 ούκ
458 2196 577 2286 ἥκιστα
588 2198 624 2266 δέ
635 2195 715 2277 τούς
726 2195 791 2266 ἀπό
802 2195 1087 2285 Πελοποννήσου.
1113 2193 1203 2284 ἀρρό

207 2300 286 2365 δεον
301 2295 355 2382 δὲ,
370 2292 422 2364 ότι
436 2293 532 2366 αύτοδ
546 2298 609 2384 μέν
622 2299 660 2364 έν
675 2305 844 2385 Σαλαμῖνι
858 2296 1042 2384 κατήμενοι
1057 2294 1149 2383 ὑπὲρ
1162 2299 1203 2380 γῆς

205 2399 263 2482 τής
278 2391 470 2481 Ἀθηναίων
490 2395 691 2483 ναυμαχέειν
711 2400 880 2483 μέλλοιεν,
903 2397 1111 2481 νικηθέντες
1130 2421 1163 2462 τε
1179 2393 1202 2458 ἐν

205 2492 297 2586 νήσφ
308 2491 587 2582 ἀπολαμφθέντες
597 2494 887 2584 πολιορκήσονται,
904 2491 1047 2573 ἀπέντες
1059 2492 1128 2582 τήν
1138 2495 1202 2562 ἑοο

159 2603 187 2658 11
205 2601 274 2664 τῶν
284 2592 491 2681 ἀφύλακτον.
506 2601 583 2664 Τῶν
593 2599 631 2663 δὲ
642 2590 853 2682 βαρβάρωνό
866 2590 962 2675 πεζός
972 2588 1042 2661 ὑπό
1056 2591 1124 2681 τήν
1135 2616 1200 2673 παρ

205 2700 330 2761 εοῦσαν
344 2693 452 2760 νύκτα
466 2693 644 2782 ἐπορεύετο
662 2693 713 2761 ἐπὶ
728 2689 791 2779 τήν
801 2690 1089 2776 Πελοπόννησον·
1114 2695 1200 2758 καίτοι

203 2788 243 2858 τά
265 2788 393 2858 δυνατὰ
414 2789 524 2860 πάντα
544 2791 788 2879 έμεμηχάνητο,
811 2788 898 2869 ὅπως
914 2786 988 2858 κατ’
1006 2787 1154 2878 ἤπειρον
1169 2783 1199 2873 μή

203 2888 378 2977 έσβάλοιεν
392 2891 427 2956 οί
435 2889 610 2978 βάρβαροι.
635 2887 679 2971 ὡς
692 2887 758 2978 γάρ
769 2889 939 2958 ἐπύθοντο
955 2887 1099 2975 τάχιστα
1111 2897 1199 2957 Πελο

202 2987 381 3075 ποννήσιοι
394 2985 474 3067 τούς
484 2985 570 3075 ἀμφὶ
575 2995 752 3077 Λεωνίδην
762 2993 799 3059 έν
810 2987 1051 3076 Θερμοπύλῃσι
1065 2997 1197 3057 τετελεν

201 3087 353 3172 τηκέναι,
376 3086 624 3174 συνδραμόντες
647 3090 683 3156 έκ
704 3093 773 3156 τῶν
793 3091 921 3183 πολίων
942 3088 975 3165 ές
995 3084 1059 3155 τόν
1080 3081 1214 3176 Ἰσθμὸν,

200 3187 321 3268 ἵζοντο,
339 3190 398 3253 καί
409 3203 469 3271 σφι
483 3187 569 3273 έπήν
579 3184 762 3273 στρατηγός
774 3185 1008 3274 Κλεόμβροτος
1020 3181 1039 3254 ὁ
1053 3184 1195 3266 Ἀναξιν

202 3284 339 3366 δρίδεω,
362 3278 539 3352 Λεανίδεω
560 3286 597 3352 δέ
611 3282 782 3371 ἀδελφεός.
814 3283 961 3371 ἱζόμενοι
978 3285 1016 3353 δὲ
1031 3289 1073 3354 έν
1086 3294 1133 3378 τῷ
1151 3283 1196 3352 'la-

200 3382 279 3464 θμῷ
286 3378 340 3445 καλ
348 3378 579 3466 συγχώσαντες
587 3380 650 3468 τήν
656 3385 850 3468 Σκιρωνίδα
857 3379 951 3469 όδόν,
960 3381 1044 3470 μετά
1056 3393 1153 3454 τοῦτο
1164 3378 1194 3458 δέ

125 3483 133 3496 ·
202 3492 262 3557 σφι
279 3477 371 3554 έδοξε
388 3481 681 3566 βουλευομένοισι,
705 3477 903 3566 οίκοδόμεον
918 3477 974 3550 διά
993 3488 1058 3549 τοῦ
1076 3479 1194 3568 Ἰσθμοῦ
1212 3467 1213 3483 ¹
