2500 3925
150 213 192 274 30
527 212 778 271 HERODOTI

151 387 235 443 τοῖσι
250 378 287 443 δέ
299 371 322 463 ἡ
333 370 417 461 αὐτὴ
433 371 516 457 αὕτη
531 369 719 456 σύμμαχος·
739 367 999 458 ὑπεκτιθέμενοι
1010 368 1077 461 γάρ
1092 379 1155 451 ἐξω

150 480 207 560 τῆς
217 473 326 558 χάρης
337 475 372 540 οί
379 475 493 549 παῖδες
502 475 570 537 τῶν
579 469 882 552 Πεισιστρατιδέων
890 467 1036 556 ἥλωσαν.
1054 479 1154 540 τοῦτο

150 572 187 639 δὲ
209 569 254 650 ὡς
273 574 420 656 ἐγένετο,
447 568 556 636 πάντα
579 563 693 634 αὐτοῖν
711 564 753 633 τά
774 567 951 654 πρήγματα
975 568 1153 638 συνετετά-

148 695 267 755 ρακτο,
294 672 506 756 παρέστησαν
530 666 567 733 δέ
590 667 648 733 ἐπὶ·
663 671 777 754 μισθῷ
801 680 887 734 τοῖσι
910 667 1071 752 τέκνοισι,
1099 671 1150 734 ἐπ’

149 763 214 836 οἷσι
229 766 411 854 ἐβούλοντο
426 770 460 834 οί
468 763 659 850 Ἀθηναῖοι,
677 762 762 832 ὥστε
774 766 813 832 ἐν
827 766 927 832 πέντε
939 763 1081 855 ἡμέρῃσι
1095 769 1150 834 ε’κ-

146 873 294 954 χωρῇσαι
307 868 345 935 ἐκ
358 871 415 952 τῆς
426 864 579 951 Ἀττικῆς.
602 860 685 949 μετά
696 863 734 930 δέ
748 862 956 950 ἐξεχώρησαν
966 866 1000 943 ές
1009 871 1151 950 Σίγειον

146 960 184 1030 τδ
207 964 260 1031 έπλ
282 971 329 1054 τῷ
356 963 587 1054 Σκαμάνδρῳ,
616 959 777 1049 ἄρξαντες
799 963 862 1048 μὲν
884 961 1072 1050 Ἀθηναίων
1095 959 1148 1030 ἐπ’

147 1068 221 1131 έτεα
236 1065 270 1143 ἕξ
286 1087 324 1133 τε
336 1065 392 1132 καί
404 1062 600 1150 τριήκοντα,
624 1060 735 1138 ἐόντες
752 1059 790 1127 δὲ
803 1061 859 1128 καὶ
873 1051 968 1129 οὗτοι
982 1058 1151 1130 ἀνέκαθεν

146 1161 272 1230 Πύλιοί
280 1186 317 1228 τε
330 1162 385 1229 καὶ
396 1161 575 1246 Νηλεῖδαι,
596 1159 634 1228 έκ
648 1164 716 1226 τάν
730 1154 843 1226 αάτάν
857 1158 1033 1244 γεγονότες
1046 1160 1102 1227 καὶ
1118 1161 1151 1227 οί

146 1259 232 1348 ἀμφὶ
247 1261 383 1347 Κόδρον
399 1285 435 1327 τε
455 1261 510 1328 καὶ
524 1261 731 1343 Μέλανθον,
753 1263 790 1326 οἳ
806 1256 974 1344 πρότερον
987 1256 1150 1344 ἐπήλυδες

145 1358 257 1436 ἐόντες
270 1361 424 1445 ἐγένοντο
434 1355 623 1444 Ἀθηναίων
638 1355 798 1443 βασιλέες.
819 1356 873 1424 έπλ
894 1353 1017 1424 τοότου
1037 1356 1075 1424 δέ
1094 1361 1150 1424 καὶ

145 1455 252 1526 τάυτδ
280 1457 409 1544 οὕνομα
439 1454 718 1544 ἀπεμνημόνευσε
736 1453 956 1542 Ἱπποκράτης
982 1461 1028 1545 τῷ
1056 1459 1150 1524 παιδὶ

145 1556 272 1624 θέσθαι
285 1550 346 1622 τόν
359 1559 616 1640 Πεισίστρατον,
630 1555 685 1622 ἐπὶ
696 1561 759 1621 τοῦ
767 1555 938 1639 Νέστορος
946 1555 1150 1641 Πεισιστρά-

145 1679 207 1721 του
230 1652 431 1739 ποιεόμενος
453 1650 517 1740 τὴν
539 1655 743 1738 ἐπωνυμίην.
778 1650 869 1721 οὕτω
891 1653 956 1739 μέν
976 1651 1150 1741 Ἀθηιαῖοι

145 1750 324 1835 τυράννων
335 1749 615 1840 ἀπηλλάχθησαν,
627 1749 692 1820 ὅσα
703 1752 740 1822 δδ
749 1749 1038 1840 ἐλευθερωθέντες
1050 1755 1149 1842 ἔρξαν

143 1845 165 1935 ἢ
186 1855 317 1919 έπαθον
337 1847 492 1938 ἀξιόχρεα
514 1849 701 1938 ἀπηγήσιος
719 1853 801 1937 πρίν
818 1847 841 1937 ἦ
859 1848 988 1939 Ἰωνίην
1007 1877 1043 1920 τε
1063 1848 1149 1919 ἀπο-

143 1954 261 2035 στῆναι
285 1945 351 2017 ἀπό
372 1955 523 2034 Δαρείου
548 1950 605 2018 καὶ
626 1945 866 2037 Ἀρισταγόρην
893 1946 956 2019 τόν
975 1950 1148 2039 Μιλήσιον

143 2047 351 2137 ἀπικόμενον
365 2053 399 2129 ἐς
409 2048 556 2138 Ἀθήνας
568 2056 701 2137 χρηίσαι
718 2053 832 2137 σφέων
852 2049 1016 2137 βωθέειν,
1043 2058 1147 2119 ταῦτα
1227 2086 1234 2098 ·

142 2157 257 2235 πρῶτα
272 2150 400 2237 φράσω.

94 2254 128 2312 66
222 2247 361 2337 Ἀθῆναι
376 2253 491 2319 έοῦσαι
501 2253 557 2319 καί
568 2252 649 2337 πρὶν
659 2249 815 2336 μεγάλαι,
831 2249 906 2318 τότε
920 2247 1146 2336 ἀπαλλαχθελ-

142 2368 197 2415 σαι
218 2350 396 2435 τυράννων
413 2354 563 2437 ἐγίνοντο
577 2350 720 2436 μέζονες.
750 2351 788 2416 έν
808 2350 846 2417 δὲ
864 2344 984 2437 αὐτῇσι
1003 2348 1066 2417 δύο
1082 2346 1146 2417 ἀν-

142 2450 218 2534 δρες
232 2447 473 2533 ἐδυνάστευον,
496 2452 705 2534 Κλεισθένης
718 2472 755 2515 τε
774 2443 861 2533 ἀνὴρ
874 2444 1144 2536 Ἀλκμαιωνίδης,

141 2542 244 2630 ὅσπερ
267 2542 307 2631 δὴ
323 2547 426 2633 λόγον
447 2552 512 2633 ἔχει
533 2544 596 2633 τὴν
611 2552 751 2633 Πυθίην
773 2542 966 2632 ἀναπεῖσαι,
988 2548 1045 2615 καί
1059 2544 1146 2616 'Ioa-

139 2640 243 2729 γόρης
263 2640 282 2711 ὁ
306 2644 496 2730 Τισάνδρου
516 2650 622 2730 οίκίης
642 2646 704 2731 μέν
727 2640 793 2711 ἐάν
812 2647 970 2730 δοκίμου,
994 2640 1082 2731 ἀτάρ
1102 2641 1144 2711 τά

138 2740 309 2809 ἀνέκαθεν
323 2740 386 2811 οὐκ
402 2750 464 2830 έχω
481 2744 622 2831 φράσαι·
646 2742 775 2813 θύουσι
789 2744 827 2810 δὲ
838 2747 874 2811 οί
887 2745 1065 2829 συγγενέες
1077 2742 1141 2813 αά-

138 2844 199 2907 τοῦ
214 2840 273 2907 Aa
287 2845 412 2929 Καρίῳ.
434 2834 529 2910 οὗτοι
545 2846 580 2909 οί
591 2840 713 2927 ἀνδρες
727 2844 925 2909 ἐστασίασαν
940 2844 1016 2926 περὶ
1033 2842 1141 2911 δυνά-

138 2962 227 3022 μιος,
249 2938 451 3025 έσσοάμενος
472 2944 508 3008 δέ
534 2937 553 3006 ὁ
576 2942 784 3026 Κλεισθένης
807 2937 868 3007 τόν
891 2943 999 3026 δῆμον
1017 2960 1143 3025 προσε-

136 3038 328 3118 ταιρίζεται·
350 3033 432 3122 μιτά
452 3038 489 3107 δέ
505 3038 735 3125 τετραφύλους
747 3036 862 3116 ἐόντας
873 3036 1074 3124 Ἀθηναίους
1083 3042 1142 3105 δε-

137 3132 312 3217 καφόλους
333 3135 482 3221 έποίησε,
508 3141 577 3205 τῶν
594 3133 709 3214 Ἴωνος
732 3140 863 3205 παίδων
881 3138 1061 3215 Γελέοντος
1083 3137 1139 3203 καί

139 3228 334 3317 Αάγικόρεος
355 3236 411 3301 καί
429 3230 596 3321 Ἀργάδεω
615 3237 671 3304 καλ
688 3233 850 3321 Ὅπλητος
870 3231 1061 3317 ἀπαλλάξας
1078 3229 1137 3313 τάς

29 3400 31 3407 ,
137 3330 342 3415 ἐπωνυμίας,
364 3329 510 3417 ἐξευράν
532 3328 564 3399 δ’
582 3333 704 3418 ἑτέρων
722 3330 846 3421 ἡράων
861 3335 1051 3420 ἐπωνυμίας
1065 3334 1139 3401 ἐπι-

137 3432 282 3511 χωρίων,
314 3428 419 3513 πάρεξ
439 3442 599 3513 Αίαντος·
631 3440 753 3503 τοῦτον
776 3436 813 3503 δέ
836 3433 895 3503 άτε
918 3432 1139 3526 ἀστυγείτονα
