2500 3925
169 214 231 277 216
565 222 820 280 HERODOTI

119 394 153 446 10
248 376 302 447 'Ev
317 378 354 446 δέ
367 406 413 470 τφ
398 385 602 472 Πηλουσίῳ
615 380 807 473 καλεομένω
819 380 956 466 στοματι
970 406 1031 449 του
1017 384 1170 448 Νείλου
1225 415 1226 427 2

166 447 461 561 ἐστρατοπεδεύετο
480 478 752 565 Ψαμμήνιτος
775 478 792 546 δ
811 476 965 566 Ἀμάσιος
989 492 1066 557 παῖς
1086 474 1169 545 ὑπο-

165 576 278 660 μένων
298 574 494 662 Καμβύσην.
533 573 677 662 ’Ἄμασιν
702 574 766 665 γάρ
793 574 834 645 ού
859 579 1060 664 κατέλαβεζ
1060 574 1168 643 ωὀντα

165 670 350 760 Καμβύσης
376 673 494 751 ἐλάσας
518 671 570 741 ἐπ’
594 683 786 761 Αἴγυπτον,
815 672 899 744 άλλά
924 674 1127 762 βασιλεύσας
1152 668 1168 739 6

155 767 295 855 ’Ἄμασις
321 771 459 856 τέσσερα
485 773 541 839 καὶ
566 772 810 856 τεσσεράκοντα
833 778 906 841 ἔτεα
936 770 1105 859 ἀπέθανε,
1135 774 1168 839 ἐν

164 882 249 937 τοῖσι
265 866 366 936 οὐδέν
377 874 412 937 οἶ
419 873 503 955 μέγα
514 866 679 951 άνάρσιον
693 877 829 956 πρῆγμα
844 877 1059 957 συνηνείχθη.
1084 868 1168 938 660-

163 965 284 1037 θανύν
299 966 335 1035 δέ
350 970 405 1035 καὶ
419 970 628 1053 ταριχευθεὶς
643 966 748 1053 έτάφη
764 969 802 1035 ἐν
815 974 889 1055 τησι
903 976 1026 1056 ταφῇσι
1041 977 1118 1057 τῇσι
1135 972 1169 1036 ἐν

163 1071 209 1154 τῷ
231 1070 309 1154 ίρφ,
330 1062 390 1143 τάς
412 1061 514 1142 αύτδς
534 1065 792 1151 οἰκοδομησατο
822 1067 874 1132 ἐπὶ
891 1073 1114 1153 Ψαμμηνίτου
1135 1067 1168 1135 δέ

163 1187 224 1229 τον
210 1159 820 1250 ἈμάσιοςβασιλεύοντοςΑίγύπτον
830 1163 1168 1253 φάσμαΑίγυπτίοισι

162 1263 318 1345 μέγιστον
334 1257 373 1346 δη
390 1263 536 1347 έγένετο·
557 1259 716 1347 ὕσθησαν
729 1257 795 1347 γάρ
807 1267 966 1349 Θῆβαιί
929 1290 950 1329 α
974 1266 1168 1351 Αἰγύπτιαι,

162 1356 240 1425 ούτε
255 1356 419 1445 πρότερον
435 1356 565 1445 ούδαμά
585 1356 743 1427 ὑσθεῖσαι
763 1355 841 1425 ούτε
857 1357 1001 1448 ὕστερον
1017 1359 1054 1429 τό
1073 1366 1168 1449 μέχρι

162 1458 258 1541 ἐμεῦ,
283 1452 339 1533 ὡς.
352 1456 487 1542 λέγουσι
508 1454 603 1523 αύτοι
591 1459 767 1542 Θηβαῖοι.
798 1454 840 1522 ού
860 1455 925 1545 γάρ
948 1457 1034 1545 δη“
1010 1486 1105 1527 υεται
1129 1458 1168 1527 τά

162 1552 234 1621 άνω
248 1560 306 1639 τῆς
316 1553 492 1639 Αἰγύπτου
502 1552 540 1621 τὰ
554 1554 731 1640 παράπαν·
754 1551 838 1622 ἄλλά
852 1557 907 1623 καὶ
920 1556 995 1625 τότε
1009 1556 1166 1646 ὕσθησαν

117 1652 466 1739 11αίθῆβαιψακάδι.
513 1656 556 1719 Οί
576 1654 612 1719 δὲ
625 1656 753 1734 Πέρσαι
781 1656 888 1722 ἐπείτε
919 1656 1168 1735 διεξελάσαντες
1227 1724 1228 1743 ,

160 1750 223 1839 τὴν
243 1750 394 1835 άνυδρον
415 1753 524 1831 ἵζοντο
547 1751 649 1827 πέλας
671 1756 740 1816 τῶν
754 1755 948 1835 Αἰγυπτίων
969 1750 1013 1831 ὡς
1034 1762 1168 1841 συμβα-

160 1854 302 1935 λέοντες,
319 1852 467 1917 ἐνθαῦτα
483 1854 518 1917 ολ
532 1854 756 1935 ἐπίκουροιί
722 1874 739 1915 ο
768 1876 829 1917 του
815 1856 1037 1975 Αίγυπτίου,
1054 1856 1166 1935 ἐόντες

160 1949 280 2035 ἄνδρες
292 1947 450 2034 Ἕλληνές
469 1973 506 2039 χε
526 1949 581 2015 καὶ
602 1952 743 2034 Κᾶρες,
758 1947 968 2070 μεμφόμενοι
986 1959 1033 2044 τῷ
1055 1954 1167 2042 Φάνη,

160 2048 211 2116 ότι
225 2043 369 2132 στρατόν
381 2045 486 2133 ἤγαγε
499 2044 551 2114 ἐπ’
568 2056 744 2132 Αἴγυπτον
761 2043 968 2138 άλλόθροον,
978 2050 1168 2136 μηχανέον·
1225 2085 1226 2092 1

159 2175 213 2218 ται
228 2156 363 2234 πρῆγμα
380 2145 469 2226 ές’
427 2145 533 2215 αυτόν
547 2148 695 2215 τοιόνδε·
717 2141 853 2238 ησαυ
822 2174 868 2215 τω
853 2148 980 2236 ’Φάνη
996 2155 1115 2230 παιδες
1131 2153 1168 2217 ἐν

159 2249 319 2336 Αίγύπτφ
334 2249 643 2331 καταλελειμμένοι,
663 2243 743 2324 τούς
760 2244 943 2332 άγαγόντες
958 2245 1041 2326 ές
1007 2273 1044 2314 το
1062 2267 1168 2331 στρα-

157 2346 301 2415 τόπεδον
316 2349 371 2412 καλ
385 2346 418 2423 ἐς
432 2342 513 2426 ὄφιν
529 2341 731 2426 τοῦπατρὸς
747 2352 895 2430 κρητῆρα
911 2345 948 2410 ἐν
963 2346 1052 2436 μέσφ
1068 2349 1167 2431 ἐστη-

158 2465 222 2512 σαν
237 2441 436 2529 ἀμφοτέρων
455 2450 524 2510 τῶν
545 2445 795 2530 στρατοπέδων,
818 2441 899 2529 μετά
920 2447 956 2512 δὲ
973 2443 1167 2530 ἀγινέοντες

126 2621 130 2625 ,
157 2540 241 2613 κατά
258 2546 318 2610 ἕνα
336 2545 560 2611 ἕκαστοντῶν
577 2549 709 2612 παίδων
722 2550 865 2629 ἔσφαζον
879 2548 916 2624 ές
927 2545 987 2614 τδν
1002 2552 1165 2634 κρητῆρα.

159 2638 215 2710 διά
238 2642 376 2709 πάντων
395 2645 432 2710 δέ
453 2643 681 2722 διεξελθόντες
700 2649 769 2710 των
792 2647 922 2710 παίδων
940 2640 1034 2711 οἶνόν
1054 2669 1090 2709 τε
1108 2647 1168 2711 καὶ

157 2739 250 2825 ύδωρ
277 2740 459 2827 ἐσεφόρεον
485 2743 518 2818 ές
538 2738 659 2825 αύτδν,
688 2741 861 2827 ἐμπιόντες
883 2742 919 2808 δὲ
943 2747 1003 2808 τοῦ
1025 2743 1168 2826 αἳματος

156 2838 278 2917 πάντες
293 2844 326 2906 oc
338 2842 510 2926 ἐπίκουροι
521 2839 610 2907 οὕτω
624 2838 664 2926 δη“
678 2845 874 2928 συνέβαλον.
895 2839 1001 2927 μάχης
1013 2841 1049 2908 δὲ
1062 2865 1167 2926 γενο-

156 2954 257 3023 μένης
274 2943 435 3023 καρτερῆς
451 2939 507 3006 καὶ
521 2937 695 3005 πεσόντων
711 2940 744 3018 ἐξ
762 2935 962 3024 ἀμφοτέρων
975 2943 1044 3004 τόν
1059 2959 1168 3023 στρα-

107 3050 140 3102 12
156 3038 307 3102 τοπέδωυ
316 3033 585 3119 πλήθειπολλων
596 3037 778 3120 ἐτράποντο
790 3037 1016 3122 οίΛίγύπτιοι.
1058 3044 1168 3157 Θῶμα

154 3132 191 3199 δὲ
204 3133 288 3218 μέγα
304 3131 395 3199 εἶδον
405 3132 600 3217 πυθόμενος
611 3133 702 3222 παρά
713 3144 781 3204 τῶν
792 3139 994 3224 ἐπιχωρίων
1015 3161 1083 3202 των
1094 3133 1167 3224 γάρ

153 3224 279 3295 όστέων
294 3235 566 3315 περικεχυμένων
580 3236 678 3319 χωρὶς
700 3237 864 3320 ἑκατέρων
878 3262 946 3302 των
963 3238 1000 3303 έν
1017 3243 1057 3325 τῇ
1072 3236 1168 3326 μάχη

151 3323 256 3411 ταύτη
279 3326 452 3394 πεσόντων
477 3332 589 3415 χχωρις
610 3335 673 3417 μὲν
684 3332 760 3454 γάρ
782 3361 850 3402 των
870 3337 1030 3421 Περσέων
1051 3337 1168 3402 ἐκάετο

151 3445 192 3487 τα
179 3415 361 3508 όστέα,’
340 3450 384 3502 ως
402 3426 567 3513 ἐχωρίσθη
582 3429 656 3496 κατ’
673 3429 792 3518 άρχάς,
808 3437 947 3518 ετέρωθι
964 3436 999 3501 δὲ
1014 3441 1082 3502 τῶν
1097 3440 1168 3502 Λέ-
