<?xml version="1.0" encoding="UTF-8"?>
<!DOCTYPE html PUBLIC "-//W3C//DTD XHTML 1.0 Transitional//EN"
    "http://www.w3.org/TR/xhtml1/DTD/xhtml1-transitional.dtd">
<html xmlns="http://www.w3.org/1999/xhtml" xml:lang="en" lang="en">
 <head>
  <title>
</title>
<meta http-equiv="Content-Type" content="text/html;charset=utf-8" />
  <meta name='ocr-system' content='tesseract 3.04.00' />
  <meta name='ocr-capabilities' content='ocr_page ocr_carea ocr_par ocr_line ocrx_word'/>
</head>
<body>
  <div class='ocr_page' id='page_1' title='image "./herodotihistori00dietgoog_0746.png"; bbox 0 0 2500 3925; ppageno 0'>
   <div class='ocr_carea' id='block_1_1' title="bbox 187 232 816 307">
    <p class='ocr_par' dir='ltr' id='par_1_1' title="bbox 187 232 816 307">
     <span class='ocr_line' id='line_1_1' title="bbox 187 232 816 307; baseline -0.03 0"><span class='ocrx_word' id='word_1_1' title='bbox 187 241 250 307; x_wconf 71' lang='lat'><strong><em>3³2</em></strong></span> <span class='ocrx_word' id='word_1_2' title='bbox 564 232 816 294; x_wconf 77' lang='lat' dir='ltr'>HERODOTI</span> 
     </span>
    </p>
   </div>
   <div class='ocr_carea' id='block_1_2' title="bbox 140 377 1212 985">
    <p class='ocr_par' dir='ltr' id='par_1_2' title="bbox 140 377 1212 985">
     <span class='ocr_line' id='line_1_2' title="bbox 186 377 1211 492; baseline -0.024 -19"><span class='ocrx_word' id='word_1_3' title='bbox 186 402 367 492; x_wconf 77' lang='grc' dir='ltr'><strong><em>Δηιφόνου</em></strong></span> <span class='ocrx_word' id='word_1_4' title='bbox 380 405 442 468; x_wconf 82' lang='grc' dir='ltr'><strong><em>τοῦ</em></strong></span> <span class='ocrx_word' id='word_1_5' title='bbox 458 393 610 482; x_wconf 83' lang='grc' dir='ltr'><strong><em>Εὐηνίου</em></strong></span> <span class='ocrx_word' id='word_1_6' title='bbox 625 386 751 476; x_wconf 83' lang='grc' dir='ltr'><strong><em>όνόρός</em></strong></span> <span class='ocrx_word' id='word_1_7' title='bbox 764 383 1084 473; x_wconf 67' lang='grc' dir='ltr'><strong><em>Ἀπολλωνιήτεω,</em></strong></span> <span class='ocrx_word' id='word_1_8' title='bbox 1108 377 1211 448; x_wconf 86' lang='grc' dir='ltr'><strong><em>Ἀπολ·</em></strong></span> 
     </span>
     <span class='ocr_line' id='line_1_3' title="bbox 189 481 1212 587; baseline -0.025 -17"><span class='ocrx_word' id='word_1_9' title='bbox 189 505 311 587; x_wconf 88' lang='grc' dir='ltr'><strong><em>λωνίης</em></strong></span> <span class='ocrx_word' id='word_1_10' title='bbox 325 497 361 566; x_wconf 70' lang='grc' dir='ltr'><strong><em>δέ</em></strong></span> <span class='ocrx_word' id='word_1_11' title='bbox 374 504 433 584; x_wconf 80' lang='grc' dir='ltr'><strong><em>τῆς</em></strong></span> <span class='ocrx_word' id='word_1_12' title='bbox 446 497 484 565; x_wconf 92' lang='grc' dir='ltr'><strong><em>έν</em></strong></span> <span class='ocrx_word' id='word_1_13' title='bbox 491 489 597 580; x_wconf 73' lang='grc' dir='ltr'><strong><em>Ἰονίφ</em></strong></span> <span class='ocrx_word' id='word_1_14' title='bbox 609 490 734 580; x_wconf 85' lang='grc' dir='ltr'><strong><em>κόλπφ,</em></strong></span> <span class='ocrx_word' id='word_1_15' title='bbox 749 493 811 555; x_wconf 84' lang='grc' dir='ltr'><strong><em>τοῦ</em></strong></span> <span class='ocrx_word' id='word_1_16' title='bbox 820 481 885 552; x_wconf 90' lang='grc' dir='ltr'><strong><em>τόν</em></strong></span> <span class='ocrx_word' id='word_1_17' title='bbox 899 484 1045 568; x_wconf 80' lang='grc' dir='ltr'><strong><em>πατέρα</em></strong></span> <span class='ocrx_word' id='word_1_18' title='bbox 1056 481 1212 562; x_wconf 74' lang='grc' dir='ltr'><strong><em>κατέλαβε</em></strong></span> 
     </span>
     <span class='ocr_line' id='line_1_4' title="bbox 140 575 1212 690; baseline -0.028 -17"><span class='ocrx_word' id='word_1_19' title='bbox 140 615 174 674; x_wconf 74' lang='grc'><strong><em>93</em></strong></span> <span class='ocrx_word' id='word_1_20' title='bbox 186 599 337 690; x_wconf 79' lang='grc' dir='ltr'><strong><em>Εὐήνιον</em></strong></span> <span class='ocrx_word' id='word_1_21' title='bbox 350 603 486 684; x_wconf 82' lang='grc' dir='ltr'><strong><em>πρῆγμα</em></strong></span> <span class='ocrx_word' id='word_1_22' title='bbox 499 592 648 663; x_wconf 84' lang='grc' dir='ltr'><strong><em>τοιόνδε·</em></strong></span> <span class='ocrx_word' id='word_1_23' title='bbox 660 588 752 657; x_wconf 79' lang='grc' dir='ltr'><strong><em>Ἔστι</em></strong></span> <span class='ocrx_word' id='word_1_24' title='bbox 766 588 805 654; x_wconf 82' lang='grc' dir='ltr'><strong><em>έν</em></strong></span> <span class='ocrx_word' id='word_1_25' title='bbox 817 591 859 674; x_wconf 81' lang='grc' dir='ltr'><strong><em>τῇ</em></strong></span> <span class='ocrx_word' id='word_1_26' title='bbox 871 580 1113 668; x_wconf 74' lang='grc' dir='ltr'><strong><em>Ἀπολλωνίῃ</em></strong></span> <span class='ocrx_word' id='word_1_27' title='bbox 1124 575 1212 663; x_wconf 85' lang='grc' dir='ltr'><strong><em>ταόιη</em></strong></span> 
     </span>
     <span class='ocr_line' id='line_1_5' title="bbox 185 676 1211 790; baseline -0.028 -16"><span class='ocrx_word' id='word_1_28' title='bbox 185 700 242 790; x_wconf 77' lang='grc' dir='ltr'><strong><em>ίρύ</em></strong></span> <span class='ocrx_word' id='word_1_29' title='bbox 252 697 351 789; x_wconf 89' lang='grc' dir='ltr'><strong><em>ήλίου</em></strong></span> <span class='ocrx_word' id='word_1_30' title='bbox 361 698 522 786; x_wconf 82' lang='grc' dir='ltr'><strong><em>πρόβατα,</em></strong></span> <span class='ocrx_word' id='word_1_31' title='bbox 533 689 575 761; x_wconf 82' lang='grc' dir='ltr'><strong><em>τὰ</em></strong></span> <span class='ocrx_word' id='word_1_32' title='bbox 585 689 645 770; x_wconf 78' lang='grc' dir='ltr'><strong><em>τὰς</em></strong></span> <span class='ocrx_word' id='word_1_33' title='bbox 655 690 718 777; x_wconf 68' lang='grc' dir='ltr'><strong><em>μὲν</em></strong></span> <span class='ocrx_word' id='word_1_34' title='bbox 726 685 853 776; x_wconf 81' lang='grc' dir='ltr'><strong><em>ἡμέρας</em></strong></span> <span class='ocrx_word' id='word_1_35' title='bbox 861 684 1040 772; x_wconf 77' lang='grc' dir='ltr'><strong><em>βόσκεται</em></strong></span> <span class='ocrx_word' id='word_1_36' title='bbox 1051 676 1211 764; x_wconf 78' lang='grc' dir='ltr'><strong><em>παρύτο</em></strong></span> 
     </span>
     <span class='ocr_line' id='line_1_6' title="bbox 185 777 1211 886; baseline -0.026 -17"><span class='ocrx_word' id='word_1_37' title='bbox 185 799 303 886; x_wconf 88' lang='grc' dir='ltr'><strong><em>ταμόν,</em></strong></span> <span class='ocrx_word' id='word_1_38' title='bbox 318 794 355 876; x_wconf 79' lang='grc' dir='ltr'><strong><em>ὃς</em></strong></span> <span class='ocrx_word' id='word_1_39' title='bbox 368 798 406 864; x_wconf 85' lang='grc' dir='ltr'><strong><em>ίιι</em></strong></span> <span class='ocrx_word' id='word_1_40' title='bbox 416 793 603 879; x_wconf 77' lang='grc' dir='ltr'><strong><em>Λάκμονος</em></strong></span> <span class='ocrx_word' id='word_1_41' title='bbox 614 786 733 875; x_wconf 78' lang='grc' dir='ltr'><strong><em>οὔρεος</em></strong></span> <span class='ocrx_word' id='word_1_42' title='bbox 745 787 814 874; x_wconf 76' lang='grc' dir='ltr'><strong><em>ρέει</em></strong></span> <span class='ocrx_word' id='word_1_43' title='bbox 828 779 885 851; x_wconf 77' lang='grc' dir='ltr'><strong><em>διὰ</em></strong></span> <span class='ocrx_word' id='word_1_44' title='bbox 900 788 967 869; x_wconf 82' lang='grc' dir='ltr'><strong><em>τῆς</em></strong></span> <span class='ocrx_word' id='word_1_45' title='bbox 979 777 1211 861; x_wconf 80' lang='grc' dir='ltr'><strong><em>Ἀπολλωνίης</em></strong></span> 
     </span>
     <span class='ocr_line' id='line_1_7' title="bbox 185 876 1210 985; baseline -0.024 -18"><span class='ocrx_word' id='word_1_46' title='bbox 185 899 294 985; x_wconf 67' lang='grc' dir='ltr'><strong><em>κόρης</em></strong></span> <span class='ocrx_word' id='word_1_47' title='bbox 310 897 344 976; x_wconf 85' lang='grc' dir='ltr'><strong><em>ές</em></strong></span> <span class='ocrx_word' id='word_1_48' title='bbox 356 893 534 964; x_wconf 72' lang='grc' dir='ltr'><strong><em>θάλασσαν</em></strong></span> <span class='ocrx_word' id='word_1_49' title='bbox 548 885 631 972; x_wconf 86' lang='grc' dir='ltr'><strong><em>παρ’</em></strong></span> <span class='ocrx_word' id='word_1_50' title='bbox 642 886 782 972; x_wconf 75' lang='grc' dir='ltr'><strong><em>Ὤρικον</em></strong></span> <span class='ocrx_word' id='word_1_51' title='bbox 794 885 931 969; x_wconf 78' lang='grc' dir='ltr'><strong><em>λιμένα,</em></strong></span> <span class='ocrx_word' id='word_1_52' title='bbox 946 877 1018 958; x_wconf 76' lang='grc' dir='ltr'><strong><em>τὰς</em></strong></span> <span class='ocrx_word' id='word_1_53' title='bbox 1036 879 1083 946; x_wconf 76' lang='grc' dir='ltr'><strong><em>δὲ</em></strong></span> <span class='ocrx_word' id='word_1_54' title='bbox 1097 876 1210 950; x_wconf 81' lang='grc' dir='ltr'><strong><em>νόκτα</em></strong></span> 
     </span>
    </p>
   </div>
   <div class='ocr_carea' id='block_1_3' title="bbox 136 975 1210 3544">
    <p class='ocr_par' dir='ltr' id='par_1_3' title="bbox 136 975 1210 3544">
     <span class='ocr_line' id='line_1_8' title="bbox 185 975 1210 1081; baseline -0.022 -18"><span class='ocrx_word' id='word_1_55' title='bbox 185 993 403 1081; x_wconf 75' lang='grc' dir='ltr'><strong><em>ἀραιρημένοι</em></strong></span> <span class='ocrx_word' id='word_1_56' title='bbox 417 989 537 1078; x_wconf 77' lang='grc' dir='ltr'><strong><em>ἄνδρες</em></strong></span> <span class='ocrx_word' id='word_1_57' title='bbox 552 991 588 1056; x_wconf 91' lang='grc' dir='ltr'><strong><em>οί</em></strong></span> <span class='ocrx_word' id='word_1_58' title='bbox 599 982 734 1074; x_wconf 84' lang='grc' dir='ltr'><strong><em>πλούτφ</em></strong></span> <span class='ocrx_word' id='word_1_59' title='bbox 748 1007 784 1049; x_wconf 89' lang='grc' dir='ltr'><strong><em>τε</em></strong></span> <span class='ocrx_word' id='word_1_60' title='bbox 798 981 854 1048; x_wconf 78' lang='grc' dir='ltr'><strong><em>καί</em></strong></span> <span class='ocrx_word' id='word_1_61' title='bbox 864 981 967 1065; x_wconf 78' lang='grc' dir='ltr'><strong><em>γένει</em></strong></span> <span class='ocrx_word' id='word_1_62' title='bbox 982 975 1210 1064; x_wconf 67' lang='grc' dir='ltr'><strong><em>δοκιμώτατοι</em></strong></span> 
     </span>
     <span class='ocr_line' id='line_1_9' title="bbox 183 1076 1210 1178; baseline -0.022 -14"><span class='ocrx_word' id='word_1_63' title='bbox 183 1103 253 1165; x_wconf 79' lang='grc' dir='ltr'><strong><em>τόν</em></strong></span> <span class='ocrx_word' id='word_1_64' title='bbox 268 1091 395 1178; x_wconf 79' lang='grc' dir='ltr'><strong><em>ὐστῶν,</em></strong></span> <span class='ocrx_word' id='word_1_65' title='bbox 417 1082 511 1159; x_wconf 78' lang='grc' dir='ltr'><strong><em>οὗτοι</em></strong></span> <span class='ocrx_word' id='word_1_66' title='bbox 532 1085 745 1176; x_wconf 77' lang='grc' dir='ltr'><strong><em>φυλάσσουσι</em></strong></span> <span class='ocrx_word' id='word_1_67' title='bbox 761 1076 924 1150; x_wconf 86' lang='grc' dir='ltr'><strong><em>ένιαντόν</em></strong></span> <span class='ocrx_word' id='word_1_68' title='bbox 939 1080 1122 1156; x_wconf 72' lang='grc' dir='ltr'><strong><em>ἕκαστος·</em></strong></span> <span class='ocrx_word' id='word_1_69' title='bbox 1152 1077 1210 1154; x_wconf 73' lang='grc' dir='ltr'><strong><em>περί</em></strong></span> 
     </span>
     <span class='ocr_line' id='line_1_10' title="bbox 185 1173 1210 1276; baseline -0.023 -14"><span class='ocrx_word' id='word_1_70' title='bbox 185 1195 312 1263; x_wconf 84' lang='grc' dir='ltr'><strong><em>πολλοῦ</em></strong></span> <span class='ocrx_word' id='word_1_71' title='bbox 338 1188 403 1276; x_wconf 79' lang='grc' dir='ltr'><strong><em>γὰρ</em></strong></span> <span class='ocrx_word' id='word_1_72' title='bbox 427 1187 467 1276; x_wconf 77' lang='grc' dir='ltr'><strong><em>δή</em></strong></span> <span class='ocrx_word' id='word_1_73' title='bbox 496 1191 670 1255; x_wconf 72' lang='grc' dir='ltr'><strong><em>ποιεῦνται</em></strong></span> <span class='ocrx_word' id='word_1_74' title='bbox 691 1178 959 1263; x_wconf 75' lang='grc' dir='ltr'><strong><em>Ἀπολλωνιῆται</em></strong></span> <span class='ocrx_word' id='word_1_75' title='bbox 987 1173 1037 1244; x_wconf 80' lang='grc' dir='ltr'><strong><em>τὰ</em></strong></span> <span class='ocrx_word' id='word_1_76' title='bbox 1064 1175 1210 1261; x_wconf 77' lang='grc' dir='ltr'><strong><em>πρόβαιι</em></strong></span> 
     </span>
     <span class='ocr_line' id='line_1_11' title="bbox 184 1267 1208 1373; baseline -0.021 -14"><span class='ocrx_word' id='word_1_77' title='bbox 184 1296 289 1360; x_wconf 79' lang='grc' dir='ltr'><strong><em>ταῦτα</em></strong></span> <span class='ocrx_word' id='word_1_78' title='bbox 304 1290 340 1357; x_wconf 87' lang='grc' dir='ltr'><strong><em>έκ</em></strong></span> <span class='ocrx_word' id='word_1_79' title='bbox 354 1288 566 1373; x_wconf 80' lang='grc' dir='ltr'><strong><em>θεοπροπίου</em></strong></span> <span class='ocrx_word' id='word_1_80' title='bbox 576 1281 677 1359; x_wconf 81' lang='grc' dir='ltr'><strong><em>τινός.</em></strong></span> <span class='ocrx_word' id='word_1_81' title='bbox 700 1281 738 1347; x_wconf 87' lang='grc' dir='ltr'><strong><em>έν</em></strong></span> <span class='ocrx_word' id='word_1_82' title='bbox 749 1278 786 1346; x_wconf 77' lang='grc' dir='ltr'><strong><em>δέ</em></strong></span> <span class='ocrx_word' id='word_1_83' title='bbox 796 1275 911 1367; x_wconf 80' lang='grc' dir='ltr'><strong><em>όντρφ</em></strong></span> <span class='ocrx_word' id='word_1_84' title='bbox 923 1272 1147 1354; x_wconf 76' lang='grc' dir='ltr'><strong><em>αὐλίζονται</em></strong></span> <span class='ocrx_word' id='word_1_85' title='bbox 1161 1267 1208 1338; x_wconf 77' lang='grc' dir='ltr'><strong><em>ἀπὸ</em></strong></span> 
     </span>
     <span class='ocr_line' id='line_1_12' title="bbox 184 1365 1210 1476; baseline -0.021 -18"><span class='ocrx_word' id='word_1_86' title='bbox 184 1395 242 1476; x_wconf 78' lang='grc' dir='ltr'><strong><em>τῆς</em></strong></span> <span class='ocrx_word' id='word_1_87' title='bbox 256 1387 372 1466; x_wconf 86' lang='grc' dir='ltr'><strong><em>πόλιος</em></strong></span> <span class='ocrx_word' id='word_1_88' title='bbox 388 1384 472 1462; x_wconf 85' lang='grc' dir='ltr'><strong><em>έκός.</em></strong></span> <span class='ocrx_word' id='word_1_89' title='bbox 497 1388 583 1452; x_wconf 80' lang='grc' dir='ltr'><strong><em>ἔνθα</em></strong></span> <span class='ocrx_word' id='word_1_90' title='bbox 598 1376 639 1466; x_wconf 76' lang='grc' dir='ltr'><strong><em>δὴ</em></strong></span> <span class='ocrx_word' id='word_1_91' title='bbox 655 1377 730 1447; x_wconf 86' lang='grc' dir='ltr'><strong><em>τότε</em></strong></span> <span class='ocrx_word' id='word_1_92' title='bbox 742 1374 761 1443; x_wconf 87' lang='grc' dir='ltr'><strong>ὁ</strong></span> <span class='ocrx_word' id='word_1_93' title='bbox 774 1371 927 1458; x_wconf 85' lang='grc' dir='ltr'><strong><em>Εὐήνιος</em></strong></span> <span class='ocrx_word' id='word_1_94' title='bbox 941 1365 1062 1451; x_wconf 80' lang='grc' dir='ltr'><strong><em>οὗτος</em></strong></span> <span class='ocrx_word' id='word_1_95' title='bbox 1077 1370 1210 1456; x_wconf 72' lang='grc' dir='ltr'><strong><em>ἀραιρη-</em></strong></span> 
     </span>
     <span class='ocr_line' id='line_1_13' title="bbox 184 1466 1208 1574; baseline -0.022 -19"><span class='ocrx_word' id='word_1_96' title='bbox 184 1486 285 1574; x_wconf 85' lang='grc' dir='ltr'><strong><em>μένος</em></strong></span> <span class='ocrx_word' id='word_1_97' title='bbox 300 1481 476 1570; x_wconf 87' lang='grc' dir='ltr'><strong><em>έφόλασσε.</em></strong></span> <span class='ocrx_word' id='word_1_98' title='bbox 510 1485 570 1548; x_wconf 90' lang='grc' dir='ltr'><strong><em>καί</em></strong></span> <span class='ocrx_word' id='word_1_99' title='bbox 586 1502 663 1546; x_wconf 84' lang='grc' dir='ltr'><strong><em>ποτε</em></strong></span> <span class='ocrx_word' id='word_1_100' title='bbox 683 1471 790 1542; x_wconf 76' lang='grc' dir='ltr'><strong><em>αὐτοῦ</em></strong></span> <span class='ocrx_word' id='word_1_101' title='bbox 818 1466 1208 1557; x_wconf 76' lang='grc' dir='ltr'><strong><em>κατακοιμίσαντοςτήι</em></strong></span> 
     </span>
     <span class='ocr_line' id='line_1_14' title="bbox 185 1568 1208 1671; baseline -0.019 -18"><span class='ocrx_word' id='word_1_102' title='bbox 185 1579 343 1671; x_wconf 85' lang='grc' dir='ltr'><strong><em>φυλακήν</em></strong></span> <span class='ocrx_word' id='word_1_103' title='bbox 363 1579 590 1669; x_wconf 75' lang='grc' dir='ltr'><strong><em>παρελθόντες</em></strong></span> <span class='ocrx_word' id='word_1_104' title='bbox 610 1575 709 1644; x_wconf 88' lang='grc' dir='ltr'><strong><em>λόκοι</em></strong></span> <span class='ocrx_word' id='word_1_105' title='bbox 729 1575 764 1652; x_wconf 85' lang='grc' dir='ltr'><strong><em>ές</em></strong></span> <span class='ocrx_word' id='word_1_106' title='bbox 782 1568 821 1639; x_wconf 88' lang='grc' dir='ltr'><strong><em>τό</em></strong></span> <span class='ocrx_word' id='word_1_107' title='bbox 843 1571 980 1654; x_wconf 77' lang='grc' dir='ltr'><strong><em>ἄντρον</em></strong></span> <span class='ocrx_word' id='word_1_108' title='bbox 1004 1569 1208 1658; x_wconf 72' lang='grc' dir='ltr'><strong><em>διέφθειρον</em></strong></span> 
     </span>
     <span class='ocr_line' id='line_1_15' title="bbox 184 1669 1208 1771; baseline -0.017 -18"><span class='ocrx_word' id='word_1_109' title='bbox 184 1691 253 1753; x_wconf 78' lang='grc' dir='ltr'><strong><em>τόν</em></strong></span> <span class='ocrx_word' id='word_1_110' title='bbox 266 1679 447 1771; x_wconf 80' lang='grc' dir='ltr'><strong><em>προβάτων</em></strong></span> <span class='ocrx_word' id='word_1_111' title='bbox 463 1677 508 1760; x_wconf 78' lang='grc' dir='ltr'><strong><em>ὡς</em></strong></span> <span class='ocrx_word' id='word_1_112' title='bbox 521 1678 689 1765; x_wconf 78' lang='grc' dir='ltr'><strong><em>ἑξήκοντα.</em></strong></span> <span class='ocrx_word' id='word_1_113' title='bbox 717 1672 742 1742; x_wconf 68' lang='grc' dir='ltr'><strong><em>’ό</em></strong></span> <span class='ocrx_word' id='word_1_114' title='bbox 760 1675 797 1742; x_wconf 70' lang='grc' dir='ltr'><strong><em>δέ</em></strong></span> <span class='ocrx_word' id='word_1_115' title='bbox 813 1669 858 1751; x_wconf 78' lang='grc' dir='ltr'><strong><em>ὡς</em></strong></span> <span class='ocrx_word' id='word_1_116' title='bbox 877 1671 1026 1759; x_wconf 78' lang='grc' dir='ltr'><strong><em>ἐπήισε,</em></strong></span> <span class='ocrx_word' id='word_1_117' title='bbox 1054 1670 1131 1759; x_wconf 78' lang='grc' dir='ltr'><strong><em>εἶχε</em></strong></span> <span class='ocrx_word' id='word_1_118' title='bbox 1148 1675 1208 1756; x_wconf 71' lang='grc' dir='ltr'><strong><em>σιγή</em></strong></span> 
     </span>
     <span class='ocr_line' id='line_1_16' title="bbox 184 1769 1208 1868; baseline -0.012 -18"><span class='ocrx_word' id='word_1_119' title='bbox 184 1783 241 1850; x_wconf 76' lang='grc' dir='ltr'><strong><em>καὶ</em></strong></span> <span class='ocrx_word' id='word_1_120' title='bbox 260 1786 380 1868; x_wconf 72' lang='grc' dir='ltr'><strong><em>ἔφραζε</em></strong></span> <span class='ocrx_word' id='word_1_121' title='bbox 398 1777 528 1865; x_wconf 77' lang='grc' dir='ltr'><strong><em>οὐδενί,</em></strong></span> <span class='ocrx_word' id='word_1_122' title='bbox 545 1779 584 1846; x_wconf 85' lang='grc' dir='ltr'><strong><em>έν</em></strong></span> <span class='ocrx_word' id='word_1_123' title='bbox 598 1775 668 1868; x_wconf 86' lang='grc' dir='ltr'><strong><em>νόφ</em></strong></span> <span class='ocrx_word' id='word_1_124' title='bbox 689 1779 774 1864; x_wconf 77' lang='grc' dir='ltr'><strong><em>έχων</em></strong></span> <span class='ocrx_word' id='word_1_125' title='bbox 793 1769 1124 1860; x_wconf 74' lang='grc' dir='ltr'><strong><em>ἀντικαταστήσειν</em></strong></span> <span class='ocrx_word' id='word_1_126' title='bbox 1139 1771 1208 1839; x_wconf 77' lang='grc' dir='ltr'><strong><em>ἄλλο</em></strong></span> 
     </span>
     <span class='ocr_line' id='line_1_17' title="bbox 185 1868 1208 1967; baseline -0.015 -18"><span class='ocrx_word' id='word_1_127' title='bbox 185 1879 377 1967; x_wconf 79' lang='grc' dir='ltr'><strong><em>πριάμενος.</em></strong></span> <span class='ocrx_word' id='word_1_128' title='bbox 400 1879 456 1946; x_wconf 83' lang='grc' dir='ltr'><strong><em>καλ</em></strong></span> <span class='ocrx_word' id='word_1_129' title='bbox 469 1874 512 1944; x_wconf 91' lang='grc' dir='ltr'><strong><em>οὐ</em></strong></span> <span class='ocrx_word' id='word_1_130' title='bbox 525 1873 591 1965; x_wconf 76' lang='grc' dir='ltr'><strong><em>γὰρ</em></strong></span> <span class='ocrx_word' id='word_1_131' title='bbox 604 1881 706 1944; x_wconf 77' lang='grc' dir='ltr'><strong><em>ἔλαθε</em></strong></span> <span class='ocrx_word' id='word_1_132' title='bbox 718 1868 797 1950; x_wconf 86' lang='grc' dir='ltr'><strong><em>τούς</em></strong></span> <span class='ocrx_word' id='word_1_133' title='bbox 808 1869 1105 1960; x_wconf 75' lang='grc' dir='ltr'><strong><em>Ἀπολλωνιήτας</em></strong></span> <span class='ocrx_word' id='word_1_134' title='bbox 1117 1878 1208 1940; x_wconf 74' lang='grc' dir='ltr'><strong><em>ταῦτα</em></strong></span> 
     </span>
     <span class='ocr_line' id='line_1_18' title="bbox 184 1972 1208 2071; baseline -0.01 -21"><span class='ocrx_word' id='word_1_135' title='bbox 184 1978 367 2071; x_wconf 87' lang='grc' dir='ltr'><strong><em>γενόμενα,</em></strong></span> <span class='ocrx_word' id='word_1_136' title='bbox 383 1975 457 2049; x_wconf 80' lang='grc' dir='ltr'><strong><em>ἄλλ’</em></strong></span> <span class='ocrx_word' id='word_1_137' title='bbox 475 1976 720 2061; x_wconf 83' lang='grc' dir='ltr'><strong><em>όςέπόθοντο,</em></strong></span> <span class='ocrx_word' id='word_1_138' title='bbox 736 1972 975 2061; x_wconf 77' lang='grc' dir='ltr'><strong><em>ὑπαγαγόντες</em></strong></span> <span class='ocrx_word' id='word_1_139' title='bbox 991 2002 1065 2061; x_wconf 87' lang='grc' dir='ltr'><strong><em>μιν</em></strong></span> <span class='ocrx_word' id='word_1_140' title='bbox 1082 1974 1156 2045; x_wconf 80' lang='grc' dir='ltr'><strong><em>ὑπό</em></strong></span> <span class='ocrx_word' id='word_1_141' title='bbox 1172 1980 1208 2041; x_wconf 79' lang='grc' dir='ltr'><strong><em>ιλι-</em></strong></span> 
     </span>
     <span class='ocr_line' id='line_1_19' title="bbox 184 2069 1207 2165; baseline -0.01 -16"><span class='ocrx_word' id='word_1_142' title='bbox 184 2076 366 2165; x_wconf 86' lang='grc' dir='ltr'><strong><em>καστήριον</em></strong></span> <span class='ocrx_word' id='word_1_143' title='bbox 380 2079 595 2165; x_wconf 81' lang='grc' dir='ltr'><strong><em>κατέκριναν,</em></strong></span> <span class='ocrx_word' id='word_1_144' title='bbox 612 2074 657 2155; x_wconf 79' lang='grc' dir='ltr'><strong><em>ὡς</em></strong></span> <span class='ocrx_word' id='word_1_145' title='bbox 670 2072 732 2161; x_wconf 89' lang='grc' dir='ltr'><strong><em>τήν</em></strong></span> <span class='ocrx_word' id='word_1_146' title='bbox 747 2069 906 2159; x_wconf 83' lang='grc' dir='ltr'><strong><em>φυλακήν</em></strong></span> <span class='ocrx_word' id='word_1_147' title='bbox 934 2078 1207 2161; x_wconf 77' lang='grc' dir='ltr'><strong><em>κατακοιμίσαν</em></strong></span> 
     </span>
     <span class='ocr_line' id='line_1_20' title="bbox 185 2169 1208 2264; baseline -0.008 -19"><span class='ocrx_word' id='word_1_148' title='bbox 185 2203 242 2263; x_wconf 91' lang='grc' dir='ltr'><strong><em>τα,</em></strong></span> <span class='ocrx_word' id='word_1_149' title='bbox 264 2182 323 2262; x_wconf 82' lang='grc' dir='ltr'><strong><em>τῆς</em></strong></span> <span class='ocrx_word' id='word_1_150' title='bbox 338 2174 434 2257; x_wconf 76' lang='grc' dir='ltr'><strong><em>όψιος</em></strong></span> <span class='ocrx_word' id='word_1_151' title='bbox 449 2180 662 2264; x_wconf 79' lang='grc' dir='ltr'><strong><em>στερηθῆναι.</em></strong></span> <span class='ocrx_word' id='word_1_152' title='bbox 699 2174 806 2241; x_wconf 85' lang='grc' dir='ltr'><strong><em>έπείτε</em></strong></span> <span class='ocrx_word' id='word_1_153' title='bbox 825 2172 862 2239; x_wconf 75' lang='grc' dir='ltr'><strong><em>δέ</em></strong></span> <span class='ocrx_word' id='word_1_154' title='bbox 877 2169 942 2239; x_wconf 89' lang='grc' dir='ltr'><strong><em>τόν</em></strong></span> <span class='ocrx_word' id='word_1_155' title='bbox 956 2170 1140 2259; x_wconf 77' lang='grc' dir='ltr'><strong><em>Εὐήνιον</em></strong></span> <span class='ocrx_word' id='word_1_156' title='bbox 1154 2176 1208 2253; x_wconf 75' lang='grc' dir='ltr'><strong><em>ἐξι-</em></strong></span> 
     </span>
     <span class='ocr_line' id='line_1_21' title="bbox 184 2267 1206 2361; baseline -0.01 -17"><span class='ocrx_word' id='word_1_157' title='bbox 184 2274 382 2361; x_wconf 84' lang='grc' dir='ltr'><strong><em>τόφλωσαν,</em></strong></span> <span class='ocrx_word' id='word_1_158' title='bbox 399 2271 517 2342; x_wconf 85' lang='grc' dir='ltr'><strong><em>αὐτίκα</em></strong></span> <span class='ocrx_word' id='word_1_159' title='bbox 532 2270 613 2359; x_wconf 78' lang='grc' dir='ltr'><strong><em>μετὰ</em></strong></span> <span class='ocrx_word' id='word_1_160' title='bbox 626 2276 730 2339; x_wconf 79' lang='grc' dir='ltr'><strong><em>ταῦτα</em></strong></span> <span class='ocrx_word' id='word_1_161' title='bbox 746 2267 824 2337; x_wconf 88' lang='grc' dir='ltr'><strong><em>οὐτε</em></strong></span> <span class='ocrx_word' id='word_1_162' title='bbox 839 2268 1006 2355; x_wconf 80' lang='grc' dir='ltr'><strong><em>πρόβατά</em></strong></span> <span class='ocrx_word' id='word_1_163' title='bbox 1022 2290 1099 2358; x_wconf 86' lang='grc' dir='ltr'><strong><em>σφι</em></strong></span> <span class='ocrx_word' id='word_1_164' title='bbox 1115 2277 1206 2340; x_wconf 75' lang='grc' dir='ltr'><strong><em>ἔτικτε</em></strong></span> 
     </span>
     <span class='ocr_line' id='line_1_22' title="bbox 185 2368 1205 2463; baseline -0.009 -19"><span class='ocrx_word' id='word_1_165' title='bbox 185 2374 262 2445; x_wconf 79' lang='grc' dir='ltr'><strong><em>οὐτε</em></strong></span> <span class='ocrx_word' id='word_1_166' title='bbox 283 2380 325 2463; x_wconf 88' lang='grc' dir='ltr'><strong><em>γή</em></strong></span> <span class='ocrx_word' id='word_1_167' title='bbox 347 2378 445 2461; x_wconf 84' lang='grc' dir='ltr'><strong><em>έφερε</em></strong></span> <span class='ocrx_word' id='word_1_168' title='bbox 466 2370 587 2459; x_wconf 84' lang='grc' dir='ltr'><strong><em>ὁμοίως</em></strong></span> <span class='ocrx_word' id='word_1_169' title='bbox 607 2368 747 2457; x_wconf 84' lang='grc' dir='ltr'><strong><em>καρπόν.</em></strong></span> <span class='ocrx_word' id='word_1_170' title='bbox 774 2368 959 2457; x_wconf 86' lang='grc' dir='ltr'><strong><em>πρόφαντα</em></strong></span> <span class='ocrx_word' id='word_1_171' title='bbox 975 2373 1025 2438; x_wconf 77' lang='grc' dir='ltr'><strong><em>δέ</em></strong></span> <span class='ocrx_word' id='word_1_172' title='bbox 1038 2389 1114 2457; x_wconf 87' lang='grc' dir='ltr'><strong><em>σφι</em></strong></span> <span class='ocrx_word' id='word_1_173' title='bbox 1133 2377 1170 2439; x_wconf 82' lang='grc' dir='ltr'><strong><em>ἒν</em></strong></span> <span class='ocrx_word' id='word_1_174' title='bbox 1182 2396 1205 2435; x_wconf 79' lang='grc' dir='ltr'><strong><em>ιι</em></strong></span> 
     </span>
     <span class='ocr_line' id='line_1_23' title="bbox 185 2471 1206 2561; baseline -0.01 -18"><span class='ocrx_word' id='word_1_175' title='bbox 185 2471 339 2561; x_wconf 81' lang='grc' dir='ltr'><strong><em>Διιόόνη</em></strong></span> <span class='ocrx_word' id='word_1_176' title='bbox 360 2473 415 2541; x_wconf 81' lang='grc' dir='ltr'><strong><em>καὶ</em></strong></span> <span class='ocrx_word' id='word_1_177' title='bbox 436 2472 473 2540; x_wconf 90' lang='grc' dir='ltr'><strong><em>έν</em></strong></span> <span class='ocrx_word' id='word_1_178' title='bbox 489 2478 653 2557; x_wconf 80' lang='grc' dir='ltr'><strong><em>Δελφολσι</em></strong></span> <span class='ocrx_word' id='word_1_179' title='bbox 675 2471 819 2555; x_wconf 83' lang='grc' dir='ltr'><strong><em>έγίνετο,</em></strong></span> <span class='ocrx_word' id='word_1_180' title='bbox 849 2473 963 2539; x_wconf 85' lang='grc' dir='ltr'><strong><em>έπείτε</em></strong></span> <span class='ocrx_word' id='word_1_181' title='bbox 1000 2473 1206 2559; x_wconf 71' lang='grc' dir='ltr'><strong><em>ἐπειρώτεον</em></strong></span> 
     </span>
     <span class='ocr_line' id='line_1_24' title="bbox 185 2565 1207 2658; baseline -0.005 -19"><span class='ocrx_word' id='word_1_182' title='bbox 185 2566 264 2651; x_wconf 88' lang='grc' dir='ltr'><strong><em>τούς</em></strong></span> <span class='ocrx_word' id='word_1_183' title='bbox 277 2568 452 2658; x_wconf 84' lang='grc' dir='ltr'><strong><em>προφήτας</em></strong></span> <span class='ocrx_word' id='word_1_184' title='bbox 462 2565 499 2638; x_wconf 86' lang='grc' dir='ltr'><strong><em>τό</em></strong></span> <span class='ocrx_word' id='word_1_185' title='bbox 510 2576 619 2637; x_wconf 89' lang='grc' dir='ltr'><strong><em>αίτιον</em></strong></span> <span class='ocrx_word' id='word_1_186' title='bbox 629 2572 691 2635; x_wconf 86' lang='grc' dir='ltr'><strong><em>τοῦ</em></strong></span> <span class='ocrx_word' id='word_1_187' title='bbox 702 2565 886 2654; x_wconf 86' lang='grc' dir='ltr'><strong><em>παρεόντος</em></strong></span> <span class='ocrx_word' id='word_1_188' title='bbox 896 2574 1034 2652; x_wconf 79' lang='grc' dir='ltr'><strong><em>κακοῦ,</em></strong></span> <span class='ocrx_word' id='word_1_189' title='bbox 1054 2574 1097 2637; x_wconf 89' lang='grc' dir='ltr'><strong><em>οί</em></strong></span> <span class='ocrx_word' id='word_1_190' title='bbox 1107 2569 1147 2637; x_wconf 73' lang='grc' dir='ltr'><strong><em>δὲ</em></strong></span> <span class='ocrx_word' id='word_1_191' title='bbox 1158 2566 1207 2635; x_wconf 77' lang='grc' dir='ltr'><strong><em>αὐ</em></strong></span> 
     </span>
     <span class='ocr_line' id='line_1_25' title="bbox 185 2662 1206 2763; baseline -0.003 -27"><span class='ocrx_word' id='word_1_192' title='bbox 185 2678 269 2736; x_wconf 76' lang='grc' dir='ltr'><strong><em>τοῖσι</em></strong></span> <span class='ocrx_word' id='word_1_193' title='bbox 286 2672 446 2752; x_wconf 73' lang='grc' dir='ltr'><strong><em>ἔφραζον,</em></strong></span> <span class='ocrx_word' id='word_1_194' title='bbox 467 2666 518 2763; x_wconf 65' lang='grc' dir='ltr'><strong><em>ἧφι</em></strong></span> <span class='ocrx_word' id='word_1_195' title='bbox 540 2664 661 2745; x_wconf 80' lang='grc' dir='ltr'><strong><em>όόίκως</em></strong></span> <span class='ocrx_word' id='word_1_196' title='bbox 673 2662 735 2733; x_wconf 88' lang='grc' dir='ltr'><strong><em>τόν</em></strong></span> <span class='ocrx_word' id='word_1_197' title='bbox 749 2664 906 2753; x_wconf 82' lang='grc' dir='ltr'><strong><em>φύλακον</em></strong></span> <span class='ocrx_word' id='word_1_198' title='bbox 919 2672 996 2732; x_wconf 75' lang='grc' dir='ltr'><strong><em>τῶν</em></strong></span> <span class='ocrx_word' id='word_1_199' title='bbox 1013 2672 1116 2756; x_wconf 81' lang='grc' dir='ltr'><strong><em>ίρῶν</em></strong></span> <span class='ocrx_word' id='word_1_200' title='bbox 1133 2694 1206 2754; x_wconf 75' lang='grc' dir='ltr'><strong><em>προ</em></strong></span> 
     </span>
     <span class='ocr_line' id='line_1_26' title="bbox 186 2760 1205 2854; baseline 0.002 -23"><span class='ocrx_word' id='word_1_201' title='bbox 186 2763 298 2852; x_wconf 78' lang='grc' dir='ltr'><strong><em>βιότιον</em></strong></span> <span class='ocrx_word' id='word_1_202' title='bbox 312 2762 463 2851; x_wconf 85' lang='grc' dir='ltr'><strong><em>Εὐήνιον</em></strong></span> <span class='ocrx_word' id='word_1_203' title='bbox 483 2770 541 2851; x_wconf 82' lang='grc' dir='ltr'><strong><em>τῆς</em></strong></span> <span class='ocrx_word' id='word_1_204' title='bbox 561 2764 658 2847; x_wconf 79' lang='grc' dir='ltr'><strong><em>όηιος</em></strong></span> <span class='ocrx_word' id='word_1_205' title='bbox 671 2766 866 2851; x_wconf 81' lang='grc' dir='ltr'><strong><em>ἐστέρησαν·</em></strong></span> <span class='ocrx_word' id='word_1_206' title='bbox 896 2760 998 2832; x_wconf 77' lang='grc' dir='ltr'><strong><em>αὐτοὶ</em></strong></span> <span class='ocrx_word' id='word_1_207' title='bbox 1018 2764 1097 2854; x_wconf 75' lang='grc' dir='ltr'><strong><em>γὰρ</em></strong></span> <span class='ocrx_word' id='word_1_208' title='bbox 1114 2770 1205 2851; x_wconf 83' lang='grc' dir='ltr'><strong><em>έπορ</em></strong></span> 
     </span>
     <span class='ocr_line' id='line_1_27' title="bbox 185 2856 1204 2951; baseline 0.004 -24"><span class='ocrx_word' id='word_1_209' title='bbox 185 2866 286 2946; x_wconf 85' lang='grc' dir='ltr'><strong><em>μήσαι</em></strong></span> <span class='ocrx_word' id='word_1_210' title='bbox 308 2856 387 2937; x_wconf 89' lang='grc' dir='ltr'><strong><em>τούς</em></strong></span> <span class='ocrx_word' id='word_1_211' title='bbox 407 2859 548 2948; x_wconf 87' lang='grc' dir='ltr'><strong><em>λόκους,</em></strong></span> <span class='ocrx_word' id='word_1_212' title='bbox 570 2859 611 2930; x_wconf 92' lang='grc' dir='ltr'><strong><em>οὐ</em></strong></span> <span class='ocrx_word' id='word_1_213' title='bbox 632 2858 797 2950; x_wconf 86' lang='grc' dir='ltr'><strong><em>πρότερόν</em></strong></span> <span class='ocrx_word' id='word_1_214' title='bbox 815 2887 852 2929; x_wconf 86' lang='grc' dir='ltr'><strong><em>τε</em></strong></span> <span class='ocrx_word' id='word_1_215' title='bbox 872 2861 1087 2933; x_wconf 80' lang='grc' dir='ltr'><strong><em>παύσεσθαι</em></strong></span> <span class='ocrx_word' id='word_1_216' title='bbox 1110 2890 1204 2951; x_wconf 70' lang='grc' dir='ltr'><strong><em>τιμον</em></strong></span> 
     </span>
     <span class='ocr_line' id='line_1_28' title="bbox 186 2956 1202 3079; baseline 0.008 -56"><span class='ocrx_word' id='word_1_217' title='bbox 186 2960 317 3079; x_wconf 62' lang='grc' dir='ltr'><strong><em>ρέονρες</em></strong></span> <span class='ocrx_word' id='word_1_218' title='bbox 333 2960 449 3051; x_wconf 82' lang='grc' dir='ltr'><strong><em>ἐκείνφ</em></strong></span> <span class='ocrx_word' id='word_1_219' title='bbox 462 2956 577 3047; x_wconf 84' lang='grc' dir='ltr'><strong><em>πρλνή</em></strong></span> <span class='ocrx_word' id='word_1_220' title='bbox 594 2964 688 3039; x_wconf 79' lang='grc' dir='ltr'><strong><em>δίκας</em></strong></span> <span class='ocrx_word' id='word_1_221' title='bbox 702 2963 784 3028; x_wconf 79' lang='grc' dir='ltr'><strong><em>ὐοόσι</em></strong></span> <span class='ocrx_word' id='word_1_222' title='bbox 798 2964 868 3027; x_wconf 79' lang='grc' dir='ltr'><strong><em>τῶν</em></strong></span> <span class='ocrx_word' id='word_1_223' title='bbox 882 2962 1058 3047; x_wconf 78' lang='grc' dir='ltr'><strong><em>ἐποίησαν</em></strong></span> <span class='ocrx_word' id='word_1_224' title='bbox 1073 2966 1202 3048; x_wconf 76' lang='grc' dir='ltr'><strong><em>ταύτας,</em></strong></span> 
     </span>
     <span class='ocr_line' id='line_1_29' title="bbox 184 3056 1202 3153; baseline 0.009 -30"><span class='ocrx_word' id='word_1_225' title='bbox 184 3082 242 3134; x_wconf 91' lang='grc' dir='ltr'><strong><em>τας</em></strong></span> <span class='ocrx_word' id='word_1_226' title='bbox 256 3083 300 3124; x_wconf 92' lang='grc' dir='ltr'><strong><em>αν</em></strong></span> <span class='ocrx_word' id='word_1_227' title='bbox 313 3056 413 3138; x_wconf 87' lang='grc' dir='ltr'><strong><em>αὐτός</em></strong></span> <span class='ocrx_word' id='word_1_228' title='bbox 428 3063 539 3145; x_wconf 78' lang='grc' dir='ltr'><strong><em>ἕληται</em></strong></span> <span class='ocrx_word' id='word_1_229' title='bbox 555 3063 611 3128; x_wconf 79' lang='grc' dir='ltr'><strong><em>καὶ</em></strong></span> <span class='ocrx_word' id='word_1_230' title='bbox 628 3064 766 3128; x_wconf 82' lang='grc' dir='ltr'><strong><em>όικαιολ·</em></strong></span> <span class='ocrx_word' id='word_1_231' title='bbox 789 3058 920 3128; x_wconf 81' lang='grc' dir='ltr'><strong><em>τούτων</em></strong></span> <span class='ocrx_word' id='word_1_232' title='bbox 935 3063 973 3128; x_wconf 75' lang='grc' dir='ltr'><strong><em>δὲ</em></strong></span> <span class='ocrx_word' id='word_1_233' title='bbox 987 3070 1202 3153; x_wconf 80' lang='grc' dir='ltr'><strong><em>τελεομένων</em></strong></span> 
     </span>
     <span class='ocr_line' id='line_1_30' title="bbox 186 3152 1202 3252; baseline 0.008 -31"><span class='ocrx_word' id='word_1_234' title='bbox 186 3152 281 3225; x_wconf 82' lang='grc' dir='ltr'><strong><em>αὐτοὶ</em></strong></span> <span class='ocrx_word' id='word_1_235' title='bbox 297 3156 418 3229; x_wconf 79' lang='grc' dir='ltr'><strong><em>δόσαν</em></strong></span> <span class='ocrx_word' id='word_1_236' title='bbox 434 3156 569 3252; x_wconf 84' lang='grc' dir='ltr'><strong><em>Εὐηνίφ</em></strong></span> <span class='ocrx_word' id='word_1_237' title='bbox 584 3160 682 3228; x_wconf 76' lang='grc' dir='ltr'><strong><em>δόσιν</em></strong></span> <span class='ocrx_word' id='word_1_238' title='bbox 696 3157 872 3245; x_wconf 85' lang='grc' dir='ltr'><strong><em>τοιαότην,</em></strong></span> <span class='ocrx_word' id='word_1_239' title='bbox 887 3156 951 3245; x_wconf 83' lang='grc' dir='ltr'><strong><em>τήν</em></strong></span> <span class='ocrx_word' id='word_1_240' title='bbox 968 3166 1134 3244; x_wconf 79' lang='grc' dir='ltr'><strong><em>πολλούς</em></strong></span> <span class='ocrx_word' id='word_1_241' title='bbox 1152 3191 1202 3251; x_wconf 85' lang='grc' dir='ltr'><strong><em>μιν</em></strong></span> 
     </span>
     <span class='ocr_line' id='line_1_31' title="bbox 136 3255 1202 3348; baseline 0.007 -28"><span class='ocrx_word' id='word_1_242' title='bbox 136 3264 171 3320; x_wconf 75' lang='grc'><strong><em>94</em></strong></span> <span class='ocrx_word' id='word_1_243' title='bbox 186 3261 377 3343; x_wconf 88' lang='grc' dir='ltr'><strong><em>μακαριέειν</em></strong></span> <span class='ocrx_word' id='word_1_244' title='bbox 390 3256 584 3347; x_wconf 73' lang='grc' dir='ltr'><strong><em>ἀνθρώπων</em></strong></span> <span class='ocrx_word' id='word_1_245' title='bbox 600 3264 725 3345; x_wconf 73' lang='grc' dir='ltr'><strong><em>ἔχοντα.</em></strong></span> <span class='ocrx_word' id='word_1_246' title='bbox 752 3255 801 3326; x_wconf 78' lang='grc' dir='ltr'><strong><em>Τὰ</em></strong></span> <span class='ocrx_word' id='word_1_247' title='bbox 815 3257 879 3343; x_wconf 68' lang='grc' dir='ltr'><strong><em>μέν</em></strong></span> <span class='ocrx_word' id='word_1_248' title='bbox 891 3260 1089 3348; x_wconf 81' lang='grc' dir='ltr'><strong><em>χρηστήρια</em></strong></span> <span class='ocrx_word' id='word_1_249' title='bbox 1104 3262 1202 3331; x_wconf 78' lang='grc' dir='ltr'><strong><em>ταύτό</em></strong></span> 
     </span>
     <span class='ocr_line' id='line_1_32' title="bbox 187 3353 1199 3446; baseline 0.006 -28"><span class='ocrx_word' id='word_1_250' title='bbox 187 3367 247 3435; x_wconf 88' lang='grc' dir='ltr'><strong><em>σφι</em></strong></span> <span class='ocrx_word' id='word_1_251' title='bbox 259 3354 415 3443; x_wconf 76' lang='grc' dir='ltr'><strong><em>ἐχρήσθη,</em></strong></span> <span class='ocrx_word' id='word_1_252' title='bbox 425 3360 459 3425; x_wconf 90' lang='grc' dir='ltr'><strong><em>οί</em></strong></span> <span class='ocrx_word' id='word_1_253' title='bbox 466 3357 503 3425; x_wconf 72' lang='grc' dir='ltr'><strong><em>δὲ</em></strong></span> <span class='ocrx_word' id='word_1_254' title='bbox 513 3353 773 3445; x_wconf 73' lang='grc' dir='ltr'><strong><em>Ἀπολλωνιῆται</em></strong></span> <span class='ocrx_word' id='word_1_255' title='bbox 784 3353 960 3442; x_wconf 81' lang='grc' dir='ltr'><strong><em>ἀπόρρητα</em></strong></span> <span class='ocrx_word' id='word_1_256' title='bbox 970 3359 1199 3446; x_wconf 75' lang='grc' dir='ltr'><strong><em>ποιησόμενοι</em></strong></span> 
     </span>
     <span class='ocr_line' id='line_1_33' title="bbox 187 3454 1200 3544; baseline 0.005 -22"><span class='ocrx_word' id='word_1_257' title='bbox 187 3454 376 3533; x_wconf 75' lang='grc' dir='ltr'><strong><em>προέθεσαν</em></strong></span> <span class='ocrx_word' id='word_1_258' title='bbox 387 3462 455 3524; x_wconf 80' lang='grc' dir='ltr'><strong><em>τόν</em></strong></span> <span class='ocrx_word' id='word_1_259' title='bbox 465 3454 576 3523; x_wconf 76' lang='grc' dir='ltr'><strong><em>ἀστῶν</em></strong></span> <span class='ocrx_word' id='word_1_260' title='bbox 587 3454 730 3543; x_wconf 82' lang='grc' dir='ltr'><strong><em>ὐνόρόσι</em></strong></span> <span class='ocrx_word' id='word_1_261' title='bbox 746 3460 933 3542; x_wconf 75' lang='grc' dir='ltr'><strong><em>διαπρῆξαι.</em></strong></span> <span class='ocrx_word' id='word_1_262' title='bbox 953 3459 990 3525; x_wconf 90' lang='grc' dir='ltr'><strong><em>οί</em></strong></span> <span class='ocrx_word' id='word_1_263' title='bbox 1002 3460 1048 3526; x_wconf 80' lang='grc' dir='ltr'><strong><em>δέ</em></strong></span> <span class='ocrx_word' id='word_1_264' title='bbox 1058 3480 1130 3544; x_wconf 87' lang='grc' dir='ltr'><strong><em>σφι</em></strong></span> <span class='ocrx_word' id='word_1_265' title='bbox 1141 3460 1200 3533; x_wconf 75' lang='grc' dir='ltr'><strong><em>όιέ·</em></strong></span> 
     </span>
    </p>
   </div>
   <div class='ocr_carea' id='block_1_4' title="bbox 0 0 1254 3925">
    <p class='ocr_par' dir='ltr' id='par_1_4' title="bbox 0 0 1254 3925">
     <span class='ocr_line' id='line_1_34' title="bbox 0 0 1254 3925; baseline 0 1"><span class='ocrx_word' id='word_1_266' title='bbox 0 0 1254 3925; x_wconf 95' lang='lat' dir='ltr'><strong><em> </em></strong></span> 
     </span>
    </p>
   </div>
  </div>
 </body>
</html>
