2500 3925
358 267 441 323 ιιΒ.
475 267 495 323 1
529 267 842 330 mma-18⁶.
1059 260 1101 328 λλ

88 451 152 508 ρον
167 418 337 513 γενομένη
352 425 474 512 ταύτης
484 430 653 513 βασίλεια,
667 431 709 515 τῇ
720 423 851 512 οῦνομα
863 419 909 515 ἦν
919 434 1100 523 Νίτωκρις,

89 522 175 612 αῦτη
201 523 238 594 δέ
265 525 474 611 συνετωτέρη
494 526 658 612 γενομένη
683 530 742 611 τῆς
762 523 930 613 πρότερον
954 508 1100 611 ἀρξάσης

90 630 190 692 τοῦτο
216 625 280 710 μὲν
307 623 509 711 μνημόσυνα
535 625 684 712 ἐλίπετο,
715 618 755 689 τά
783 619 847 709 ἐγῦ
874 619 1099 712 ἀπηγήσομαι,

88 720 293 792 τοῦτοδὲ
257 749 321 810 την
331 715 646 808 Μήδωνόρέονσα’
626 745 733 806 αρχην
744 719 894 807 μεγάλην
908 746 944 789 τε
965 723 1020 788 καί
1037 714 1099 787 οῦκ

89 817 351 908 ἀτρεμίζουσαν,
378 819 448 891 ἀλλ’
477 819 561 888 ἀλλα
575 846 611 888 τε
622 817 831 907 ἀραιρημένα
846 818 947 889 ἀστεα
958 817 1099 904 αῦτοίσι,

89 923 127 986 ἐν
149 923 188 990 δέ
210 918 255 1008 δὴ
283 924 339 990 καὶ
357 918 421 1008 τὴν
439 928 568 1005 Νίνον,
589 917 846 1006 προεφυλάξατο
873 913 936 988 ὅσα
957 915 1098 986 ἐδύνατο

88 1019 244 1104 μάλιστα.
262 1026 378 1106 πρῶτα
387 1015 714 1107 μέντόνΕῦφρητηυ
723 1013 1003 1106 ποταμόνβεοντα
1013 1013 1100 1104 πρό-

87 1142 191 1204 τερον
204 1113 308 1204 baim,
329 1115 367 1197 ός
384 1137 446 1205 σφι
466 1115 523 1186 διά
541 1124 602 1204 τῆς
623 1116 742 1194 πόλιος
756 1118 857 1204 μέσης
871 1119 956 1204 oda,
977 1123 1099 1185 τοῦτον

86 1212 230 1284 ἀνωθεν
247 1213 579 1304 διάρυχαςόρόξασα
592 1214 682 1284 υῦτω
698 1215 740 1302 δή
754 1242 785 1284 τι
800 1219 935 1304 ἐποίησε
948 1211 1097 1301 σαολιόν,

85 1309 230 1400 ῦστεδη
253 1316 326 1397 τρίς
344 1315 378 1393 ές
399 1321 469 1382 τῶν
487 1312 564 1384 τινά
585 1316 726 1400 κωμέων
744 1320 812 1382 τῶν
835 1315 872 1383 ἐν
891 1321 931 1402 τῇ
941 1312 1098 1402 Ἀσσυρίη

85 1407 284 1480 ἀπικνέεται
296 1413 394 1500 ρ’έων.
421 1419 463 1501 τῇ
477 1415 513 1481 δέ
527 1413 624 1502 κόμη
639 1409 771 1500 οὔνομά
786 1414 872 1500 ἐστι,
893 1415 927 1493 ἐς
941 1410 1004 1501 τὴν
1019 1409 1098 1484 ἀπι-

84 1514 221 1578 κνέεται
241 1507 477 1602 ὁἘῦφρήτης,
495 1512 701 1602 Ἀρδέρικκα.
731 1515 786 1582 καὶ
806 1519 873 1583 νῦν
894 1519 929 1584 οἳ
941 1509 986 1584 ἀν
1001 1524 1099 1604 κομί-

85 1615 209 1690 ζωνται
229 1605 297 1677 ἀπό
320 1615 420 1697 τῆσδε
441 1620 500 1699 τῆς
520 1613 694 1698 θαλάσσης
716 1614 749 1690 ές
768 1619 973 1700 Βαβυλῶνα,
995 1640 1098 1684 κατα-

84 1706 272 1788 πλοάοντες·
295 1708 356 1780 τόν
378 1706 563 1798 Εὐφρήτην
585 1706 738 1796 ποταμὸν
747 1716 819 1797 τρίς
828 1735 864 1779 τε
876 1711 909 1789 ἐς
918 1707 981 1799 τὴν
992 1709 1098 1800 αὐτὴν

85 1808 215 1894 ταύτην
226 1807 344 1894 κόμην
353 1815 597 1896 παραγίνονται
608 1812 664 1877 καὶ
679 1810 717 1877 ἐν
728 1806 975 1900 τρισίὴμέρησι.
997 1818 1097 1879 τοῦτο

87 1909 148 1993 μὲν
163 1902 207 1994 δὴ
220 1912 356 1975 τοιοῦτο
371 1909 522 1995 ἐποίησε,
542 1913 638 1995 χῦμα
651 1906 687 1977 δὲ
701 1909 874 1997 παρέχωσε
887 1906 968 1995 παρ’
984 1907 1098 1979 ἐπάτε-

86 2031 150 2091 ρον
171 2011 237 2073 τοῦ
253 2014 406 2093 ποταμοῦ
421 2004 459 2075 τὸ
481 2014 589 2093 χεῖλος
610 2006 707 2087 ἀξιον
739 2012 913 2094 θώματος,
948 2012 1096 2096 μέγαθος

84 2108 141 2173 καὶ
155 2103 247 2186 ῦψος
260 2103 344 2174 ὅσον
356 2131 389 2174 τι
404 2106 482 2176 ἐστί.
504 2106 699 2192 αατῦπερθε
713 2106 751 2173 δὲ
765 2110 878 2197 πολλῷ
891 2113 1096 2194 Βαβυλῶνος

86 2203 223 2287 ὤρυσσε
237 2209 380 2292 ἔλυτρον
392 2212 504 2294 λίμνη,
520 2201 638 2290 ὀλίγον
648 2231 680 2273 τι
694 2212 942 2294 παρατείνουσα
953 2202 1019 2275 ἀπό
1034 2214 1095 2274 τοῦ

84 2308 259 2389 ποταμοῦ,
280 2301 389 2390 βάθος
403 2306 466 2391 μὲν
480 2306 515 2383 ἐς
524 2302 562 2372 τό
578 2302 672 2390 ῦδωρ
688 2307 752 2371 αἰεί
770 2302 980 2392 ὀρῦσσονσα,
996 2298 1095 2390 εὖρος

85 2403 124 2471 δὲ
138 2400 179 2471 τό
194 2407 397 2489 περίμετρον
417 2400 524 2471 αῦτοῦ
538 2410 682 2472 ποιεῦσα
699 2409 806 2471 είνοσί
817 2428 853 2471 τε
867 2404 922 2471 καί
936 2426 1095 2489 τετραπο-

85 2511 172 2574 σίων
188 2507 348 2571 σταδίων·
370 2500 431 2571 τόν
444 2504 482 2571 δέ
498 2498 733 2590 ὀρυσσόμενον
745 2508 829 2588 χοῦν
843 2502 880 2571 ἐν
896 2501 1019 2571 τοῦτον
1033 2504 1094 2568 τοῦ

85 2602 278 2690 ὀρύγματος
288 2598 468 2689 ἀναισίμου
477 2600 569 2689 παρὰ
580 2599 621 2670 τά
632 2607 741 2687 χείλεα
751 2606 813 2668 τοῦ
822 2605 976 2685 ποταμοῦ
985 2622 1094 2682 παρα-

84 2705 219 2789 χέουσα.
248 2700 357 2767 έπείτε
372 2704 412 2770 δέ
420 2697 484 2769 οί’
467 2701 659 2789 οράρυκτο,
680 2707 800 2779 λίθους
810 2697 1000 2819 ἀγαγομένη
1011 2722 1095 2812 πρη-

85 2805 167 2869 πῐδα
183 2797 299 2891 πῦκλμ
313 2803 390 2887 περὶ
396 2796 509 2921 αῦτην
523 2796 637 2885 ηλασε.
660 2799 769 2866 ἐποίεε
780 2795 846 2865 δὲ’
828 2794 1001 2883 αμφότερα
1011 2798 1094 2861 ταῦ-

84 2926 135 2987 τα,
151 2900 215 2967 τόν
229 2924 265 2966 τε
279 2897 432 2982 ποταμόν
445 2894 583 2967 σκολιόν
597 2894 701 2965 καί
666 2923 703 2965 το
721 2895 853 3017 ὀρυγμα
864 2903 933 2966 πᾶν
948 2890 1071 2981 έλος,“
1049 2919 1094 2974 ως

86 2996 106 3065 ὀ
119 3024 156 3067 τε
165 2994 320 3083 ποταμός
334 2996 540 3086 βραδύτερος
552 3004 602 3082 ελη
617 2998 694 3083 περὶ
705 2991 838 3114 καμπάς
847 2988 1005 3071 πολλάς’
986 2989 1093 3078 αγνῦ-

85 3119 197 3184 μενος,
212 3098 269 3164 καί
279 3100 314 3164 οί
326 3095 424 3165 πλόοι
435 3099 514 3163 ἔωσι
525 3097 654 3162 σκολιοὶ
668 3091 751 3173 ἐς
715 3120 777 3181 την
790 3098 989 3181 Βαβυλῶνα,
1008 3095 1045 3157 ἐκ
1058 3116 1093 3157 τε

85 3201 154 3261 τῶν
167 3192 286 3261 πλόων
299 3195 471 3279 ἐκδέκηται
485 3196 641 3279 περίοδος
655 3198 713 3279 τῆς
733 3198 851 3277 λίμνης
866 3215 985 3276 μακρη.
1008 3187 1092 3258 κατά

85 3291 235 3360 τοῦτοδὲ
248 3291 468 3379 εἰργάζετο
428 3316 487 3377 της
499 3290 630 3377 χώρης,
646 3296 686 3379 τῇ
701 3291 738 3357 αί
746 3314 782 3356 τε
796 3278 961 3376 ἐσβολαί
939 3304 1026 3376 ησαν
1038 3291 1092 3357 καί

85 3387 123 3457 τά
138 3389 292 3477 σῦντυμα
305 3395 363 3476 τῆς
380 3391 417 3458 ἐιι
431 3388 566 3477 Μήδων
579 3388 682 3476 ὀδοῦ,
703 3390 762 3457 ἵνα
777 3414 823 3476 μη
811 3384 1093 3475 ἐπιμισγόμενοι

85 3491 118 3554 οί
124 3490 245 3573 Μῆδοι
258 3486 562 3637 ἐκμανθάνοιεν’
520 3496 622 3575 αυτῆς
634 3484 675 3556 τά
687 3484 873 3573 πρήγματα.
906 3492 1018 3635 Τμῦτα
1032 3488 1093 3573 μέν
1110 3500 1160 3555 Ιθο

167 3598 270 3637 mol>-
303 3621 310 3636 .
