2500 3925
161 247 223 313 162
530 254 780 312 HEROBOTI

158 408 299 495 σινδόνι,
314 407 370 478 διά
383 408 513 489 τούτω
524 410 702 480 δάκνουσι·
726 409 782 480 διὰ
799 415 835 482 δὲ
849 421 910 482 τοῦ
920 416 1061 486 δικτύου
1078 412 1160 484 οῦδ)

158 509 345 593 πειρέυνται
361 505 477 596 άρχήν.

112 624 145 677 96
248 602 296 672 Τά
318 608 355 672 δὲ
375 602 416 691 δή
439 605 539 674 πλοῖά
563 625 641 692 σφι,
667 618 752 677 τοϊσι
773 612 1011 698 φορτηγέουσι,
1039 612 1107 678 ἐστὶ
1121 612 1161 678 έκ

158 712 215 792 τῆς
228 701 381 790 άκάνθης
396 704 596 790 ποιεύμενα,
616 700 708 791 τήςὴ
731 703 844 792 μορφή
870 710 932 793 μέν
952 709 1021 776 έστι
1041 703 1162 793 ὁμονο-

159 803 239 888 τάτη
253 808 299 892 τῷ
315 808 496 894 Κυρηναίη)
510 809 621 894 λωτῷ,
642 800 678 872 τό
691 804 728 871 δέ
741 803 890 891 δάκρυον
901 806 1003 893 κόμμι
1014 810 1087 874 ἐστί
1092 829 1099 844 ·
1122 806 1162 872 έκ

158 903 280 989 ταύτης
292 894 341 970 άν
350 908 408 988 τῆς
418 899 571 989 ἀκάνθης
584 902 769 989 κοψάμενοι
782 902 864 982 ξύλα
875 901 957 972 ὅσον
971 928 1007 971 τε
1018 901 1162 990 διπήχεα

159 995 351 1086 πλινθηδὸν
364 1011 569 1088 συντιθεῖσι,
583 1000 853 1087 ναυπηγεύμενοι
866 1002 993 1089 τρόπον
1007 1000 1161 1070 τοιόνδε·

160 1101 235 1187 περὶ
248 1099 403 1186 γόμφους
423 1098 574 1179 πυκνούς
590 1103 646 1170 καί
665 1099 814 1188 μακρούς
828 1107 1033 1190 περιείρουσι
1048 1097 1090 1170 τά
1107 1103 1163 1168 δι·

160 1199 264 1284 πήχει
288 1198 386 1278 ξύλα·
414 1197 517 1267 ἐπεάν
541 1201 578 1268 δὲ
600 1199 713 1291 τρόπφ
734 1199 841 1292 τούτφ
864 1200 1163 1288 ναυπηγήσωνται,

161 1291 242 1380 ζυγά
257 1295 413 1380 ἐπιπολῆς
427 1300 573 1363 τείνουσι
584 1292 705 1363 αὐτῶν.
727 1301 865 1380 νομεῦσι
875 1295 912 1363 δὲ
926 1293 1027 1364 οῦδὲν
1039 1296 1164 1382 χρέον-

159 1417 229 1461 ται·
261 1397 391 1461 ἔσωθεν
417 1393 454 1461 δέ
484 1391 542 1472 τάς
574 1391 734 1482 ἁρμονίας
758 1396 795 1461 έν
821 1387 870 1463 ύν
894 1389 1092 1464 ἐπάκτωσαν
1121 1398 1164 1479 τῇ

160 1491 284 1580 βύβλῳ.
313 1490 477 1576 πηδάλιον
495 1490 533 1558 δδ
552 1494 590 1558 ἓν
611 1497 801 1576 ποιεῦνται,
823 1492 997 1559 καὶτοῦτο
1018 1488 1075 1558 διά
1102 1495 1164 1575 τῆς

159 1586 521 1675 τρόπιοςδιαβννέεται.
539 1592 619 1678 ἱστῷ
640 1589 676 1656 δὲ
692 1584 865 1678 άκανθίνφ
884 1587 1053 1675 χρέονται,
1075 1589 1164 1654 ἱστί-

159 1704 226 1753 οισι
243 1683 279 1752 δὲ
294 1688 492 1772 βυβλίνοισι
515 1690 619 1753 ταῦτα
633 1680 673 1751 τά
688 1691 787 1752 πλοία
805 1680 871 1751 άνά
891 1683 953 1770 μὲν
969 1680 1030 1752 τὸν
1053 1706 1165 1750 ποτα·

159 1778 225 1868 μόν
241 1778 284 1849 ού
306 1779 446 1850 δύναται
459 1780 602 1867 πλύειν,
622 1777 667 1867 ήν
683 1777 727 1867 μή
748 1778 899 1868 λαμπρὸς
911 1780 1034 1868 άνεμος
1047 1783 1163 1868 έπέχη,
1240 1821 1241 1824 =

160 1879 196 1946 ἐκ
210 1885 271 1965 γῆς
285 1877 323 1946 δέ
335 1879 548 1966 παρέλκεται,
565 1875 647 1946 κατά
662 1875 744 1967 ρόον
758 1876 794 1944 δέ
807 1883 970 1965 κομίζεται
985 1869 1067 1946 άδε·
1090 1883 1164 1946 ἔστι

159 1977 195 2044 έκ
209 1981 351 2062 μυρίκης
366 1977 570 2063 πεποιημένη
584 1975 695 2064 θύρη,
716 1978 966 2062 κατερραμμένη
986 1980 1079 2064 ρίπεῑ
1097 2002 1165 2044 κα-

159 2073 291 2159 λάμων,
313 2075 368 2141 καί
390 2079 486 2151 λίθος
508 2074 704 2159 τετρημένος
730 2070 923 2151 διτάλαντος
945 2071 1091 2159 μάλιστά
1119 2098 1165 2159 κη
1241 2130 1242 2135 ,

159 2168 320 2255 σταθμόν.
342 2168 472 2236 τούτων
492 2166 554 2254 τήν
572 2167 635 2254 μὲν
655 2168 770 2255 θύρην
792 2169 971 2254 δεδεμένην
990 2166 1084 2258 κάλφ
1100 2171 1161 2253 έμ-

158 2274 288 2352 προσθε
311 2271 372 2331 τοῦ
395 2270 515 2333 πλοίου
542 2262 633 2333 άπίει
658 2266 891 2351 ἐπιφέρεσθαι,
913 2260 973 2332 τόν
993 2264 1031 2331 δέ
1055 2271 1165 2333 λίθον

159 2361 248 2454 άλλφ
263 2362 354 2453 κάλφ
368 2358 498 2430 ὄπισθε.
527 2358 547 2448 ἡ
565 2360 627 2447 μὲν
642 2358 681 2448 δή
698 2361 789 2449 θύρη
804 2367 863 2428 τοῦ
876 2360 961 2447 ῥόου
975 2363 1164 2446 ἐμπίπτον-

158 2486 213 2539 τος
225 2458 341 2546 χωρέει
356 2461 494 2545 ταχέως,
516 2461 571 2527 καὶ
588 2460 675 2525 ἕλκει
691 2454 752 2543 τήν
772 2462 873 2544 βάριν
894 2462 1008 2541 (τοῦτο
1028 2452 1096 2542 γάρ
1119 2452 1162 2541 δὴ

159 2556 292 2642 οῦνομά
303 2557 370 2625 έστι
384 2569 469 2623 τοῖσι
483 2561 628 2623 πλοίοισι
644 2554 822 2640 τούτοισι),
843 2550 862 2621 ὁ
877 2554 914 2621 δὲ
925 2560 1022 2631 λίθος
1032 2549 1164 2621 ὄπισθε

158 2651 377 2738 ἐπελκόμενος
401 2654 456 2719 καί
477 2649 542 2719 έοὶν
566 2653 603 2718 έν
623 2656 737 2740 βυσσῷ
758 2650 934 2718 κατιθύνει
956 2646 1017 2720 τὸν
1037 2648 1160 2719 πλόον.

158 2756 226 2819 ἔστι
241 2749 280 2817 δέ
291 2768 352 2834 σφι
367 2746 407 2816 τά
421 2758 520 2818 πλοία
533 2755 636 2817 ταῦτα
651 2748 775 2835 πλήθει
786 2744 908 2833 πολλά,
924 2748 979 2815 καὶ
992 2746 1068 2834 ῦγει
1085 2754 1162 2817 ἔνια

156 2844 281 2926 πολλάς
292 2848 441 2934 χιλιάδας
453 2849 633 2917 ταλάντων.

107 2963 140 3018 97
238 2940 357 3012 Ἐπεάν
382 2943 414 3011 δ’
435 2948 559 3034 έπέλθη
579 2942 734 3023 ὁΝελλος
753 2940 815 3030 τὴν
833 2943 963 3031 χάρην,
986 2949 1023 3011 αλ
1041 2946 1162 3024 πόλιες

157 3049 280 3131 μοῦναι
305 3046 490 3127 φαίνονταί
505 3040 741 3130 ὑπερέχουσαι,
763 3039 906 3127 μάλιστά
929 3067 972 3130 κη
997 3042 1163 3129 έμφερέες

156 3147 230 3230 τῇσι
244 3142 281 3207 έν
295 3146 341 3229 τῷ
354 3146 482 3231 Λίγαίφ
497 3141 610 3233 πόντφ
622 3140 763 3227 νήσοισι.
787 3136 827 3206 τά
843 3138 905 3224 μέν
918 3136 984 3226 γάρ
998 3136 1086 3210 ῦλλα
1100 3149 1162 3228 τῆς

157 3236 330 3322 Αἰγύπτου
344 3241 484 3324 πέλαγος
503 3243 646 3325 γίνεται,
667 3241 704 3306 αί
721 3238 758 3305 δὲ
773 3235 887 3316 πόλιες
906 3243 1032 3324 μοῦναι
1049 3237 1161 3327 ῦπερ-

157 3334 277 3420 έχουσι.
300 3336 551 3421 πορθμεύονται
562 3326 627 3422 οῦν,
644 3331 745 3405 ἐπεάν
757 3341 856 3403 τοῦτο
870 3336 1024 3423 γένηται,
1042 3334 1160 3407 οῦκέτι

156 3425 239 3496 κατά
255 3426 296 3495 τά
310 3433 433 3516 δέεθρα
446 3439 507 3500 τοῦ
527 3440 694 3521 ποταμοῦ,
716 3431 799 3501 άλλά
821 3431 876 3501 διά
895 3437 1002 3519 μέσον
1015 3445 1079 3506 τοῦ
1095 3463 1160 3507 πε-
