2500 3925
162 214 225 277 ³12
538 212 787 270 HERODOTI

164 375 205 445 ού
221 378 331 463 πιστά,
346 372 436 465 ἀλλφ
448 374 484 440 δέ
496 371 538 459 δή
553 393 628 461 τεφ,
644 367 689 449 ὡς
702 370 948 457 περιπλώοντες
964 364 1025 455 τήν
1036 369 1157 452 Λιβυην

115 472 334 563 λλτόνήλιον
349 443 484 559 έσχόνέ
484 498 561 551 ςτα
549 468 679 550 δεξιά.
712 466 802 537 οὕτω
821 468 861 555 μὲ
863 496 884 535 ν
904 465 990 554 αὕτη
1009 462 1155 552 ἐγνώσθη
1215 547 1216 554 ¹

164 573 199 645 τὰ
216 580 366 662 πρώτον,
387 598 469 659 μετα
457 568 526 639 δέ
542 569 771 693 Καρχηδόνιοί
783 576 846 638 είσι
862 573 897 637 οί
907 575 1077 655 λέγοντες,
1095 566 1158 633 ἐπεὶ
1219 603 1221 610 -

163 675 343 760 Σατάσπης
357 698 396 759 γε
418 668 436 739 ὁ
458 666 661 748 Τεάσπιος’
642 666 728 757 ανήρ
746 666 972 755 Ἀχαιμενίδης
992 662 1035 732 ού
1054 663 1156 747 περιέ-

163 782 273 843 πλωσε
288 771 437 859 Λιβύην,
460 766 513 838 ἐπ’
530 766 611 837 αύτό
633 774 732 837 τοῦτο
748 770 932 855 πεμφθεὶς,
954 763 1040 835 ἀλλά
1056 768 1156 838 δείσας

161 871 200 941 τό
214 897 249 938 τε
263 876 366 957 μήκος
381 874 442 937 τού
456 866 564 936 πλόου
584 870 639 936 καλ
654 863 718 953 τήν
737 868 878 955 ἐρημίην
896 862 1028 953 ἀπῆλθε
1048 860 1155 946 ὀπίσω,

162 966 237 1037 οὐδ’
262 970 431 1036 ἐπετέλεσε
451 963 511 1034 τόν
525 967 662 1046 ἐπάταξέ
672 970 707 1034 ολ
723 962 745 1053 ἡ
760 965 867 1053 μήτηρ
884 964 1021 1034 ἀεθλον.
1053 972 1157 1047 θυγα-

161 1069 239 1155 τέρα
254 1064 319 1154 γὰρ
331 1066 500 1153 Ζωπύρου
510 1072 571 1134 τού
583 1066 788 1152 Μεγαβύζου
802 1067 978 1152 παρθένον
992 1060 1156 1151 ἐβιήσατο·
1212 1135 1215 1144 Ι

162 1172 290 1235 ἔπειτεν
305 1170 483 1251 μέλλοντος
497 1162 602 1233 αύτοῦ
618 1161 675 1232 διά
689 1163 816 1251 ταύτην
826 1161 888 1250 τήν
898 1168 1007 1249 αίτίηυ
1018 1158 1158 1228 ἀνασκο-
1214 1153 1215 1192 ³

161 1262 352 1333 λοπιέεσθαι
365 1261 429 1333 ὑπὸ
437 1267 566 1352 Ξέρξεω
578 1266 731 1352 βασιλέος
741 1260 763 1351 ἡ
774 1263 882 1351 μήτηρ
898 1269 959 1331 τοῦ
969 1260 1158 1335 Σατάσπεος

162 1364 263 1431 ἐοῦσα
284 1368 434 1450 Δαρείου
455 1359 600 1450 ἀδελφεή
626 1363 870 1452 παραιτήσατο,
901 1362 994 1451 φάσά
1021 1367 1055 1431 οί
1079 1357 1156 1444 αὐτή
1213 1389 1214 1394 ’

161 1463 245 1550 μέζω
268 1466 385 1548 ζημίην
405 1463 582 1549 ἐπιβήσειν
602 1460 688 1550 ήπερ
711 1465 850 1532 ἐκεῖνον.
894 1461 1029 1550 Λιβύην
1046 1459 1111 1547 γάρ
1130 1461 1162 1525 ολ

161 1559 314 1645 ἀνάγκην
333 1566 471 1630 ἔσεσθαι
491 1562 712 1650 περιπλώειν,
735 1565 768 1643 ές
786 1561 806 1630 δ
825 1558 870 1631 ἀν
890 1561 1047 1650 ἀπίκηται
1067 1586 1156 1648 περι-

162 1658 285 1728 πλώων
299 1657 404 1748 αύιήν
419 1664 452 1741 ἐς
466 1658 527 1729 τόν
543 1658 702 1749 Ἀράβιον
715 1663 853 1731 κόλπον.
887 1661 1160 1751 συγχωρήσαντος

162 1759 199 1827 δὲ
213 1761 341 1845 Ξέρξεω
357 1762 409 1829 ἐπὶ
429 1761 577 1828 τούτοισι
598 1758 615 1827 ὁ
633 1760 815 1847 Σατάσπης
834 1756 1037 1846 ἀπικόμενος
1051 1760 1085 1837 ἐς
1100 1765 1161 1824 At·
1219 1835 1221 1838 ¹

161 1884 291 1945 γυπτον
306 1864 361 1930 καί
374 1859 489 1949 λαβών
499 1864 559 1929 νέα
569 1886 604 1927 τε
616 1863 671 1929 καλ
681 1860 806 1939 ναύτας
816 1857 906 1948 παρά
917 1860 1047 1928 τούτων
1058 1862 1160 1925 έπλωε

161 1958 214 2026 ἐπὶ
243 1956 424 2045 Ἡρακλέας
457 1960 595 2048 στήλας,
628 1956 835 2038 διεκπλώσας
855 1959 892 2027 δὲ
907 1960 963 2027 καὶ
979 1957 1113 2044 κάμψας
1125 1951 1161 2021 τό

162 2055 371 2146 ἀκρωτήριον
384 2065 441 2146 τής
455 2059 593 2146 Λιβύης,
608 2064 654 2151 τῷ
666 2056 795 2143 ούνομα
807 2056 948 2136 Σολόεις
958 2059 1042 2142 ἐστὶ,
1058 2060 1161 2126 ἐπλωε

161 2157 244 2246 πρὸς
259 2166 483 2247 μεσαμβρίην,
497 2160 645 2246 περήσας
655 2159 692 2226 δὲ
702 2157 881 2228 θάλασσαν
891 2153 1021 2242 πολλήν
1032 2156 1070 2222 ἐν
1081 2162 1163 2222 πολ-

160 2264 246 2326 λοῖσι
263 2261 359 2344 μησὶ,
388 2261 495 2328 ἐπείτε
522 2265 583 2326 τοῦ
598 2264 743 2336 πλεῦνος
758 2258 822 2325 αίεὶ
842 2259 930 2342 έδεε,
953 2251 1161 2338 ἀποστρέψας

160 2355 265 2426 ὀπίσω
287 2354 439 2427 ἀπέπλωε
454 2358 487 2435 ἐς
501 2367 686 2444 Αίγυπτον.
721 2358 757 2424 ἐκ
772 2357 809 2423 δέ
822 2353 944 2439 ταύτης
961 2350 1163 2437 ἀπικόμενος
1219 2408 1221 2413 .

159 2448 249 2542 παρά
267 2459 404 2542 βασιλέα
418 2458 547 2543 ,Ξέρξην
558 2462 650 2542 ἔλεγε
665 2453 733 2541 φάς
746 2452 786 2523 τά
802 2451 1006 2540 προσωτάτω
1023 2448 1163 2537 ἀνθρώ-

159 2582 244 2635 πους
268 2554 429 2643 σμικρούς
449 2556 666 2644 παραπλώων
683 2558 799 2642 ἐσθῆτι
820 2558 993 2641 φοινικηίῃ
1012 2554 1164 2636 διαχρεο-

159 2660 336 2746 μενους,ο
319 2662 367 2741 οἳ,
389 2653 476 2736 ὅκως
490 2671 585 2742 σφεῖς
600 2662 799 2742 καταγοίατο
820 2681 860 2743 τη
846 2659 948 2739 νηί,
972 2650 1220 2743 φεύγεσκον
1219 2709 1221 2718 .

157 2753 243 2844 πρὸς
257 2752 297 2822 τά
318 2751 421 2842 ούρεα
434 2761 605 2833 λείποντες
629 2752 688 2833 τάς
708 2754 842 2841 πόλις,
844 2749 938 2820 αὐτοὶ
961 2750 998 2818 δὲ
1018 2746 1164 2817 ἀδικέειν

159 2853 259 2925 οὐδὲν
271 2852 431 2940 ἐσιόντες,
447 2854 647 2942 πρόβαταδὲ
658 2861 768 2941 μούνα
780 2855 813 2934 ἐξ
833 2845 949 2918 αύτύν
963 2846 1161 2936 λαμβάνειν.

157 2961 219 3022 τοῦ
244 2957 280 3022 δὲ
304 2950 349 3040 μή
373 2960 580 3040 περιπλῶσαι
599 2954 733 3040 Λιβύην
759 2957 930 3028 παντελῶς
952 2957 1063 3016 αίτιου
1087 2944 1164 3012 τόδε

159 3057 266 3139 ἔλεγε,
289 3049 325 3119 τὸ
341 3059 460 3121 πλοίου
473 3049 510 3118 τὸ
531 3049 647 3138 πρόσω
663 3048 705 3118 ού
725 3047 874 3119 δυνατόν
889 3054 937 3117 ἔτι
964 3044 1050 3115 εἶναι
1078 3069 1166 3130 προ-

158 3157 305 3238 βαίνειν,
320 3147 395 3220 ἀλλ’
412 3153 610 3237 ἐνισχεσθαι.
633 3153 858 3238 Ξέρξηςδέου
840 3149 906 3219 ”οί
917 3146 1165 3268 συγγινώσκων
1219 3108 1221 3261 Ξ

157 3249 267 3330 λέγειν
292 3245 438 3335 ἀληθέα,
462 3245 525 3316 οὐκ
546 3249 779 3318 ἐπιτελέσαντά
800 3275 836 3318 τε
858 3245 919 3317 τόν
938 3251 1165 3332 προκείμενον
1219 3266 1221 3337 η

158 3341 286 3410 ἄεθλον
298 3342 547 3432 ἀνεσκολόπισε,
559 3349 621 3432 τήν
632 3346 774 3435 ἀρχαίην
786 3353 884 3433 δίκην
891 3343 1074 3432 ἐπιτιμέων
1082 3341 1165 3410 τού-
1219 3360 1221 3411 !

160 3443 271 3511 τουδέ
285 3449 346 3508 τοῦ
361 3446 555 3524 Σατάσπεος
574 3445 735 3534 εὐνοῦχος
750 3446 877 3535 ἀπέδρη
893 3449 926 3526 ἐς
939 3444 1221 3530 Σάμον,έπεί-
1219 3498 1221 3511 .
