2500 3925
176 236 252 321 '278
566 246 821 307 ιιειιοοοτι

189 416 308 485 αι’πίκα
322 414 359 485 τό
369 416 514 501 τόξευμα
524 408 695 497 λαβόντες,
711 404 757 485 ὡς
768 412 900 493 ἔμαθον
910 404 947 475 τό
961 414 1119 495 βιβλίον,
1138 411 1203 489 ἔφε-

189 543 253 606 ρον
265 518 319 584 ἐπὶ
332 513 411 594 τούς
421 508 644 600 στρατηγούς·
666 513 779 593 παρῆν
790 506 827 574 δέ
838 509 894 575 καὶ
904 514 975 574 τόν
986 506 1111 575 ἄλλων
1122 514 1204 573 Παλ-

190 623 340 738 ληναίων
353 618 530 700 συμμαχίη.
550 622 637 676 τοῖσι
655 606 690 674 δέ
706 619 920 692 στρατηγοῖσι
937 607 1202 691 ἐπιλεξαμένοισι

189 746 228 785 το
216 715 376 805 βιβλίον
391 716 447 782 καί
460 716 610 799 μαθοῦσι
624 704 686 775 τὸν
706 716 815 774 αίτιον
835 712 892 792 τῆς
913 708 1109 791 προδοσίης
1126 708 1202 781 ἔδοξ’

191 841 236 901 μη
224 813 456 900 καταπλῆξαι
470 808 667 896 Τιμόξεινον
678 807 823 892 προδοσί
821 830 842 892 η
855 809 914 890 τῆς
925 810 1145 871 Σκιωναίων
1155 800 1203 867 τό

192 927 262 995 λιος
279 918 424 1035 ε’ίνεκεγ,
440 938 486 999 μη
473 903 734 997 νομιζοίατο
705 930 789 973 ειναι
800 912 987 973 Σκιωναῖοι
1002 900 1095 1023 ἐς
1055 930 1126 970 τον
1140 928 1203 988 μει

192 1021 321 1083 έπειτεν
335 1013 461 1100 χρόνον
475 1011 540 1077 αίεὶ
555 1003 726 1091 προδόται.
745 1000 857 1089 Ὁμεν
873 998 915 1087 δή
931 1001 1082 1093 τοιούτω
1100 1000 1202 1089 τράπε

127 1132 176 1187 129
194 1114 347 1191 ἐπάιστος
367 1109 537 1198 ἐγεγόνεε,
565 1104 738 1193 Ἀρταβάζ
726 1129 752 1168 ω
711 1102 813 1183 ζδὲ
840 1096 953 1183 ἐπειδή
972 1101 1202 1183 πολιορκέονι

193 1210 394 1300 ἐγεγόνεσαν
409 1224 498 1296 τρεῖς
511 1214 629 1293 μῆνες,
645 1200 811 1291 γίνεται”
789 1224 939 1287 αμπωτις
957 1206 1015 1284 τῆς
1032 1201 1203 1285 θαλάσσης

194 1310 320 1397 μεγάλη
340 1310 396 1376 καὶ
413 1308 539 1429 χρόνον
553 1306 607 1371 ἐπὶ
620 1301 756 1370 πολλόν.
786 1298 915 1376 ίδόντες
936 1299 973 1365 δὲ
988 1304 1025 1366 οί
1040 1299 1202 1387 βάρβαροι

193 1410 332 1494 τέναγος
340 1431 528 1495 γινομενον
537 1401 706 1489 παρήισαν
717 1396 797 1479 ἐς
762 1426 824 1486 την
831 1398 1071 1485 Παλληυην
1047 1427 1096 1479 ως
1111 1398 1190 1468 δὲ
1160 1427 1203 1476 τις

194 1507 256 1575 δύο
273 1506 335 1592 μὲν
348 1512 467 1593 μοίρας
481 1501 798 1622 διοδοιπορήκεσαν,
814 1503 863 1567 έτι
875 1498 912 1565 δὲ
922 1513 1011 1584 τρεῖς
1023 1496 1201 1569 ὑπόλοιποι

190 1596 295 1690 ήσαν,
318 1602 377 1683 τάς
401 1603 599 1681 διελθόντας
618 1608 703 1689 χρῆν
725 1606 790 1669 έσω
812 1598 897 1669 εἶναι
918 1605 955 1668 ἐν
975 1630 1015 1691 τη
1000 1604 1202 1691 Παλλήνη.

192 1706 320 1792 ἐπῆλθε
332 1706 499 1791 πλημυρὶς
511 1710 569 1790 τῆς
578 1699 753 1787 θαλάσσης
766 1700 905 1787 μεγάλη,
921 1698 983 1785 ὅση
998 1698 1145 1789 οὐδαμά
1157 1729 1200 1768 κο.

194 1800 239 1881 ὡς
254 1808 288 1871 oc
301 1801 471 1890 έπιχόριοι
485 1805 638 1888 λέγουσι,
654 1797 814 1877 πολλάκις
830 1801 1005 1885 γενομένη.
1039 1805 1076 1867 οἱ
1089 1801 1159 1886 μὲν
1173 1800 1200 1881 δή

193 1907 283 1971 νέειν
297 1900 410 1972 αὐτῶν
421 1901 484 1972 οὐκ
497 1901 711 1989 ἐπιστάμενοι
722 1904 970 1988 διεφθείροντο,
987 1897 1073 1981 τούς
1085 1904 1128 1971 δὲ
1141 1905 1201 1970 ε’πι-

194 2007 377 2091 σταμένους
395 2009 612 2091 Ποτιδαιῆται
635 2001 882 2082 ἐπιπλώσαντες
904 2007 1053 2071 πλοίοισι
1075 1999 1200 2070 άπάλε-

194 2126 266 2171 σαν.
290 2113 399 2172 αίτιον
409 2108 446 2173 δὲ
456 2110 591 2192 λέγουσι
602 2108 819 2192 Ποτιδαιῆται
832 2110 890 2191 τῆς
900 2131 935 2172 τε
946 2107 1064 2192 ῥηχίης
1079 2109 1142 2175 καὶ
1156 2113 1200 2192 τῆ
1194 2133 1202 2149 ·

193 2207 399 2291 πλημυρίδος
413 2206 468 2272 καὶ
478 2231 539 2273 του
525 2211 720 2328 Περσιηοῦ
735 2206 863 2282 πάθεος
874 2205 1035 2291 γενέσθαι
1048 2205 1178 2290 τάδε,
1161 2233 1200 2273 οιι

193 2305 574 2386 τοῦΠοσειδέωνοςές
538 2333 600 2376 τον
612 2304 699 2395 νηόν
712 2310 766 2375 καὶ
778 2332 814 2373 το
803 2303 955 2393 άγαλμα
968 2332 1005 2372 το
994 2302 1055 2373 ἐν
1067 2315 1118 2399 τῷ
1126 2333 1200 2393 προ-

192 2401 311 2474 αστείω
321 2397 545 2528 ἠσέβησαν
501 2432 595 2475 ουτοι
607 2405 906 2492 τῶυΠερσέων,”
870 2427 966 2492 οιπερ
986 2403 1043 2472 καὶ
1056 2369 1195 2491 6⁶66&-

193 2526 301 2594 ρησαν
316 2503 382 2574 ὑπὸ
404 2512 462 2593 τῆς
480 2506 664 2593 θαλάσσης.
698 2515 806 2574 αίτιου
821 2505 857 2573 δέ
873 2511 971 2572 τοῦτο
992 2499 1201 2590 λέγοντες
1170 2533 1199 2574 ει

193 2610 303 2692 λέγειν
317 2612 431 2692 ἔμοιγε
445 2609 609 2675 δοκέουσι.
639 2603 718 2684 τούς
733 2608 770 2672 δὲ
790 2607 1076 2693 περιγενομένους
1098 2604 1201 2694 άπῆγε

188 2700 384 2791 Ἀρτάβαζος
400 2707 433 2783 ἐς
451 2713 638 2789 Θεσσαλίην
652 2701 743 2788 παρά
760 2704 970 2791 Μαρδόνιον.

127 2817 177 2872 130
279 2795 384 2870 Οὗτοι
397 2803 460 2889 μέυ
476 2807 510 2870 οί
522 2806 777 2889 προπέμψαντες
788 2805 927 2891 βασιλέα
941 2799 1029 2871 οὕτω
1042 2807 1198 2890 ἔπρηξαν,

193 2898 211 2969 6
230 2902 267 2969 δέ
280 2896 439 2979 ναυτικὸς
453 2897 471 2967 6
483 2904 611 2988 Ξέρξεω
625 2900 901 2989 περιγενόμενος,
918 2898 962 2980 ὡς
973 2907 1157 2989 προσέμιξε
1167 2912 1198 2991 τῆ

188 2998 279 3089 Ἀσίη
291 2999 430 3088 φεύγων
440 3001 476 3068 ἐκ
488 3011 678 3088 Σαλαμῖνος
693 3005 748 3071 καί
759 3005 897 3090 βασιλέα
907 3029 942 3070 τε
957 3005 1012 3072 καὶ
1023 2999 1087 3090 τῆν
1102 3025 1183 3090 στρα

192 3098 267 3187 τιῆν
289 3103 325 3165 ἐκ
339 3100 556 3188 Χερσονήσου
574 3096 821 3187 διεπόρθμευσε
836 3103 869 3180 ἐς
885 3099 1048 3221 Ἄβυδον,
1076 3102 1191 3189 ἐχειμέ-

192 3217 266 3284 ρισε
276 3200 313 3266 ἐν
324 3198 433 3288 Κύμη.
451 3205 548 3287 ἔαρος
560 3199 596 3266 δέ
607 3195 855 3286 ἐπιλάμψαντος
866 3199 991 3287 πράῖος
1003 3204 1194 3287 συνελέγετο

192 3300 225 3375 ἐς
239 3295 376 3383 Σάμον·
398 3301 435 3365 αί
449 3298 486 3365 δὲ
496 3304 565 3364 τῶν
579 3305 667 3366 νεῶν
678 3300 733 3365 παὶ
744 3301 950 3384 ἐχειμέρισαν
966 3295 1089 3366 αὐτοῦ·
1111 3307 1194 3382 Περ-

192 3395 279 3460 σέων
294 3391 331 3460 δέ
351 3395 406 3460 καί
420 3393 554 3480 Μήδων
569 3398 603 3462 oc
618 3399 760 3472 πλεῦνες
777 3394 998 3482 ἐπεβάτευον,
1022 3397 1194 3481 στρατηγοὶ

191 3490 232 3556 δέ
242 3509 302 3573 σφι
323 3493 474 3575 ἐπῆλθον
491 3488 695 3578 Μαρδόντης
711 3517 745 3558 τε
762 3489 780 3559 ὁ
799 3498 950 3576 Βαγαίου
966 3493 1020 3560 καὶ
1036 3489 1195 3580 Ἀρταΰν-
