2500 3925
140 300 162 364 4
516 293 773 354 HERODOTI

140 460 189 533 ἐπ’
200 454 319 549 έμεῦ
296 488 342 551 ην
357 459 504 548 μεγάλα,
522 454 690 544 πρότερον
706 444 751 540 ήν
767 449 901 537 σμικροί.
925 410 988 537 τήν
1006 445 1144 536 ἄνθρω-

140 557 292 653 πηίην
265 590 314 633 ων
335 560 554 648 ἐπιστάμενος
576 554 795 640 εὐδαιμονίην
816 547 948 637 ούδαμὰ
971 553 1009 619 ἐν
1029 546 1145 641 τώυτῷ

140 671 310 754 μένουσαν
321 664 543 753 ἐπιμνήσομαι
555 651 781 744 ἀμφοτέρων
767 657 899 739 ομοίως.

110 784 127 839 6
224 755 484 850 ΚΡΟΙὶΟΣην
494 756 607 838 Λυδος
618 758 681 842 μὲν
691 758 896 842 γενος,παίς
907 748 959 819 δε
953 750 1145 835 Αλυαττεω,

139 866 307 987 τύραννος
318 866 355 933 δὲ
365 866 497 932 ἐθνέων
506 886 576 929 των
587 854 682 934 ἐντὸς
693 853 994 939 ’Ἀλυοςποταμοῦ,
1012 850 1049 929 δς
1060 854 1146 938 ῥέων

140 962 205 1032 ἀπὸ
224 992 264 1050 μ
253 969 431 1051 σαμβρίης
451 962 551 1046 μεταξ
551 985 574 1025 υ
534 956 726 1042 ξΣιυρίων
742 955 797 1019 καλ
813 949 1053 1037 Παφλαγόνων
1070 951 1145 1028 ἐξίει

139 1062 225 1153 πρὸς
243 1060 412 1152 βορέηυ”
390 1086 517 1148 ανεμον
531 1062 567 1143 ἐς
583 1055 645 1125 τὸν
657 1054 821 1135 Εὔξεινον
837 1053 1044 1141 καλεόμενον
1061 1052 1131 1119 πύν

140 1188 209 1251 τρυ.
233 1154 518 1247 ουτοςοΚροϊσος
528 1157 713 1247 βαρβαρων
724 1177 855 1241 πρωτος
864 1178 934 1221 των
944 1150 1039 1241 ημείς
1050 1158 1146 1237 ίδμεν

140 1238 294 1346 τοῦςμὲν
310 1260 552 1345 κατεστρέψατο
564 1254 746 1375 Ἐλλήνων
763 1254 797 1331 ἐς
818 1251 930 1340 φόρου
951 1247 1145 1339 ἀπαγωγήν,

140 1384 220 1438 τους
231 1359 268 1426 δὲ
279 1364 399 1443 φιλους
409 1355 686 1445 προσεποιησατο
710 1358 953 1439 κατεστρεψατο
964 1352 1043 1438 μὲν
1038 1351 1147 1428 Ιωυας

140 1484 176 1526 τε
186 1459 242 1526 καί
252 1462 299 1523 Ae
298 1460 393 1536 ολέας
403 1460 459 1525 καὶ
469 1461 622 1544 Δωριέας
638 1452 718 1534 τοῦς
734 1456 772 1521 ἐν
788 1459 829 1542 τῇ
843 1450 951 1543 Ἀσίη,
973 1461 1093 1539 φίλους
1110 1452 1146 1519 δὲ

139 1577 405 1645 προοεποιησατο
416 1561 711 1641 Λακεδαιμονιους
730 1576 796 1639 προ
784 1549 894 1619 δε
854 1577 912 1638 της
923 1548 1102 1640 Κροισου
1084 1574 1147 1637 αρ-

139 1664 198 1743 χῆς
214 1655 337 1736 πάντες
339 1653 498 1751 Ἕλληνες
508 1648 595 1743 ἦσαν
612 1653 797 1738 ἐλεύθεροι.
819 1649 858 1718 τδ
874 1676 940 1739 γαρ
952 1656 1146 1738 Κιμμερίων

140 1757 330 1843 στράτευμα
349 1781 387 1825 το
376 1753 504 1825 ἐπὶ
468 1782 531 1842 την
545 1751 706 1841 Ἰωνίην’
687 1752 910 1838 απικύμενον,
927 1749 1119 1840 Κροίσου’
1089 1777 1144 1819 εον

139 1854 389 1943 πρεσβύτερον,
407 1852 449 1923 06
465 1873 680 1942 καταστροφη
668 1850 821 1941 ἐγενετο
832 1879 899 1922 των
911 1860 1055 1938 πολίων,
1075 1844 1143 1919 ἀλλ

114 1956 175 2035 Ὶέξ
192 1954 411 2044 ἐπιδρομής“
394 1959 538 2046 αρπαγή.
565 1956 610 2026 Ἡ
624 1954 695 2026 δὲ
677 1964 838 2044 ηγεμουίη
861 1956 950 2026 οὕτω
971 1965 1145 2046 περιῆλθε,

141 2059 244 2124 ἐοῦσα
254 2054 516 2144 Ἡρακλειδέων,
535 2061 569 2138 ἐς
585 2055 733 2143 τὸγένος
748 2055 786 2125 τδ
799 2063 966 2144 Κροίσου,
986 2060 1146 2142 καλεομέ-

143 2179 223 2234 νους
245 2156 282 2223 δὲ
302 2157 519 2243 Μερμνάδας.
553 2150 598 2244 ἦν
618 2156 838 2242 Κανδαύλης,
860 2152 922 2223 τὸν
943 2159 978 2222 oc
989 2153 1145 2240 Ἕλληνες

142 2258 321 2339 Μυρσίλον
338 2251 580 2343 οῦνομύζουσι,
601 2256 768 2343 τύραννος
778 2258 954 2340 Σαρδίων,
976 2251 1145 2340 ἀπόγονος

141 2355 176 2421 δδ
185 2350 340 2422 Ἀλκαίου
350 2362 411 2422 τοῦ
422 2354 610 2444 Ἡρακλέος.
631 2355 765 2443 ’Ἀηρων
781 2356 843 2440 μέν
854 2351 919 2439 γὰρ
931 2349 949 2420 6
961 2359 1073 2421 Νίνου
1083 2359 1144 2419 τοῦ

85 2451 89 2460 ’
139 2452 252 2539 Βήλου
263 2458 325 2520 τοῦ
340 2449 494 2522 Ἀλκαίου
512 2453 893 2544 προῦτοςἩρακλειδέων
903 2449 1144 2540 βασιλεύςέγέ-

138 2574 213 2618 νετο
231 2555 407 2640 Σαρδίων,
425 2555 629 2641 Κανδαύλης
646 2555 683 2621 δὲ
700 2550 881 2640 ὁΜύρσου
892 2550 1040 2632 ὕστατος.
1063 2557 1097 2621 οἱ
1106 2552 1143 2619 δὲ

137 2649 305 2736 πρότερον
321 2649 494 2737 Ἄγρωνος
514 2653 775 2741 βασιλεύσαντες
802 2651 925 2740 ταύτης
952 2660 1010 2740 τῆς
1033 2651 1144 2739 χώρης

137 2743 226 2836 ἦσαν
236 2746 400 2837 ἀπόγονοι
411 2757 529 2821 Λυδοῦ
538 2759 601 2820 τοῦ
617 2751 746 2839 Ἄτυος,
763 2748 822 2818 ἀπ’
835 2749 914 2821 ὅτευ
926 2749 944 2820 6
957 2756 1059 2838 δημος
1070 2749 1143 2817 Λύ-

138 2854 209 2928 διος
226 2849 353 2937 ἐκλήθη
371 2848 389 2919 6
408 2859 473 2931 πᾶς
490 2844 605 2940 οὗτος,
617 2852 784 2939 πρότερον
795 2858 921 2938 Μηίων
931 2851 1140 2937 καλεόμενος.

137 2950 228 3037 παρὰ
245 2953 376 3018 τούτων
387 2949 599 3039 Ἡρακλεῖδαι
615 2953 878 3037 ἐπιτραφθέντες
894 2957 992 3038 ἔσχον
1008 2948 1070 3038 τήν
1080 2947 1142 3036 66-

136 3048 200 3136 χὴν
211 3052 248 3118 ἐκ
258 3060 485 3140 θεοπροπίου,
505 3055 542 3121 έκ
560 3053 683 3140 δούλης
699 3079 735 3120 τε
751 3060 809 3140 τῆς
817 3052 991 3141 Ἰαρδάνου
1001 3052 1143 3140 γεγονό-

136 3175 190 3228 τες
210 3154 266 3218 καλ
282 3149 478 3240 Ἡρακλέος,
500 3151 660 3241 ἄρξαντες
673 3156 743 3239 Ιμέν
759 3155 813 3220 ἐπὶ
830 3153 893 3220 δύο
909 3154 1018 3220 τεκαὶ
1037 3160 1142 3220 είκοσι

136 3247 255 3334 γενεὰς
265 3247 418 3337 ἀνδρῶν,
431 3257 504 3320 ἔτεα
514 3256 613 3320 πέντε
624 3278 660 3320 τε
672 3257 727 3320 καὶ
737 3250 950 3347 πεντακόσια,
962 3266 1040 3331 παῖς
1050 3247 1141 3340 παρὰ

135 3346 262 3434 πατρὸς
278 3349 496 3434 ἐκδεκόμενος
511 3350 574 3436 τήν
595 3348 719 3439 ἀρχήν,
739 3355 834 3440 μέχρι
851 3353 1060 3422 Κανδαύλεω
1080 3360 1141 3420 τοῦ

105 3457 123 3512 8
136 3447 294 3536 Μύρσου.
316 3441 424 3529 Οῦτος
439 3448 479 3537 δή
492 3443 542 3519 ὦν
553 3447 571 3520 6
584 3451 788 3539 Κανδαύλης
798 3453 934 3540 ήροίσθη
944 3461 1003 3540 τῆς
1013 3456 1141 3522 ἑωυτοῦ

136 3542 314 3630 ννναικδς,
338 3549 493 3634 ἐρασθεὶς
510 3552 547 3618 δὲ
564 3552 698 3637 ἐνόμιζέ
711 3556 748 3634 oc,
763 3550 848 3621 εἶναι
860 3568 1004 3641 γυναῖκα
1014 3552 1141 3622 πολλὸν
