2500 3925
346 255 433 313 LIB.
464 256 487 312 1.
522 255 621 314 cAP.
659 259 833 318 166-171.
1033 255 1094 326 ,8⁹

167 406 274 482 Ούτοι
295 416 358 501 μέν
373 440 440 483 νυν
450 410 574 484 Ἰαόνων
586 419 709 500 μοῦνοι
723 413 786 502 τὴν
800 416 1015 505 δουλοσύνην
1028 413 1093 487 ούκ
1111 420 1162 478 1⁶⁹

80 511 281 600 ἀνεχόμενοι
304 515 455 596 ἐξέλιπον
479 512 539 593 τὰς
558 517 738 602 πατρίδας,
760 519 795 584 οἱ
806 511 839 582 δ’
856 513 952 586 ἄλλοι
967 513 1092 602 Ἴωνες,

81 613 169 702 πλὴν
179 621 373 703 Μιλησίων,
387 612 444 684 διὰ
453 615 562 702 μάχης
572 615 635 701 μέν
647 612 809 686 ἀπίκοντο
826 614 1095 710 Ἀρτιάγφ,ιιατύ·

82 737 143 799 τερ
159 717 196 782 οί
210 713 420 800 έκλιαόντες,
434 715 491 782 καὶ
501 710 624 800 ἄνδρες
641 715 795 800 έγένοντο
811 712 936 802 ἀγαθοί
950 721 1026 804 ιτερλ
1036 723 1092 802 τῆς

82 816 211 880 ἑωυτοῦ
227 812 366 892 ἕκαστος
381 811 581 898 μαχόμενοι·
604 813 811 892 ἑσσωθέντες
828 816 865 882 δὲ
882 816 938 884 καλ
952 812 1093 892 ἁλόντες

82 922 205 999 ἔμενον
217 906 303 980 κατόι
315 910 430 1000 χύρην
446 913 579 980 ἕκαστοι
595 913 652 978 καί
665 908 707 979 τὰ
722 911 967 999 ἐπιτασσόμενα
980 915 1093 982 έτετέ-

80 1016 168 1077 λεον.
207 1008 371 1097 Μιλήσιοι
384 1009 439 1096 δέ,
456 1005 502 1088 ως
515 1011 572 1078 καλ
584 1007 754 1097 πρότερόν
767 1034 825 1094 μοι
840 1017 985 1099 είρηται,
1001 1008 1092 1102 αὐτῷ

78 1107 185 1200 Κύρῳ
207 1105 326 1196 όρκιον
346 1108 568 1196 ποιησόμενοι
589 1097 732 1196 ἡσυχίην
754 1099 849 1195 ἦγον.
879 1105 969 1184 οὕτω
991 1105 1031 1196 δη
1052 1105 1091 1176 τό

79 1206 244 1293 δεύτερον
258 1203 365 1294 Ἰωνίη
387 1205 604 1275 ἐδεδούλωτο.
639 1203 684 1286 ύς
705 1207 742 1274 δὲ
761 1203 843 1288 ,τοὺς
860 1207 897 1276 έν
910 1214 951 1297 τῇ
966 1204 1092 1298 ἡτιείρφ

71 1315 193 1386 Ἴωνας
202 1304 401 1392 έχειριόσατο
411 1302 590 1393 Ἅρπαγος,
602 1308 637 1373 οέ
645 1301 704 1383 τὰς
713 1303 838 1392 νήσους
849 1302 1093 1390 έχοντεςἸωνες

77 1401 401 1492 καταρρωδήσαντες
426 1410 532 1471 ταῦτα
554 1405 660 1489 σφέας
682 1398 807 1482 αύτούς
834 1407 956 1472 έδοσαυ
977 1401 1091 1493 Κύρμ.

79 1506 338 1591 Κεκακωμένων
348 1507 386 1572 δέ
401 1499 525 1572 Ἰαόνων
536 1506 592 1570 καλ
606 1504 862 1590 συλλεγομένων
876 1499 977 1572 οὐδὲν
991 1505 1092 1592 ἕσσρν
1110 1517 1161 1574 lvo

78 1608 110 1686 ές
127 1602 167 1674 τό
190 1603 407 1690 Πανιώνιον,
434 1604 656 1689 πυνθάνομαι
676 1603 816 1691 γνύμην
836 1609 961 1672 Βίαντα
984 1599 1093 1688 ἄνδρα

81 1708 233 1795 Πριηνέα
252 1702 481 1787 ἀποδέξασθαι
493 1705 587 1775 ’Ἰωσι
604 1705 875 1794 χρησιμωτάτην,
899 1711 939 1792 τῇ
960 1709 990 1772 εί
1002 1707 1093 1772 ἐνεοί,

80 1817 203 1892 θοντο,
221 1818 358 1891 παρεῖχε
372 1802 416 1873 ἄν
429 1825 492 1891 σφι
507 1803 738 1892 εὐδαιμονέειν
749 1800 918 1890 Ἑλλήνων
932 1802 1091 1887 μα’λιστα·

81 1899 115 1983 ὃς
138 1905 276 1973 ἐκέλευε
302 1909 406 1997 κοινῷ
433 1902 541 1995 στόλςο
555 1900 677 1983 Ἰωνας
701 1899 885 1990 ἀερθέντας
909 1899 1035 1971 ιτλοόειν
1059 1900 1093 1979 ές

81 1998 225 2091 Σαρδύ,
249 2006 305 2071 καὶ
320 2008 449 2073 ἔπειτεν
461 2004 563 2072 πόλιν
577 2010 659 2091 μίαν
673 2008 795 2085 κτίζειν
808 2000 947 2071 πάντων
958 1999 1092 2087 Ἰόνων,

81 2104 133 2171 καὶ
149 2098 246 2170 οὕτω
258 2099 535 2191 ἀπαλλαχθέντας
546 2104 650 2188 σφέας
665 2100 874 2189 δουλοσύνης
889 2096 1092 2189 εὐδαιμονή-

82 2221 151 2269 σειν
161 2200 283 2290 νήσων
296 2227 332 2269 τε
346 2199 504 2271 ἁπασέων
515 2207 675 2289 μεγίστην
685 2203 892 2288 νεμομένους
903 2203 958 2270 καὶ
968 2199 1092 2287 ἄρχον-

83 2329 138 2383 τας
152 2301 287 2371 ἄλλων·
308 2305 449 2389 μένουσι
462 2304 504 2372 δέ
514 2321 576 2389 σφι
589 2304 628 2371 έν
640 2308 681 2391 τῇ
692 2300 799 2389 Ἰωνίη
813 2297 877 2370 ούκ
891 2306 955 2389 έφη
970 2303 1093 2387 ένορᾶυ

83 2404 283 2488 ἐλευθερίην
305 2406 354 2470 ἔτι
375 2404 548 2488 ἐσομένην,
576 2400 661 2489 αὕτη
676 2406 738 2489 μέν
754 2407 895 2481 Βίαντος
911 2406 972 2471 τοῦ
983 2407 1093 2485 Πριη-

82 2506 156 2581 νέος
171 2500 293 2590 γνσόμη
308 2503 362 2571 έτὶ
376 2500 756 2590 διεφθαρμένοισιἸωσι
771 2502 953 2588 γενομένη,
968 2496 1092 2589 χρηστὴ

83 2602 119 2667 δέ
132 2603 189 2669 καί
202 2601 285 2686 πρὶν
298 2594 321 2687 ἢ
333 2604 565 2687 διαφθαρῆναι
575 2598 704 2687 Ἰωνίην
716 2600 832 2669 Θάλεω
842 2596 967 2688 ἀνδρὸς
977 2606 1092 2686 Μιλη-

85 2709 158 2771 σίου
169 2703 302 2789 έγένετο
313 2698 350 2769 τό
364 2699 533 2771 ἀνέκαθεν
545 2705 644 2789 γένος
655 2702 768 2781 έόντος
780 2708 954 2790 Φοίνικος,
970 2700 1007 2783 ὃς
1020 2704 1092 2770 έκέ-

85 2809 160 2869 λενε
180 2803 219 2868 ἓν
232 2800 478 2889 βουλευτήριον
489 2800 610 2881 Ἴωνας
627 2805 820 2887 κεκτήσθω,
837 2796 874 2867 τό
893 2798 930 2868 δέ
951 2798 1035 2868 εἶναι
1056 2802 1093 2869 έν

89 2900 145 2989 Τί,
178 2901 292 2988 (Τέων
312 2894 378 2987 γὰρ
395 2902 500 2985 μέσον
516 2897 602 2968 εἶναι
617 2897 770 2985 Ἰωνίης),
785 2895 844 2977 τὰς
858 2899 895 2967 δέ
910 2894 1012 2977 ἄλλας
1028 2895 1093 2965 τιό·

85 3004 138 3076 λις
174 2998 351 3087 οίκημίνας
394 2998 500 3083 μηδὲν
523 3000 624 3067 ἕσσον
649 3002 861 3083 νομίζεσθαι,
884 2996 1047 3083 κατάπερ
1064 3001 1093 3063 εί

87 3098 184 3180 δῆμοι
199 3093 275 3163 εἷεν.

172 3186 274 3263 Οὗτοι
288 3196 351 3281 μὲν
367 3196 409 3284 δή
420 3215 481 3285 σφι
494 3198 631 3284 γνόμας
641 3198 776 3267 τοιόσδε
786 3194 998 3283 ἀπεδέξαντο,
1013 3195 1093 3285 ’Ἆρ-
1111 3216 1158 3274 m

88 3317 192 3378 ταγος
212 3294 250 3361 δέ
269 3296 583 3383 καταστρεψόμενος
604 3293 734 3383 Ἰωνίην
753 3297 898 3365 ἐποιέετο
914 3300 1093 3383 στρατηίην

88 3391 145 3458 ἐστὶ
162 3396 273 3478 Κόρας
294 3393 352 3459 καλ
372 3398 545 3473 Καυνίους
564 3395 620 3463 καὶ
641 3400 806 3479 Λυκίους,
832 3390 903 3478 ἅμα
930 3391 1093 3479 ἀγόμενος

89 3492 148 3557 ιιαὶ
159 3488 274 3569 Ἴωνας
289 3492 346 3559 καλ
362 3497 513 3571 Λίολέας.
542 3495 605 3562 εἰσὶ
620 3495 657 3560 δὲ
672 3492 801 3559 τούτων
819 3497 926 3568 Κᾶρες
939 3493 1001 3575 μὲν
1014 3486 1093 3556 ἀττι-
