2500 3925
229 217 292 282 ³16
607 210 861 272 HERODOTI

228 384 366 468 ριεέχετο
381 372 487 444 αὐτοῦ
504 375 668 460 μένοντας
679 397 726 459 μῃ
714 364 944 440 Ηέκλιπελν
907 394 969 455 την
982 367 1092 449 τάξιν.
1119 390 1199 453 τροιε

228 475 377 564 ρεόντων
392 473 428 542 δέ
441 477 511 541 τιὸν
525 467 592 539 σύν
608 475 807 557 Παυσανίῃ,
823 467 1006 547 καταδόξας
1021 462 1143 544 αύτούς
1150 469 1199 584 βὲη

227 580 324 666 τέχνῃ
338 571 516 642 ἀπολιπεῖν
531 565 654 657 αύτόν,
677 565 890 656 ἀναλαβόντα
904 562 964 633 τάν
978 563 1086 651 λόχον
1098 591 1135 630 τα
1124 559 1199 629 όνλι

226 702 288 763 ημε
302 675 412 763 βάδην
427 669 517 793 πρός
525 667 563 738 τὸ
580 667 663 739 ἀλλο
680 681 806 755 στῖφος
832 691 872 732 το
860 662 923 732 δὲ
937 659 1128 732 ἀπελθόν”
1109 681 1200 729 οσονιι

227 777 307 842 δέκα
320 765 473 840 στάδια’
453 768 595 856 ανέμενε
610 763 672 832 τόν
682 762 935 888 Ἀμομφαρέτου
951 761 1076 850 λόχον,
1092 762 1158 847 περὶ
1166 785 1200 826 ιο

225 868 333 960 ταμδν
346 868 527 939 Μολόεντα
541 861 747 954 ίδρυμένον’
740 862 931 953 Λρμιόπιόν
945 889 982 931 τε
994 869 1112 950 χῶρον
1122 858 1200 929 καλό

225 999 341 1061 μενον,
353 997 393 1062 τη
378 973 460 1040 καὶ
469 967 652 1056 Δημητρος
665 963 869 1052 Ελευσινιης
878 955 988 1054 έρον
964 983 1086 1053 ησται
1101 959 1199 1046 ἀνέμενε

226 1073 261 1144 δέ
283 1072 431 1142 tovos*
400 1094 545 1152 εινεκεν,
566 1071 623 1135 ἵνα
640 1061 685 1154 ἢν
698 1063 744 1154 μή
765 1062 913 1154 ἀπολίπῃ
929 1061 990 1132 τόν
1005 1071 1122 1152 χῶρον
1141 1065 1199 1147 ἕνη·

226 1167 433 1258 ἐτετάχατο
419 1197 436 1238 ο
457 1166 729 1291 Ἀμομφάρετός
730 1193 766 1235 τε
785 1163 877 1236 nal
861 1193 880 1234 ο
901 1165 1017 1253 λόχος,
1043 1161 1120 1233 ἀλλ’
1135 1160 1199 1230 αύεύ

225 1275 361 1362 μένωσι,
384 1267 509 1352 βωθέοι
530 1264 638 1335 ὀπίσω
648 1289 716 1386 παρ
720 1261 902 1344 ’.ἐκείνους
922 1265 1029 1332 καὶ
989 1290 1024 1332 οι
1037 1290 1076 1333 τε
1087 1260 1199 1350 αμφὶιοι

221 1367 475 1459 Ἀμομφάρετον
490 1361 716 1454 παρεγίνοντό
727 1384 800 1452 σφι,
818 1360 935 1432 καέ’”
886 1390 907 1450 η
919 1387 1021 1443 ιππος
1035 1361 1058 1451 ἡ
1074 1369 1140 1430 τῶν
1150 1368 1199 1450 βαρ

224 1470 342 1558 βάρων
363 1467 561 1555 προσεκέετο
582 1471 683 1533 πᾶσα.
716 1467 751 1532 ol
768 1460 834 1551 γάρ
851 1461 987 1531 ἱππόται
1010 1452 1181 1530 ἐποίευν
1160 1483 1199 1524 οιν

225 1573 280 1640 καὶ
298 1569 451 1639 ἐύδεσαν
463 1570 590 1636 ποιέειν
608 1565 690 1652 αἰεί,
711 1564 840 1643 ἰδόντες
859 1567 896 1633 δὲ
916 1561 977 1632 τὸν
992 1570 1112 1652 χῶρον
1124 1558 1199 1631 κεινόι

224 1671 262 1738 ἐν
279 1673 326 1758 τῷ
347 1664 518 1752 ἐτετάχατο
540 1667 575 1734 oc
589 1660 747 1750 Ἕλληνες
766 1669 842 1753 τῇσι
858 1664 1062 1752 προτέρῃσι,
1088 1659 1199 1750 ἤλαυνον

224 1761 303 1844 τούς
316 1765 441 1843 ἵππους
455 1765 518 1832 αἰεὶ
533 1759 570 1830 τδ
585 1762 702 1848 πρόσω
715 1763 771 1830 καὶ
784 1759 854 1849 ἅμα
867 1762 1119 1850 καταλαβόντες
1130 1779 1194 1848 προσ

225 1862 340 1932 εκέατό
355 1883 426 1948 σφι.

177 1980 228 2035 58,
310 1957 507 2047 Μαρδόνιος
521 1957 558 2028 δέ
570 1955 614 2037 ἀς
625 1960 771 2029 ἐπύθετο
788 1957 867 2040 τούς
874 1955 1039 2046 Ἕλληνας
1057 1954 1198 2046 ἀποιχομέ

225 2086 307 2139 νους
324 2056 389 2126 ύπό
407 2059 514 2127 νύκτα
532 2056 601 2125 εἶδέ
610 2084 646 2125 τε
662 2055 723 2126 τόν
735 2064 848 2147 χῶρον
862 2060 1005 2147 ἐρῆμον,
1021 2064 1158 2137 καλέσας
1167 2053 1199 2123 τόν

225 2168 409 2244 Ληρισαῖον
423 2154 568 2244 Θώρηκα
582 2158 639 2225 καὶ
653 2153 732 2234 τούς
746 2151 932 2243 ἀδελφεούς
946 2151 1059 2225 αύτοῦ
1072 2152 1199 2243 Εύρύιιν

225 2264 287 2325 λον
301 2256 356 2321 καὶ
372 2254 586 2340 Θρασυδήιον
602 2258 710 2341 ἐλεμε·
728 2248 767 2322 Ὦ
782 2257 897 2332 παῖδες
907 2250 1065 2342 Ἀλεύεω,
1083 2260 1129 2323 ἐτι
1139 2258 1166 2320 τί
1170 2250 1199 2317 λέ

226 2357 295 2435 ξετε
306 2350 385 2419 τάδε
400 2348 551 2438 ὁρέοντες
563 2353 685 2440 ἐρῆμας
701 2350 796 2440 ὑμεῖς
805 2348 870 2438 μάρ
883 2356 917 2421 ολ
924 2352 1149 2440 πλησιόχωροι
1158 2349 1199 2417 ἑλέ

225 2479 299 2543 μετε
308 2456 595 2541 Λακεδαιμονίους
610 2449 652 2523 ού
667 2453 807 2540 φεύγειν
819 2454 856 2520 ἐιι
869 2451 991 2539 μάχης,
1010 2448 1101 2521 ἀλλά
1112 2450 1199 2533 ἀνδρες

223 2552 309 2623 εἶναι
322 2547 362 2619 τά
376 2552 518 2637 πολέμια
530 2550 704 2639 πρότονς,
720 2548 799 2630 τούς
810 2550 976 2638 πρότερόν
988 2577 1024 2618 τε
1035 2547 1199 2637 μετισταμέ

223 2678 304 2731 νους
319 2650 356 2720 ἐκ
370 2658 427 2739 τῆς
437 2652 548 2735 τάξιος
560 2656 681 2738 εἴδετε,
698 2657 765 2719 νῦν
775 2676 812 2717 τε
826 2646 894 2718 ύπδ
906 2647 969 2736 την
982 2649 1198 2735 παροιχομένην

91 2820 93 2827 ,
222 2751 329 2818 νύκτα
344 2752 399 2817 καὶ
420 2754 455 2817 os
473 2750 596 2831 πάντες
611 2747 754 2838 ὁρέομεν
770 2749 987 2835 διαδράντας·
1016 2745 1163 2829 διέδεξάν
1172 2767 1197 2821 τι,

223 2851 297 2917 ἐπεί
314 2866 419 2932 σφεας
436 2852 507 2915 ἔδεε
527 2847 611 2933 πρὸς
627 2848 707 2931 τούς
726 2847 897 2931 ἀψευδέως
916 2846 1078 2930 ἀρίστους
1095 2842 1197 2931 ἀνδρύ

222 2971 296 3013 πων
311 2945 399 3033 μάχῃ
414 2949 647 3035 διακριθῆναι,
664 2946 715 3016 ὅτι
727 2946 863 3027 ούδένες
873 2944 938 3034 ἀρα
952 2945 1067 3025 ἐόντες
1081 2949 1118 3015 ἐν
1128 2941 1196 3013 ούδι·

221 3055 312 3130 μοδσι
326 3044 420 3111 ἐοῦσι
428 3040 563 3130 Ἕλλησι
579 3046 870 3115 ἐναπεδεικνύατο.
893 3047 948 3113 καὶ
962 3043 1044 3131 ὑμῖν
1061 3045 1124 3132 μὲν
1136 3044 1196 3111 ἐοῦσι

220 3142 380 3227 Περσέων
395 3138 561 3231 ἀπείροισι
576 3142 682 3230 πολλὴ
700 3150 737 3211 ἐκ
751 3170 790 3231 με
802 3146 882 3232 ἐμεῦ
893 3145 1019 3229 ἐγένετο
1033 3138 1194 3230 συμχνόέλ

221 3243 447 3313 ἐπαινεόντων
460 3246 620 3331 τούτους,
635 3254 724 3315 τοῖσί
734 3273 765 3314 τι
779 3248 834 3315 καὶ
848 3245 1049 3329 συνῃδέατε·
1069 3235 1195 3331 Ἀρταβά-

221 3350 279 3424 ζου
294 3342 331 3412 δέ
359 3349 462 3430 θύμα
484 3346 539 3413 καὶ
553 3352 685 3432 μᾶλλον
698 3348 881 3435 ἐποιεύμην
892 3345 930 3414 τὸ
945 3358 999 3415 καὶ
1011 3342 1193 3429 καταρροδη

220 3458 278 3507 σαι
292 3446 597 3529 Λακεδαιμονίους,
621 3443 926 3532 καταρρωδήσαντά
947 3467 981 3511 τε
1001 3439 1194 3523 ἀποδέξασθαι
