2500 3925
381 187 466 242 LIB.
500 185 534 240 V.
569 184 669 242 cm.
704 191 771 246 9-
788 196 829 246 H
1084 185 1106 248 5

94 345 301 414 κλώθουσαν
319 350 425 414 λίνον,
450 341 546 422 ὡςόέ
560 341 749 430 παρεξήιε’
730 371 752 431 η
767 344 885 466 γυνη,
896 346 1091 438 ἐπιμελες
1059 355 1105 415 τώ

93 450 231 536 Δαρείῳ
251 445 397 530 ἐγίνετο·
431 442 509 512 οὔτε
529 439 594 529 γὰρ
609 436 800 530 Περσικὰ
776 471 821 531 ην
842 443 920 513 οὔτε
934 446 1100 514 Λύδια
1064 475 1104 514 τα

93 543 281 630 ποιεόμενα
296 545 387 612 ἐπ’
348 568 405 630 της
420 538 597 629 γυναικός,
614 538 692 617 οὔτε
705 539 790 629 πρὸς
801 549 869 610 τοῖν
880 546 968 612 ἐκ
928 571 986 630 της
996 542 1106 631 Ἀσίης

95 641 264 729 οὐδαμῶν.
299 633 448 728 ἐπιμελὲς
467 637 552 708 δὲ
525 665 569 718 ως
586 643 620 708 οί
639 640 787 724 ἐγίνετο,
816 645 884 708 τόν
901 641 1105 729 δορυφόρων

94 740 190 822 τινός
205 743 326 828 πέμπει
338 738 491 808 ’κελεύων
512 737 674 824 φυλάξαι,
697 734 718 804 ό
739 763 770 804 τι
784 736 940 825 χρήσεται
955 747 1000 830 τῷ
1014 743 1105 831 ἵππῳ

94 837 116 922 ἡ
136 839 231 925 γυνή.
255 843 289 906 οί
303 841 365 924 μὲν
383 834 423 924 δὴ
440 833 561 904 ὄπισθε
577 833 764 922 εἱ’ποντο,ἡ
783 838 819 904 δέ
843 840 950 907 ἐπείτε
970 836 1105 908 ἀπίκετο

97 940 151 1006 ἐπὶ
170 933 232 1006 τόν
254 933 421 1022 ποταμὸν,
442 927 525 1023 ἦρσε
546 930 608 1002 τόν
628 936 749 1020 ἵππον,
777 932 908 1021 ἄρσασα
931 940 968 1007 δὲ
990 941 1045 1006 καί
1067 935 1104 1005 τό

97 1035 201 1122 όίγγος
212 1041 273 1102 τοῦ
283 1031 404 1114 ὕδατος
412 1032 645 1120 ἐμπλησαμένη
658 1029 720 1118 την
731 1029 928 1120 αὐτηνὸδόν
938 1035 1106 1123 παρεξήιε,

99 1137 250 1222 φέρουσα
264 1131 301 1200 τὸ
320 1131 412 1218 ὕδωρ
428 1134 481 1202 ἐπὶ
496 1139 553 1218 τῆς
568 1138 716 1217 κεφαλῆς
727 1133 782 1199 καλ
793 1133 978 1203 ἐπέλκουσα
992 1136 1029 1202 ἐκ
1044 1140 1106 1204 τοῦ

101 1241 120 1325 β
122 1239 274 1320 γίονος
284 1230 344 1302 τόν
354 1235 459 1301 ἵππον
469 1233 524 1300 καί
535 1233 727 1318 στρέφουσα
738 1227 798 1298 τόν
810 1229 983 1317 ἄτρακτον
1029 1243 1107 1303 Θω·
1123 1249 1155 1304 1³

99 1331 214 1418 μαζων
230 1328 300 1400 θ
286 1357 303 1399 ο
320 1342 464 1420 Δαρεῖος
480 1329 521 1398 τό
536 1355 572 1396 τε
591 1326 717 1414 ἤκουσε
739 1331 775 1396 ἐκ
796 1337 863 1398 τῶν
885 1331 1107 1400 κατασκόπων

99 1427 212 1522 nal*
175 1457 215 1498 τα
230 1427 330 1510 αὐτὸς
352 1429 422 1519 τόρα
436 1456 532 1516 αγειν
553 1425 661 1514 αὐτὴν
678 1429 848 1496 ἐκέλευε
831 1438 943 1521 εωυτῷ
966 1430 1035 1510 ἐς”
1016 1446 1105 1513 οψιν.

74 1615 81 1626 N
102 1528 146 1610 ὡς
158 1528 227 1598 όέ”
205 1535 471 1653 ηχθη,παρῆσαυ
481 1554 536 1595 και
525 1530 580 1596 οί
591 1524 806 1613 ἅθελφεοί’
764 1535 865 1614 αυτης
881 1526 923 1595 οὕ
935 1556 978 1618 κη
990 1530 1107 1617 πρόσω

102 1628 244 1715 σκοπιὴν
262 1634 391 1715 ἔχοντες
410 1628 549 1697 τούτων.
584 1653 599 1694 ε
601 1626 796 1712 ρωτέοντος
817 1626 854 1694 δέ
870 1652 930 1694 του
917 1633 1106 1750 Δαρείου,

100 1725 254 1815 ὁποδαπὴ
280 1737 348 1814 είη,
374 1734 504 1814 ἔφασαν
528 1729 562 1794 οί
583 1730 755 1811 νεηνίσκοι
780 1722 865 1792 εἶναι
884 1733 1029 1806 Παίονες
1052 1729 1107 1795 καὶ

102 1833 231 1917 ἐκείνην
244 1827 328 1897 είναι
344 1829 457 1914 σφ’ἐων
479 1824 657 1912 ἀδελφεήν.
686 1821 753 1891 ὁδ’
771 1821 941 1912 ἀμείβετο,
964 1836 1053 1907 τίνες
1068 1826 1110 1913 δὴ

101 1933 135 1998 οί
146 1935 289 2007 Παίονες
304 1923 486 2017 όνθροεποί
498 1929 560 1994 είσι
575 1925 631 1993 καί
646 1927 709 1990 κοῦ
724 1927 785 2009 γῆς
800 1925 985 2011 οἰκημένοι,
1008 1927 1062 1993 καὶ
1077 1931 1109 1993 τί

103 2032 222 2099 ἐκείνοι
237 2030 410 2107 ἐθέλοντες
426 2033 561 2097 ἔλθοιεν
582 2026 615 2103 ἐς
632 2021 769 2108 Σάρδις.
805 2026 839 2090 οί
852 2023 890 2090 δέ
902 2027 936 2091 οί
951 2030 1107 2112 ἔφραζον,

104 2124 146 2205 ὦς
163 2132 297 2195 ἔλθοιεν
311 2126 373 2213 μὲν
384 2128 500 2216 ἐκείνῳ
515 2122 680 2199 δώσοντες
695 2124 799 2206 σφέας
813 2118 953 2207 αὐτοὺς,
973 2134 1022 2209 είη
1039 2120 1105 2210 ὃέἡ

105 2233 244 2311 Παιονίη
266 2227 318 2295 ἐπὶ
339 2232 384 2315 τῷ
404 2223 578 2311 Στρυμόνι
598 2227 735 2311 ποταμῷ
759 2224 1001 2308 πεπολισμένη,
1030 2220 1048 2289 ὁ
1071 2224 1107 2290 θέ

103 2322 270 2413 Στρυμών
284 2322 326 2393 οὐ
340 2321 455 2409 πρόσω
470 2329 530 2389 τοῦ
545 2316 809 2407 Ἑλλησπόντου,
837 2329 953 2406 είησαν
967 2320 1003 2389 δὲ
1021 2328 1108 2388 Τευ-

102 2432 193 2511 κριόν
216 2431 283 2491 τεόν
306 2426 342 2492 ἐκ
362 2430 445 2510 Τροί
444 2449 481 2509 ης
430 2418 647 2491 ί.όι’ποικοι
678 2423 712 2486 οί
732 2419 795 2505 μὲν
815 2416 856 2505 δὴ
879 2416 964 2488 αὐτοὶ
986 2425 1107 2489 ἕκαστα

104 2530 235 2610 ἔλεγον,
251 2519 321 2591 ὁόέ
337 2522 473 2608 είροίτα,
495 2526 526 2591 εί
538 2522 594 2588 καὶ
608 2524 712 2586 πᾶσαι
728 2527 845 2635 εἴησαν
859 2514 981 2587 αυτόθι
996 2523 1032 2587 αι
1043 2547 1108 2606 γυ·

102 2636 213 2700 ναῖκες
228 2647 318 2689 ουτω
334 2620 510 2708 ἐργάτιδες
542 2645 572 2686 οι
565 2621 628 2685 δὲ
644 2618 811 2684 καὶτοῦτο
827 2621 957 2701 ἐφασαυ
972 2619 1108 2705 προθύ·

103 2744 170 2805 πως
195 2716 284 2785 οὕτω
312 2723 414 2803 ἐχειν·
453 2714 558 2784 αὐτοῦ
584 2713 650 2801 γὰρ
677 2741 726 2781 ων
750 2713 873 2783 τούτου
902 2717 1029 2783 εἵνεκεν
1054 2720 1109 2786 καὶ

103 2815 255 2889 ἐποιέετο.
308 2812 474 2885 Ἐνθαῦτα
494 2824 639 2901 Δαρεῖος
667 2812 791 2898 γράφει
823 2811 1000 2901 γράμματα
1025 2815 1108 2902 πρὸς
1126 2825 1156 2880 [λ

107 2915 320 3003 Μεγάβαζον,
342 2912 404 2983 τὸν
418 2916 541 2984 ἐλιπε’
524 2940 561 2981 εν
578 2940 617 3001 τη
603 2917 761 3001 ’Θρηίκη
777 2908 981 3000 στρατηγία,
996 2915 1109 3000 ἐντελ-

104 3014 242 3100 λόμενος
263 3015 480 3103 ἐξαναστῆσαι
500 3016 533 3093 ἐξ
551 3010 665 3099 ἠθέων
681 3017 831 3091 Παίονας
851 3013 906 3081 καλ
924 3008 1005 3098 παρ’
1024 3015 1109 3079 εὀιυ-

105 3108 162 3178 τὸν
176 3107 314 3198 ἀγαγεῖν
327 3112 383 3179 καί
403 3107 526 3189 αὐτούς
542 3110 597 3177 καὶ
617 3109 716 3176 τέκνα
737 3134 772 3175 τε
791 3110 847 3177 καί
869 3122 1032 3194 γυναῖκας
1046 3107 1109 3175 αό-

105 3217 177 3280 τεόν.
201 3210 319 3281 αὐτίκα
331 3213 367 3281 σε
380 3209 501 3291 ίππεύς
513 3218 589 3281 ἔθεε
606 3214 721 3298 φέρων
737 3207 797 3297 τὴν
813 3206 972 3297 ἀγγελίην
985 3212 1038 3277 ἐπὶ
1049 3208 1110 3277 τόν

99 3306 358 3398 Ἑλλήσποντον,
374 3310 620 3398 περαιωθεὶςδέ
632 3314 722 3378 διδοῖ
734 3306 770 3377 τό
785 3314 919 3397 βιβλίον
932 3316 978 3399 τῷ
990 3315 1110 3394 Μεγα-

102 3406 198 3499 βάζῳ.
233 3405 309 3477 ὁόέ
334 3408 568 3494 ἐπιλεξάμενος
589 3410 645 3477 καί
668 3406 783 3497 λαβών
804 3404 970 3496 ἡγεμόνας
996 3413 1110 3494 ἕκτης
