2500 3925
151 225 193 288 20
385 226 386 229 ‘
525 227 799 305 εταουοτι

147 393 231 475 ζειν,
253 385 320 475 φάς
336 385 546 474 τήνἝρυκος
560 385 674 473 χόρηυ
690 367 804 455 πᾶσάν
817 385 1157 474 εἰναιἩρακλειδέων

147 485 254 554 αὐτοῦ
270 483 451 573 Ἡρακλέος
473 489 694 574 κτησαμένου.
724 482 742 553 ὁ
769 485 806 554 δὲ
831 482 980 567 ἀκούσας
998 493 1104 556 ταῦτα
1123 490 1158 566 ές

147 583 307 669 Δελφοδς
321 595 427 672 οίχετο
441 584 650 674 χρησόμενος
663 591 709 675 τῳ
723 591 922 677 χρηστηρίῳ,
940 592 971 655 εί
982 586 1087 671 αἱρέει
1101 584 1155 656 ἐπ’

146 681 189 768 ἣν
204 687 371 752 στέλλεται
385 683 515 773 χάρην·
534 681 605 770 ἡδὲ
614 688 733 768 Πυθίη
745 688 780 752 οί
787 691 850 773 χρᾷ
862 683 1023 771 αἱρήσειν.
1047 710 1158 773 παρα-

146 779 263 868 λαβοδν
285 783 321 851 δὲ
345 780 363 851 ό
386 780 542 870 Δωριεδς
560 779 622 850 τὸν
642 781 781 867 στόλον,
803 779 865 850 τόν
889 785 945 851 καί
970 783 1157 870 έςΔιβόην

98 897 133 951 44
146 873 224 970 ήνε,
247 885 412 968 έκομίζωο
426 877 516 968 παρά
531 880 594 968 τὴν
604 878 754 966 Ἰταλίην.
803 878 872 949 Τὸν
885 879 1012 968 χρόνον
1026 884 1063 949 δὲ
1076 887 1158 950 τοῦ-

145 1009 216 1070 τον,
234 980 278 1062 ὡς
296 983 433 1069 λέγουσι
447 989 648 1068 Συβαρῖται,
664 985 769 1067 σφέας
782 1006 818 1049 τε
833 977 957 1060 αὐτους
970 983 1026 1049 καὶ
1044 986 1157 1068 Τῆλυν

146 1080 207 1151 τόν
218 1085 354 1151 έωυτοδν
364 1083 504 1170 βασιλέα
515 1082 568 1149 ἐπὶ
580 1080 745 1166 Κρότωνα
756 1081 890 1167 μέλλειν
900 1077 1156 1167 στρατεύεσθαι,

145 1180 225 1258 τούς
251 1181 288 1246 δέ
309 1179 545 1266 Κροτωνιήτας
567 1179 739 1262 περιδεέας
760 1178 964 1263 γενομένους
990 1178 1156 1264 δεηθῆναι

145 1280 296 1364 Δωριέος
306 1282 402 1363 σφίσι
411 1283 596 1364 τιμωρῆσαι
607 1279 662 1345 καὶ
672 1290 785 1362 τυχεῖν
796 1278 995 1362 δεηθέντας·
1009 1294 1157 1363 συστρα-

144 1373 309 1444 τεύεσθαί
327 1401 363 1442 τε
380 1373 420 1461 δή
442 1378 496 1443 έπλ
512 1375 669 1465 Σύβαριν
684 1379 819 1462 Δωριέα
840 1378 908 1443 καὶ·
919 1382 1074 1442 συνελεῖν
1092 1373 1156 1461 την

144 1475 309 1564 Σάβαριν.
344 1483 449 1544 ταῦτα
472 1477 535 1562 μέν
555 1502 621 1543 νυν
646 1482 834 1563 Συβαρῖται
856 1475 993 1559 λέγουσι
1018 1480 1156 1560 ποιῆσαι

144 1576 280 1660 Δωριέα
294 1576 400 1641 τεκαὶ
416 1571 496 1653 τούς
509 1572 582 1661 μετ’
600 1570 723 1658 αὐτοῦ,
738 1572 1018 1658 Κροτωνιῆταῖδδ
1032 1570 1156 1642 οὐδένα

145 1678 240 1758 σφίσι
256 1675 338 1758 φασὶ
350 1675 460 1752 ξεῖνον
470 1672 781 1758 προσεπιλαβέσθαι
791 1676 854 1737 τοῦ
865 1667 950 1758 πρός
960 1676 1153 1758 Συβαρίτας

145 1772 313 1856 πολέμου,
337 1775 367 1837 εί
386 1767 431 1856 μή
447 1775 598 1854 Καλλίην
618 1773 687 1835 τῶν
699 1764 871 1853 Ἰαμιδέων
884 1765 1007 1853 μάντιν
1024 1763 1154 1835 Ἠλεῖον

145 1877 286 1958 μοῦνον,
299 1871 355 1938 καὶ
365 1877 487 1938 τοῦτον
499 1867 612 1959 τρόπῳ
622 1871 757 1957 τοιῷδε·
772 1863 862 1952 παρά
873 1863 1003 1955 Ῥήλυος
1012 1873 1156 1935 τοῦΣυ-

144 1961 310 2056 βαριτέων
326 1969 500 2054 τυράννου
521 1964 716 2056 ἀποδράντα
733 1964 914 2035 ἀπικέσθαι
930 1964 1021 2053 παρὰ
1037 1969 1154 2058 σφέας,

141 2065 254 2136 έπείτέ
273 2070 308 2133 οῖ
328 2064 369 2133 τδ
394 2062 449 2149 ίρά
473 2062 513 2132 οό
545 2063 733 2152 προεχώρεε
762 2061 887 2152 χρηστοὶ
911 2063 1071 2155 θυομένῳ
1102 2064 1158 2132 ἐπὶ

90 2187 123 2238 45
142 2166 314 2257 Κρότωνα.
355 2170 460 2232 ταῦτα
484 2159 518 2231 δ’
538 2156 581 2233 αὖ
608 2157 701 2232 οὗτοι
724 2164 870 2249 λέγουσι.
913 2163 1095 2253 Μαρτόρια
1117 2161 1158 2230 δέ

140 2267 270 2337 τούτων
284 2265 430 2351 ἑκάτεροι
444 2258 663 2333 ἀποδεικνῦσι
673 2263 765 2350 τάδε,
781 2272 971 2353 Συβαρῖται
983 2262 1046 2353 μέν
1058 2265 1158 2350 τέμε-

144 2365 204 2444 νός
224 2390 260 2432 τε
285 2366 342 2431 καί
363 2360 448 2449 νηόν
466 2363 568 2431 ,έόντα
588 2359 680 2449 παρὰ
703 2359 765 2429 τδν
787 2361 890 2451 ξηρὸν
910 2370 1065 2453 Κρᾶθιν,
1091 2362 1154 2433 τόν

145 2460 349 2550 ίδρόσασθαι
365 2460 551 2531 συνελόντα
566 2457 629 2547 τήν
643 2460 744 2529 πόλιν
755 2464 889 2545 Δωριέα
901 2465 1038 2548 λέγουσι
1046 2460 1153 2549 Ἀθη-

144 2568 224 2651 ναίη
246 2559 413 2653 ἐπωνύμῳ
433 2568 586 2651 Κραθίη,
608 2568 708 2630 τοῦτο
731 2562 768 2629 δέ
793 2558 898 2631 αὐτοῦ
918 2564 1070 2651 Δωριέος
1091 2561 1154 2632 τόν

142 2658 296 2731 θάνατον
316 2660 504 2748 μαρτύριον
526 2664 684 2747 μέγιστον
704 2666 895 2746 ποιεῦνται,
924 2658 976 2729 ὅτι
998 2659 1089 2746 παρὰ
1109 2660 1151 2729 τά

143 2761 397 2849 μεμαντευμένα
421 2762 546 2829 ποιέων
569 2759 757 2847 διεφθάρη·
791 2765 821 2827 εί
838 2758 904 2846 νάρ
926 2757 967 2847 δή
991 2756 1036 2846 μή
1063 2783 1151 2845 παρ-

144 2862 264 2947 έπρηξε
278 2857 400 2945 μηδὲν,
417 2856 503 2927 έπ’δ
519 2859 555 2926 δὲ
572 2858 692 2946 ἐστάλη
707 2860 825 2945 ἐποίεε,
841 2853 907 2927 εἷλε
921 2852 966 2927 ἀν
979 2856 1042 2944 τήν
1053 2855 1151 2945 Ἐρυ-

143 2964 241 3046 κίνην
255 2958 369 3046 χόρην
385 2959 441 3028 καί
456 2957 712 3050 ἑλοδνκατέσχε,
734 2956 808 3028 οὐδ’
829 2955 874 3027 ἀν
887 2958 989 3039 αὐτός
1003 2986 1040 3028 τε
1059 2957 1150 3048 καλή

143 3053 278 3145 στρατιή
301 3057 482 3143 διεφθάρη.
506 3062 542 3127 οί
551 3057 583 3127 δ’
597 3052 642 3126 αὖ
679 3064 907 3150 Κροτωνιῆται
931 3055 1153 3128 ἀποδεικνῦσι

142 3162 271 3243 Καλλίη
286 3157 348 3241 μὲν
370 3161 416 3247 τῳ
434 3154 548 3245 Ἠλείῳ
569 3158 717 3240 ἐξαίρετα
737 3160 775 3223 έν
793 3162 837 3244 γῇ
852 3162 893 3244 τῇ
906 3155 1152 3244 Κροτωνιήτιδι

141 3252 249 3321 πολλοὶ
272 3256 434 3341 δοθέντα,
454 3251 494 3321 τά
511 3256 567 3323 καὶ
588 3257 621 3333 ές
643 3257 699 3341 έμέ
714 3260 761 3323 ἔτι
778 3256 935 3341 ἐνέμοντο
951 3259 986 3323 οί
996 3260 1152 3324 Καλλίεω

142 3348 323 3437 ἀπόγονοι,
346 3354 475 3440 Δωριέῖ
489 3353 526 3420 δέ
540 3355 595 3421 καὶ
608 3366 694 3421 τοῖσι
706 3354 858 3440 Δωριέος
873 3350 1073 3439 ἀπογόνοισι
1087 3350 1151 3420 οό-

143 3450 210 3517 δέν.
234 3455 340 3518 καίτοι
359 3456 389 3520 εί
401 3453 649 3541 συνεπελάβετό
668 3481 707 3542 με
723 3460 785 3523 τοῦ
798 3462 1028 3543 Συβαριτικοῦ
1045 3459 1149 3525 πολέ-
