2500 3925
75 257 134 319 124
448 257 704 316 HERODOTI

71 419 138 497 ἔδυ
160 419 179 489 ὁ
200 428 341 506 Νεῖλος,
371 416 406 488 ιδ
428 421 467 487 δὲ
486 414 553 486 ἀτιδ
575 413 699 503 ταύτης
717 421 775 504 τῆς
797 415 913 496 πόλιος
937 419 1078 502 σχίζεται

73 525 249 606 τριφασίας
262 516 373 598 ὁδούς.
413 518 469 586 καὶ
483 514 502 604 ἡ
518 515 582 604 μὲν
596 513 681 601 πρός
694 511 744 602 ἠύ
757 515 934 604 τρέπεται,
956 512 994 583 τδ
1017 541 1079 584 κα-

72 621 180 689 λέεται
201 618 398 705 Πηλούσιον
418 614 541 702 στόμα,
569 611 590 701 ἡ
613 614 650 683 δὲ
672 617 765 704 ἑτέρη
788 621 857 684 τῶν
880 612 972 685 ὁδῦυ
995 610 1079 702 πρός

73 718 217 804 ἑσπέρην
230 722 314 804 ἔχει·
344 723 443 785 τοῦτο
463 715 500 783 δὲ
512 709 718 801 Κανωβικὸν
738 713 845 801 στόμα
859 715 1023 801 κέκληται.
1056 708 1079 800 ἡ

73 818 108 885 δέ
131 815 171 904 δὴ
194 818 274 884 ἰθέα
287 822 356 884 τῶν
375 811 468 883 δδῦν
484 820 530 904 τῷ
545 819 659 904 Νείλφ
675 813 742 882 lul
762 809 839 901 ἥδε·
865 810 1003 882 ἀνωθεν
1017 837 1080 900 φετ

73 916 215 1005 ρόμενος
236 919 270 996 ἐς
289 914 327 985 τό
350 913 411 997 ὀξύ
438 921 500 984 τοῦ
521 917 633 984 Δέλτα
658 908 864 1000 ἀπικνέεται,
886 907 923 980 τδ
951 910 987 979 δὲ
1013 905 1079 977 ἀπό

73 1017 196 1087 τούτου
210 1021 329 1103 σχίζων
342 1018 447 1103 μέσον
460 1011 498 1084 τδ
515 1019 626 1084 Δέλτα
641 1017 675 1094 ές
692 1015 870 1084 θάλασσαν
885 1013 980 1097 ἐξίει,
1003 1009 1082 1079 ούτε

74 1121 247 1202 ἐλαχίστην
267 1127 390 1200 μοῖραν
409 1121 471 1181 τοῦ
492 1110 614 1193 ύδατος
635 1111 862 1202 παρεχόμενος
877 1109 983 1200 ταύτῃ
1004 1107 1083 1180 οὔτε

42 1249 46 1252 ·
73 1213 192 1302 ἥκιστα
212 1209 444 1298 ούνομαστὴν,
467 1209 504 1279 τδ
525 1215 677 1282 καλέεται
692 1206 943 1300 Σεβεννυτικόν
965 1207 1081 1298 στόμα.

74 1319 142 1381 ἔστι
166 1310 202 1378 δὲ
223 1313 279 1377 καί
301 1311 396 1395 ἕτερα
413 1310 554 1396 διφάσια
568 1310 715 1398 στόματα
737 1306 803 1378 ἀπό
825 1313 887 1378 τοῦ
906 1315 1084 1397 Σεβεννυ-

73 1414 169 1477 τικοῦ
190 1404 454 1495 ἀποσχισθέντα,
477 1411 625 1496 φέροντα
648 1411 681 1488 ἐς
701 1408 896 1494 θάλασσαν,
919 1421 1005 1475 τοῖσι
1021 1403 1082 1474 ού-

74 1507 202 1594 υόματα
222 1509 332 1574 κέεται
359 1508 454 1593 τόδε,
483 1514 529 1598 τῷ
551 1507 614 1594 μὲν
633 1503 797 1577 Σαϊτικὸν
818 1503 956 1595 αύτῦυ,
979 1514 1025 1598 τῷ
1046 1510 1085 1576 δὲ

75 1603 281 1692 Μενδήσιον.
321 1603 360 1672 τὰ
381 1606 418 1674 δὲ
437 1612 638 1693 Βολβίτινον
658 1605 764 1693 στόμα
788 1609 843 1674 καὶ
864 1603 901 1674 τό
918 1615 1085 1676 Βουκολι-

28 1726 62 1780 1ss
76 1702 139 1773 κδυ
153 1700 217 1772 ούιι
230 1707 392 1791 ίθαχινέα
406 1704 554 1791 στόματά
572 1707 651 1791 ἐστι,
674 1701 749 1774 ἀλλ’
767 1700 904 1793 όριυιτό.
938 1713 1085 1792 Μαρτυ-

76 1806 143 1892 ρέει
169 1802 209 1870 δέ
230 1828 289 1888 μοι
322 1810 363 1892 τῇ
391 1802 528 1893 χνόμη,
556 1802 609 1872 ότι
637 1802 782 1889 τοσαύτη
808 1804 877 1872 ἐστὶ
900 1813 1086 1891 Αίχυπτος,

75 1902 159 1990 ὅσην
176 1897 253 1970 τινὰ
270 1897 335 1989 ἐμοὶ
352 1898 574 1990 ἀποδείκνυμι
591 1908 637 1995 τῷ
654 1901 762 1995 λόχφ,
784 1905 839 1971 καί
854 1899 892 1972 ιδ
907 1901 1088 1991 Ἄμμωνος

75 2002 276 2091 χρηστήριον
296 2002 498 2089 γενόμενον,
525 1999 562 2071 τδ
588 1999 652 2089 ἐμοῦ
677 2008 735 2089 τῆς
759 2003 929 2090 ἐμεωυτοῦ
949 2001 1088 2090 χνιύμης

78 2101 219 2188 ὕστερον
234 2102 310 2186 περὶ
324 2109 501 2187 Αἴγυπτον
521 2099 710 2187 ἐπυθόμην.
756 2104 790 2172 οί
805 2098 871 2187 γὰρ
893 2097 933 2188 δὴ
953 2102 989 2169 ἐκ
1005 2107 1088 2167 Μα-

76 2200 153 2284 ρέης
169 2222 205 2265 τε
221 2198 338 2276 πόλιος
355 2197 533 2277 καλ”Δπιος
548 2200 714 2278 υίκέοντες
728 2200 906 2286 Αἰγύπτου
922 2197 962 2268 τῦ
978 2199 1088 2288 πρόσ-

76 2324 162 2386 ουρα
175 2296 305 2386 Λιβύη,
333 2296 433 2367 αύτοί
449 2326 485 2367 τε
508 2303 682 2379 δοκέοντες
703 2298 848 2370 είναιί
802 2310 833 2371 A
833 2309 926 2390 ίβυες
946 2302 1001 2369 καλ
1022 2296 1088 2367 οῦκ

76 2404 122 2466 Ac
121 2396 275 2484 χύτιτιοι,
306 2400 361 2465 καὶ
387 2394 571 2484 ἀχθόμενοι
596 2406 638 2488 τῇ
665 2397 802 2484 περὶτὰ
825 2397 882 2488 [ρά
903 2404 1088 2487 θρησκηίη,

77 2496 280 2586 βουλόμενοι
306 2497 444 2582 θηλέων
468 2503 561 2584 βοῦν
584 2524 632 2584 μη
666 2504 841 2586 ἔρχεσθαι,
876 2503 1028 2585 ἔπεμψαν
1054 2498 1090 2575 ἐς

69 2597 229 2718 ’Ἄμμωνα
251 2594 398 2719 φάμενοι
418 2592 520 2663 οὐδὲν
539 2603 636 2682 σφίσι
656 2622 692 2665 τε
713 2599 830 2666 καὶί
783 2606 815 2665 A
816 2601 997 2683 ίχυπτίοισι
1013 2620 1090 2663 κοι-

78 2695 141 2765 νῦν
156 2694 322 2764 είναι·ί
288 2697 410 2763 οίιιέειν
423 2718 464 2761 τε
473 2691 539 2782 χάρ
557 2698 619 2775 ἔξω
641 2721 702 2763 τυυ
687 2699 830 2765 Δέλτα
845 2697 901 2763 καί
921 2690 985 2762 οῦκ
1003 2691 1089 2780 ὁμο·

78 2794 209 2881 λογέειν
233 2791 382 2878 αὐτοῖσι,
410 2793 602 2880 βούλεσθαί
620 2820 657 2861 τε
681 2794 820 2888 πόντων
844 2798 941 2880 σφίσι
964 2794 1090 2872 ἐξεῖναι

77 2890 249 2978 γεύεσθαι.
280 2918 299 2961 ο
287 2888 354 2958 ’δὲ
370 2889 453 2969 θεός
469 2909 575 2977 σφεας
591 2887 656 2959 ούκ
672 2896 710 2960 έα
726 2895 852 2961 ποιέειν
867 2897 990 2977 ταῦτα,
1020 2887 1092 2977 φάς

77 2999 253 3076 Λίχυπτον
268 2986 353 3056 εἶναι
367 2987 503 3075 ταύτην,
525 3014 587 3075 την
601 3016 620 3057 ο
638 2996 761 3069 Νεῖλος
776 2986 880 3059 έτιιοιν
895 2988 1009 3077 ἀρδει,
1033 2991 1092 3057 καὶ

77 3093 284 3175 Αίγυπτίους
298 3083 384 3154 εἶναι
401 3087 558 3173 τούτους,
580 3094 616 3155 οἳ
635 3092 755 3176 ἔνερθε
773 3085 1009 3175 Ἐλεφαντίνης
1023 3086 1092 3155 πό-

78 3195 149 3263 λιος
164 3181 362 3261 ολκίοντες’
343 3181 409 3251 από
425 3190 488 3252 τοῦ
501 3194 654 3271 ποταμοῦ
670 3185 794 3255 τούτου
810 3192 957 3257 πίνουσι.
997 3185 1092 3257 οῦτοι

25 3304 59 3360 19
80 3303 141 3368 σφι
165 3288 269 3349 ταῦτα
294 3279 450 3369 ἐχρήσθη
490 3279 724 3372 Ἐπέρχεταιδ
706 3282 784 3353 δὲ’
770 3310 788 3352 ο
812 3292 953 3372 Νεῖλος,
983 3282 1092 3354 ἐπεὰν

11 3422 16 3428 -
77 3377 233 3467 πληθύῃ,
261 3376 305 3447 ού
324 3386 455 3466 μοῦνον
476 3406 514 3449 το
502 3378 659 3470 Δέλτα,
686 3379 770 3452 ἀλλά
786 3386 842 3453 καὶ
855 3408 918 3453 του
902 3389 1091 3473 Λιβυκοῦ

77 3505 113 3547 τε
126 3481 311 3565 λεγομένου
332 3480 445 3568 χιόρου
460 3478 546 3550 εἶναι
567 3486 622 3552 καί
644 3490 703 3551 τοῦ
721 3482 878 3573 Ἀραβέου
899 3487 1015 3577 ἐνιαχῇ
1032 3490 1092 3554 καὶ
