2500 3925
166 229 228 291 242
544 236 796 295 HERODOTI

165 396 259 479 σίου,
277 388 321 471 ὡς
334 393 486 480 έχίνοντο
500 391 583 461 κατὰ
597 400 764 482 Χαλκίδα,
781 401 816 465 οί
823 402 1004 479 Πλαταιέες
1017 395 1168 490 ἀποβάν-

164 518 218 571 τες
232 494 265 571 ἐς
278 488 341 578 τήν
362 497 504 579 περαίην
519 498 578 579 τῆς
590 500 751 580 Βοιωτίης
764 495 874 583 χύρης
888 493 972 582 πρὸς
989 499 1168 589 ἐκκομιδὴν

162 588 346 678 ἐτράποντο
357 596 426 658 τῶν
440 591 603 659 οίκετέων.
623 584 726 660 Ούτοι
738 593 800 679 μέν
810 619 877 660 νυν
888 592 1028 675 τούτους
1042 597 1169 677 σάξον-

162 691 440 776 τεςέλείφθησαν.
461 686 634 777 Ἀθηναῖοι
646 688 1009 779 δδέπίμένΠελασχῶν
1021 694 1167 780 ἐχόντων

162 785 223 874 τήν
237 792 303 855 νῦν
312 783 454 855 Ἐλλάδα
468 793 674 875 καλεομένην
689 781 778 876 ἦσαν
786 792 965 878 Πελασγοί,
981 787 1165 879 ούνομαζό·

161 911 257 972 μενοι
271 884 438 973 Κραναοί,
454 887 507 954 ἐπὶ
524 886 560 954 δέ
573 890 747 975 Κέκροπος
762 890 915 975 βασιλέος
930 889 1166 977 ἐπεκλήθησαυ

160 988 381 1072 Κεκροπίδαι,
398 985 618 1072 ἐκδεξαμένου
633 986 669 1054 δέ
683 983 854 1075 Ἐρεχθέος
866 986 929 1075 τήν
944 985 1050 1077 ἀρχὴν
1061 988 1165 1077 Ἀθη-

158 1100 246 1155 ναῖοι
257 1083 592 1173 μετουνομάσθησαν,
598 1083 716 1166 Ἴωνος
728 1087 765 1155 δέ
776 1092 837 1155 τοῦ
847 1087 987 1165 Ξούθου
998 1088 1165 1175 στρατάρ-

156 1209 220 1271 χεω
234 1184 419 1271 γενομένου
435 1180 643 1271 Ἀθηναίοισι
659 1184 850 1273 ἐκλήθησαν
870 1181 936 1256 άπὸ
950 1187 1074 1256 τούτου
1086 1185 1166 1257 Ἴω-

13 1310 16 1314 ·
108 1300 142 1356 45
157 1311 221 1363 νες.
261 1283 435 1370 Μεγαρέες
454 1284 490 1352 δέ
511 1282 619 1353 τύυτδ
641 1284 804 1374 πλήρωμα
821 1294 1016 1376 παρείχοντο
1037 1293 1091 1359 καὶ
1109 1288 1164 1358 ἐπ’

158 1388 361 1474 Αρτεμισίφ,
381 1379 626 1471 Ἀμπρακιῶται
643 1386 679 1453 δὲ
697 1383 777 1454 ἑπτά
792 1383 869 1465 νέας
880 1389 1011 1473 ἔχοντες
1034 1390 1165 1475 έπεβύ-

154 1496 283 1573 θησαν,
298 1483 481 1553 Λευκάδιοι
491 1484 528 1551 δὲ
539 1498 638 1571 τρεῖς,
657 1490 757 1565 ἔθνος
775 1485 886 1565 ἐόντες
896 1478 990 1554 οὗτοι
1001 1485 1160 1574 Δωρικόε

107 1599 140 1653 46
156 1580 221 1652 άπό
229 1589 414 1668 Κορίνθου.
434 1586 640 1669 Νησιωτέων
651 1583 688 1651 δέ
696 1589 873 1670 Αἰγινῆται
884 1582 1062 1672 τριήκοντα
1073 1610 1163 1672 παρ-

155 1688 291 1769 είχοντο.
314 1672 401 1767 ήσαν
414 1680 477 1767 μέν
489 1700 550 1767 σφι
562 1683 616 1749 καί
628 1678 725 1750 άλλαι
736 1683 993 1769 πεπληρωμέναι
1004 1686 1087 1770 νέες,
1100 1680 1162 1753 άλ-

154 1776 195 1851 λέ
214 1786 288 1869 τῇσι
305 1778 367 1865 μὲν
380 1777 443 1867 τήν
457 1784 592 1850 έωυτιόν
606 1779 816 1868 ἐφύλασσον,
838 1778 1016 1868 τριήκοντα
1032 1783 1069 1849 δὲ
1084 1788 1160 1871 τῇσι

153 1878 271 1968 ἄριστα
283 1880 478 1972 πλωούσησι
489 1883 527 1949 έν
533 1890 701 1968 Σαλαμῖνι
713 1878 958 1967 ἐναυμάχησαν.
981 1885 1159 1968 Αἰγινῆται

153 1983 191 2049 δέ
204 1985 266 2049 είσι
280 1984 429 2068 Δωριέες
444 1978 509 2049 άπδ
527 1979 747 2069 Ἐπιδαύρου·
775 1985 816 2068 τῇ
831 1979 868 2047 δέ
881 1978 973 2072 νήσφ
991 1979 1160 2067 πρότερον

152 2080 281 2165 ούνομα
291 2072 336 2166 ήν
348 2079 503 2168 Οίνιύνη.
510 2078 592 2167 μετὰ
606 2079 831 2167 δὲΛίχιυήτας
843 2079 1022 2157 Χαλκιδέες
1033 2075 1092 2156 τὰς
1104 2075 1157 2146 ἐπ’

148 2176 336 2269 Ἀρτεμισίω
352 2186 456 2246 είκοσι
475 2178 698 2267 παρεχόμενοι
719 2179 774 2246 καί
791 2175 969 2265 Ἐρετριέες
984 2174 1043 2256 τὰς
1057 2177 1159 2244 ἑπτά·

150 2268 243 2343 οὗτοι
258 2273 413 2354 δὲ”Ιωνές
428 2280 499 2344 είσι.
523 2275 605 2363 μετὰ
623 2277 660 2345 δέ
671 2283 765 2345 Κεῖοι
780 2273 839 2356 τάς
854 2271 956 2354 αὐτάς
970 2276 1159 2363 παρεχόμε-

148 2399 219 2462 νοι,
238 2379 338 2454 ἔθνος
354 2371 412 2442 έδν
429 2373 579 2443 Ἰωνικὸν
594 2372 659 2443 άπό
673 2373 852 2463 Ἀθηνέων.
881 2372 1002 2454 Νάξιοι
1017 2375 1053 2442 δέ
1067 2398 1160 2463 παρ-

149 2478 274 2559 είχοντο
292 2472 465 2561 τέσσερας,
486 2471 765 2562 ἀποπεμφθέντες
784 2471 846 2560 μέν
868 2474 900 2553 ἐς
920 2469 999 2552 τούς
1011 2471 1160 2561 Μήδους

146 2568 214 2639 ὑπὸ
229 2577 298 2638 τῶν
312 2574 515 2658 πολιητέων,
548 2568 693 2658 κατάπερ
714 2563 814 2640 ὧλλοι
829 2576 1005 2658 νησιῶται,
1028 2567 1159 2659 άλοχή-

147 2697 263 2752 σαντες
274 2673 311 2740 δὲ
321 2680 390 2740 τῶν
403 2675 565 2742 ἐντολέων
576 2671 717 2743 ἀπίκατο
730 2674 764 2752 ές
777 2667 856 2751 τούς
863 2667 1025 2758 Ἐλληνας
1034 2683 1157 2759 Λημο-

145 2777 262 2858 κρίτου
276 2770 499 2859 σπεύσαντος,
515 2769 640 2860 άνδρός
653 2778 722 2841 τῶν
732 2767 844 2839 ύστιδν
855 2774 996 2857 δοκίμου
1010 2771 1065 2838 καὶ
1080 2771 1157 2839 τότε

144 2870 434 2957 τριηραρχέοντος·
454 2869 576 2951 Νάξιοι
588 2871 629 2939 δέ
637 2868 820 2949 είσιἽωνες
835 2864 894 2936 ἄπ’
910 2865 1083 2955 Ἀθηνέων
1096 2895 1156 2956 γε·

145 2970 291 3057 χονότες.
315 2974 460 3055 Στυρέες
478 2968 514 3039 δὲ
527 2967 586 3051 τάς
600 2968 704 3050 αὐτάς
719 2977 915 3059 παρείχοντο
934 2973 1011 3048 νέας
1027 2966 1155 3056 τάσπερ

145 3067 197 3140 ἐπ’
224 3067 432 3164 Ἀρτεμισίῳ,
458 3073 608 3141 Κύθνιοι
632 3072 668 3140 δέ
693 3077 775 3159 μίαν
796 3071 850 3138 καὶ
875 3067 1153 3158 πεντηκόντερον,

145 3169 257 3248 ἐόντες
266 3169 517 3258 συναμφότεροι
528 3164 623 3239 οὗτοι
635 3169 801 3258 Δρύοπες.
820 3168 1045 3255 καδΣερίφιοί
1051 3194 1088 3236 τε
1100 3171 1153 3237 καὶ

144 3275 284 3356 Σίφνιοι
295 3269 350 3336 καί
360 3268 490 3356 Μήλιοι
501 3269 755 3359 ἐστρατεύοντο·
774 3260 867 3338 οὖτοι
879 3265 943 3356 γὰρ
956 3263 1018 3337 ούκ
1030 3273 1153 3346 ἔδοσαν

168 3373 265 3435 υῦνοι
280 3370 470 3452 νησιωτέων
484 3375 530 3460 τῷ
541 3369 703 3462 βαρβάρῳ
718 3375 783 3456 χήν
798 3393 834 3436 τε
848 3367 904 3434 καὶ
918 3363 1020 3454 ύδωρ.
1047 3361 1154 3440 Οὗτοι

183 3492 203 3533 ν
218 3461 362 3544 ἅπαντες
376 3464 470 3548 έντὸς
484 3471 653 3555 οίκημένοι
667 3471 880 3555 Θεσπρωτῶν
894 3467 948 3533 καὶ
960 3461 1154 3552 Ἀχέροντος
