2500 3925
365 245 450 302 ΗΒ.
482 247 503 303 1.
538 245 637 304 w.
672 251 848 309 194-198.
1051 242 1113 310 1⁰5

99 402 281 495 μέλλοντες
292 403 459 495 ἀλλήλους
469 406 650 486 ἐξωνέοντο
662 403 723 486 τάἑ
733 406 1026 496 καλλιστευούσας,
1037 403 1113 478 ὅσοι

100 509 134 576 δὲ
144 533 209 576 του
194 506 333 596 ’δήμου
349 515 451 578 ἐστον
462 510 634 596 ἐπίγαμοι,
657 499 753 579 ούτοι
764 509 801 578 δέ
813 514 919 590 είδεος
935 513 998 598 μὲν
1009 509 1112 581 ούδδν

100 607 233 676 ἐδέοντο
245 615 408 695 χρηστου,
427 602 538 676 ow*
515 633 560 676 αν
570 632 721 695 χρήματα
733 633 769 676 τε
779 609 835 677 καί
845 613 1014 696 αἰσχίονας
1023 635 1109 697 παρ-
1163 611 1167 616 ’

98 711 225 784 θένους
234 702 484 793 έλόμβανον.ε
462 731 507 785 ως
516 693 582 791 γὰρ
593 702 635 792 δή
648 703 840 786 διεξέλθοι
825 731 843 774 ο
856 711 961 795 κῆρυξ
972 708 1112 777 πυλέων

96 802 154 884 τός
172 802 407 886 εὐειδεστάτας
422 811 493 874 τῶν
508 807 711 894 παρθένων,
732 802 891 892 ἀνίστη”
868 832 913 875 αν
930 804 994 896 τήν
1004 804 1112 894 ἀμορ-

96 903 271 991 φεστότηυ
290 932 312 992 η
299 901 427 983 ἐἴτις
443 901 574 972 αυτέυν
584 897 764 991 ἔμπηρος
741 930 802 992 ην,
825 907 881 974 καί
891 931 1018 993 ταυτην
1032 901 1113 974 ἀνε-

94 1004 264 1093 τήρυσσε,
288 1001 381 1082 ὅστις
391 1003 506 1072 ἐθέλοι
523 1003 698 1089 ἐλάχιστον
708 1009 850 1091 χρυσίον
861 1001 977 1093 λαβών
994 1025 1113 1074 συνοι-

92 1106 187 1171 κέειν
197 1100 303 1191 αὐτῇ,
327 1102 361 1180 ἐς
378 1097 461 1191 δτςό
476 1096 514 1166 τό
526 1099 701 1186 ἐλάχιστον
717 1097 933 1194 ὑπισταμένῳ
949 1104 1113 1190 προσεκέ-
1139 1129 1141 1136 ·

92 1227 166 1272 ετο·
206 1196 247 1267 τό
279 1200 317 1268 δέ
350 1195 395 1267 ἀν
427 1205 568 1286 χρυσίου
594 1202 723 1285 ἐγίνετο
758 1197 825 1270 ἀπὸ
860 1207 929 1270 τῶν
955 1199 1112 1272 εὐειδέων
1208 1221 1213 1230 ·

92 1301 299 1387 παρθένων,
328 1301 386 1366 καί
406 1295 497 1364 οὕτω
523 1301 561 1365 αἱ
580 1295 748 1387 εὔμορφοι
773 1296 833 1379 τὰς
860 1297 1036 1386 ἀμόρφους
1056 1302 1112 1370 καί

91 1397 269 1486 ἐμπήρους
291 1398 492 1478 ἐξεδίδοσαν.
522 1397 684 1465 ἐκδοῦναι
709 1397 746 1464 δέ
766 1393 829 1484 τήν
850 1401 978 1467 ἑαυτοῦ
997 1409 1111 1486 θυγα-

91 1499 191 1584 τέρα,
224 1494 322 1586 ότεφ(
338 1493 496 1582 βούλοιτο
523 1497 679 1582 ἕκαστος,
713 1491 777 1563 ούκ
797 1497 891 1583 ἐξῆν,
924 1493 1004 1565 ούδέ
1026 1494 1111 1566 ἀνευ

91 1595 266 1682 ἐγγυητέω
281 1590 517 1679 ἀπαγαγέσθαι
533 1589 596 1680 τήν
612 1594 790 1682 παρθένου
805 1593 1009 1682 πριάμενον,
1032 1590 1108 1664 ἀλλ’

93 1690 262 1782 ἐγγυητὰς
276 1697 361 1780 χρῆν
378 1690 630 1778 καταστήσαντα
651 1685 676 1779 ἦ
693 1688 761 1780 μήν
778 1692 996 1783 συνοικήσειν
1013 1689 1109 1782 αὐτῇ,

93 1793 186 1864 ούτω
207 1789 417 1878 ἀπάγεσθαι·
440 1796 471 1859 εί
489 1789 526 1858 δέ
543 1786 589 1877 μὴ
601 1797 848 1878 συμφεροιάτο,
872 1788 1057 1878 ἀποφέρειν
1070 1788 1109 1858 τό

93 1898 238 1981 χρυσίον
258 1891 368 1959 έκέετο
390 1888 503 1977 νόμος
536 1891 614 1976 έξην
636 1888 673 1958 δ
694 1892 751 1958 καί
779 1891 812 1971 ἐξ
833 1887 935 1977 ἀλλης
963 1888 1110 1960 ἐλθόντα

93 1992 212 2079 κόμης
228 1985 291 2057 τόν
305 1988 518 2076 βουλόμενον
535 1984 752 2057 ὠνέεσθαι.ο
737 2012 756 2056 ο
771 1990 835 2075 μέν
851 2014 918 2057 νυν
935 1987 1111 2067 κάλλιστος

93 2091 202 2177 νόμος
224 2080 324 2166 ούτός
348 2103 409 2173 σφι
429 2078 493 2174 ἦν,
515 2083 559 2154 ού
578 2087 694 2172 μέντοι
711 2092 778 2155 νῦν
795 2112 835 2173 γε
854 2090 1016 2157 διετέλεσε
1033 2083 1111 2173 έδν,

93 2184 181 2309 ἀλλρ
193 2187 274 2253 δέτι
285 2184 485 2272 ἐξευρήκασι
499 2188 620 2253 νεωστί
637 2185 815 2277 γενέσθαι,
836 2187 893 2253 ἵνα
904 2210 950 2273 μη
939 2180 1111 2253 ἀδικοῖεν

91 2280 200 2363 αάτάς
211 2280 291 2371 μηδ’
305 2285 339 2361 ές
349 2284 466 2370 ἑτέρην
476 2280 612 2352 πόλιν”
587 2306 746 2368 αγωνται.
775 2281 850 2349 έπεί
834 2284 883 2349 ίτε
894 2279 961 2369 γὰρ
972 2278 1111 2361 ἁλόντες

92 2384 322 2471 ἐκακώθησαν
342 2383 398 2451 καί
419 2382 741 2473 οἰκοφθορήθησαν,
763 2388 828 2460 πᾶς
850 2406 900 2460 τις
920 2388 982 2450 τοῦ
999 2379 1109 2469 δήμου

92 2496 175 2575 βίου
185 2488 355 2565 σπανιῖωυ
366 2481 610 2568 καταπορνεύει
620 2478 662 2549 τὰ
673 2480 782 2567 θήλεα
793 2481 902 2550 τέκνα.
939 2480 1109 2566 Δεύτερος
1122 2496 1170 2555 197

93 2588 130 2655 δὲ
147 2590 254 2673 σοφίη
271 2580 330 2651 ὅδε
343 2578 444 2658 ἀλλος
455 2602 516 2666 σφι
532 2578 638 2665 νόμος
649 2582 837 2665 κατέστηκε.
860 2575 941 2659 τούς
958 2577 1109 2665 κάμνον-

92 2710 153 2763 τας
175 2685 210 2763 ές
229 2678 294 2769 τὴν
315 2676 444 2766 ἀγορὴν
461 2680 679 2764 ἐκφορέουσι·
703 2674 744 2746 ού
755 2674 821 2765 γὰρ
839 2674 880 2764 δὴ
891 2679 1045 2767 χρέονται
1055 2683 1109 2762 ἰη-

93 2798 219 2871 τρολσι·
242 2780 439 2869 προσιόντες
458 2772 507 2847 όν
524 2776 611 2868 πρός
626 2776 687 2847 τόν
703 2778 877 2863 κάμνοντα
895 2774 1109 2865 συμβουλεύ-

95 2903 173 2953 ουσι
193 2884 272 2971 περὶ
291 2889 349 2969 τῆς
365 2880 510 2967 νούσου,
534 2890 568 2949 εί
584 2905 636 2957 τις
654 2881 710 2947 καί
725 2874 828 2958 αύτδς
844 2884 976 2947 τοιοῦτο
1002 2883 1109 2947 ἔπαθε

95 2984 211 3057 ὁκοῖον
235 2980 336 3070 ἔχει
322 3009 340 3051 ο
368 2980 509 3069 κόμυωυ
533 3008 556 3067 η
543 2974 684 3049 ”ἀλλον
706 2977 774 3047 εἶδε
795 2977 970 3048 παθόντα·
1003 2982 1108 3043 ταῦτα

96 3081 292 3203 προσιόντες
313 3079 587 3172 συμβουλεύουσι
601 3080 658 3147 καί
675 3081 912 3163 παραινέουσι,
934 3073 1021 3142 ἅσσα
1044 3071 1109 3143 αύ-

96 3178 303 3269 τδςποιήσας
319 3174 492 3265 έξέφνγε’
476 3184 599 3264 ομοίην
614 3183 744 3245 νοῦσον
761 3170 783 3262 ἢ
803 3172 907 3244 ἀλλον
924 3170 990 3241 εἶδε
1001 3176 1108 3260 ἐκφυ-

98 3279 207 3366 γόντα
231 3298 310 3368 σιγη
294 3277 358 3347 δδ
367 3273 636 3366 παρεξελθεῖν
600 3302 662 3343 τον
680 3273 854 3361 κάμνοντα
865 3270 909 3340 ού
919 3290 980 3358 σφι
992 3275 1107 3356 ἔξεστι,

99 3383 176 3464 πρὶν
195 3374 240 3447 δυ
263 3372 496 3464 έπείρηται,”
471 3401 593 3464 ηντινα
604 3376 818 3457 νοῦσονέχει,
867 3370 978 3457 Ταφαί
995 3371 1033 3439 δέ
1047 3388 1108 3455 σφι
1119 3376 1171 3434 198

100 3480 136 3544 ἐν
155 3479 278 3565 μέλιτι,
310 3482 436 3564 θρῆνοι
458 3476 496 3544 δὲ
515 3472 746 3560 παραπλήσιοι
767 3484 852 3538 τοῖσι
877 3472 914 3537 ἐν
935 3468 1107 3557 Αἰγύπτῳ.
