2500 3925
57 249 62 256 ’
138 274 182 337 ⁹4
516 281 771 340 κεοοοονι

137 466 205 508 υυν
218 444 368 528 μέγαθος
380 441 523 510 τοσοῦτό
540 444 609 511 ἐστι
626 449 688 510 τοῦ
702 441 819 524 ύστεος
836 451 898 512 τοῦ
909 453 1146 536 Βαβυλωνίου,

138 541 340 630 ἐκεκόσμητο
356 545 393 611 δὲ
411 540 455 622 ὡς
472 541 574 612 οὐδὲν
588 541 671 613 ἄλλο
686 545 832 632 πόλισμα
845 553 915 614 τῶν
928 545 1023 635 ήμείς
1038 554 1142 639 ίδμευ.

137 640 266 728 τύφρος
287 642 350 728 μὲν
374 644 490 729 πρῶτά
513 670 573 764 μιν
596 646 706 732 βαθέα
723 671 759 712 τε
784 647 839 714 καὶ
862 644 961 732 εύρέα
984 652 1060 716 καὶ
1058 651 1146 736 πλέη

109 780 114 788 ·
137 738 259 818 ύδατος
273 745 435 828 περιθέει,
452 768 533 828 μετα
522 740 587 810 δέ
599 756 705 830 τεῖχος
716 745 923 833 πεντήκοντα
937 747 1000 833 μὲν
1013 753 1146 836 πηχέων

136 843 320 924 βασιληίων
336 836 448 907 ἐόν
414 865 451 906 το
469 833 585 927 εὖρος,
606 839 695 922 ύψος
711 844 747 911 δὲ
762 847 944 932 διηκοσίων
960 849 1101 934 πηχέων.
1125 842 1144 912 ὁ

137 937 360 1027 δὲβασιλήιος
373 944 479 1025 πῆχυς
494 945 555 1006 τού
570 946 708 1026 μετρίου
724 944 791 1009 ἐστὶ
804 943 925 1030 πήχεος
936 950 1052 1071 μέζων
1057 947 1145 1030 τρισι

77 1045 124 1098 179
136 1039 338 1106 δακτύλοισι.
362 1046 428 1104 Δεί
439 1037 482 1125 δή
495 1063 536 1124 με
547 1035 632 1125 πρός
645 1039 793 1108 τούτοισι
809 1046 857 1109 ἔτι
874 1043 1019 1131 φρόσαι,
1035 1047 1092 1110 ἵνα
1107 1068 1145 1110 τε

136 1142 173 1206 ἐκ
189 1145 247 1224 τῆς
266 1139 400 1227 τύφρου
420 1136 440 1228 ή
462 1146 504 1226 γῆ
523 1137 755 1227 ἀναισιμώθη,
777 1140 881 1210 καί
847 1167 884 1209 το
906 1158 1010 1230 τεῖχος
1026 1143 1144 1212 ὅντινα

135 1235 263 1335 τρόπον
284 1243 434 1324 ἔργαστο.
472 1234 678 1359 όρύσσουτες
698 1235 766 1323 ἅμα
786 1235 849 1326 τήν
869 1239 1001 1327 τύφρου
1027 1244 1143 1309 ἐπλίν-

134 1326 243 1402 θευον
256 1334 318 1423 τήν
332 1343 396 1423 γῆν
410 1333 472 1423 τήν
482 1326 524 1402 έκ
537 1342 599 1403 τοῦ
612 1332 802 1454 ὀρύγματος
819 1341 1065 1457 ἐκφερομένην,
1086 1341 1143 1406 έλ-

134 1434 297 1514 κύσαντες
318 1439 354 1504 δὲ
374 1442 540 1515 πλίνθους
561 1432 715 1514 ίκανας
695 1434 853 1521 ωπτησαν
868 1433 971 1514 αύτύις
988 1437 1025 1502 ἐν
1040 1443 1142 1522 καμί

133 1552 239 1601 νοισι·
262 1532 344 1619 μετὰ
365 1537 400 1603 δέ
416 1539 551 1622 τέλματι
571 1535 747 1622 χρεόμενοι
769 1532 928 1625 ύσφύλτω
951 1541 1063 1623 θερμῇ
1084 1537 1141 1602 καί

134 1631 189 1701 διὰ
210 1632 389 1722 τριήκοντα
412 1636 527 1724 δόμων
550 1641 699 1703 πλίνθου
718 1630 863 1719 ταρσούς
883 1633 1042 1720 καλάμων
1064 1637 1139 1700 δια-

133 1733 361 1821 στοιβάζοντες
381 1740 516 1823 ἔδειμαν
531 1739 646 1821 πρῶτα
662 1735 726 1818 μὲν
740 1739 797 1819 τῆς
811 1731 945 1818 τύφρου
960 1730 1003 1800 τὰ
1017 1741 1139 1818 χείλεα,

133 1829 273 1918 δεύτερα
288 1837 324 1901 δὲ
339 1830 421 1902 αύτδ
438 1832 476 1902 τό
491 1847 597 1918 τεῖχος
611 1828 672 1898 τόν
687 1827 792 1898 αύτόν
806 1829 942 1916 τρόπον.
972 1832 1086 1900 ἐπύνω
1102 1832 1139 1898 δὲ

132 1938 192 1998 τοῦ
206 1936 329 2017 τείχεος
348 1929 438 2018 παρὰ
460 1929 500 2000 τύ
519 1937 637 2017 ἔσχατα
652 1928 812 2018 οίκήματα
832 1930 1032 2017 μουνόκωλα
1051 1935 1140 2001 ἔδει·

10 2083 12 2088 -
133 2059 210 2117 μαν,
226 2035 432 2120 τετραμμένα
443 2036 476 2112 ἐς
486 2031 630 2118 ἄλληλα·
652 2028 689 2099 τό
702 2033 805 2117 μέσον
817 2031 853 2097 δὲ
864 2038 932 2098 τῶν
945 2033 1140 2120 οίκημύτων

133 2135 249 2198 ἔλιπον
267 2137 442 2224 τεθρίππῳ
463 2134 663 2217 περιέλασιν.
694 2128 797 2197 πύλαι
814 2130 850 2198 δὲ
871 2134 1023 2201 ἐνεστᾶσι
1041 2134 1139 2217 πέριξ

132 2240 193 2301 τοῦ
207 2237 330 2317 τείχεος
345 2233 482 2316 ἕκατδν,
502 2230 639 2315 χύλκεαι
655 2236 774 2315 πᾶσαι,
797 2233 852 2298 καί
867 2238 1016 2319 σταθμοί
1025 2260 1061 2301 τε
1080 2240 1138 2302 καὶ

130 2328 310 2416 ὑπέρθυρα
325 2326 492 2408 ὡσαύτως.
516 2334 585 2396 ἔστι
600 2330 637 2395 δὲ
652 2327 735 2415 ύλλη
749 2330 845 2408 πόλις
862 2326 1031 2417 ἀπέχουσα
1046 2329 1137 2401 όκτύ

128 2424 280 2514 ἡμερέων
294 2424 376 2497 ὁδόν
392 2424 457 2497 ύπδ
471 2432 693 2514 Βαβυλῶνος,
707 2422 752 2505 ’Ὶς
774 2426 902 2513 ούυομα
920 2427 1013 2518 αὐτή.
1048 2436 1139 2499 ἔνθα

129 2525 196 2593 ἐστὶ
210 2524 357 2613 ποταμὸς
379 2525 421 2593 ού
437 2528 555 2612 μέγας,
568 2522 615 2603 Ἲς
631 2528 686 2593 καὶ
706 2532 752 2615 τῷ
768 2533 906 2617 ποταμῷ
927 2523 963 2594 τό
991 2526 1135 2615 ούυομα.

128 2624 281 2710 ἐσβάλλει
292 2626 328 2693 δὲ
339 2617 437 2703 ούτος
448 2627 481 2702 ἐς
491 2621 551 2692 τόν
563 2621 748 2711 Εὐφρήτην
759 2621 910 2710 ποταμόν
927 2621 965 2690 τό
977 2626 1135 2713 βέεθρου.

128 2715 226 2801 οὗτος
241 2716 290 2792 οἷν
300 2721 318 2793 ὁ
328 2722 374 2803 Ἲς
387 2721 534 2810 ποταμός
548 2721 617 2808 ἅμα
632 2730 678 2813 τῷ
692 2721 789 2789 ύδοιτι
808 2719 984 2809 θρόμβους
1000 2718 1138 2809 ύσφύλ-

126 2848 188 2888 τον
205 2818 361 2890 ἀναδιδοῖ
371 2818 534 2907 πολλούς,
553 2817 693 2907 έυθενή
716 2820 884 2906 ἄσφαλτος
907 2822 940 2899 ἐς
956 2820 994 2889 τό
1011 2824 1049 2890 ἐν
1062 2832 1138 2891 Βα-

66 2931 116 2985 180
125 2925 254 3004 βνλῶνι
268 2931 373 3005 τεῖχος
388 2923 560 3003 ἐκομίσθη.
618 2925 803 3004 Τετείχιστο
818 2922 881 3005 μέν
897 2947 963 2988 υον
979 2918 1136 3009 ἡΒαβν-

124 3011 195 3083 λύν
208 3013 322 3106 τρόπω
336 3019 470 3105 τοιῷδε,
490 3019 559 3081 ἐστι
579 3015 615 3082 δὲ
636 3014 698 3084 δύο
717 3015 848 3102 φύρσεα
862 3024 920 3105 τῆς
935 3020 1062 3098 πόλιος.
1093 3018 1134 3088 τό

125 3111 190 3197 γὰρ
206 3117 309 3198 μέσον
323 3110 424 3198 αύτής
444 3109 591 3198 ποταμός
607 3116 763 3238 διέργει,
768 3122 813 3206 τῷ
827 3114 958 3203 ούυομα
950 3117 1042 3185 ἐστι
1058 3115 1135 3187 Ev-

127 3209 271 3300 φρήτης,
297 3212 365 3299 ῥέει
388 3213 424 3277 δὲ
447 3213 480 3290 ἐξ
497 3208 741 3299 Ἀρμενίων,’
725 3240 790 3281 εων
810 3217 913 3303 μέγας
940 3220 996 3284 καὶ
1017 3216 1135 3304 βαθύς

126 3310 181 3376 καὶ
200 3306 317 3393 ταχύς·
346 3309 423 3388 ἐξίει
444 3300 544 3376 δέ
501 3335 600 3389 ουτος
618 3314 652 3390 ές
672 3310 734 3399 τήν
752 3311 919 3403 Ἐρυθρὴν
937 3316 1131 3387 θάλασσαν.

123 3404 161 3474 τὸ
176 3432 226 3473 ων
240 3402 281 3492 δή
295 3410 432 3526 τείχος’
414 3406 573 3495 εκύτερον
585 3406 666 3489 τούς
679 3408 832 3497 ύγκωυας
846 3414 929 3494 ἐς
894 3442 955 3484 τον
976 3417 1134 3503 ποταμὸν

122 3504 293 3589 ἐλήλαται
321 3530 358 3572 το
347 3501 448 3574 δὲ’
429 3506 495 3574 απὸ
509 3509 633 3576 τούτου
653 3515 690 3578 αί
707 3514 888 3600 ἐπικαμπαὶ
909 3540 1000 3604 παρα
1020 3531 1132 3605 χεῖλος
