2500 3925
315 244 402 302 ΗΒ.
431 244 502 301 VIII.
536 245 636 300 cAP.
670 248 810 306 33—38.
1003 242 1066 306 239

37 430 140 489 των,
159 410 225 472 είτε
239 402 325 490 σφέα
342 397 426 470 κατά
440 408 501 488 γῆς
515 401 722 489 κατορύξωσι
739 412 803 472 εἴτε
818 406 1016 493 ἐκκομίσωσι
1032 408 1063 483 ἐς

36 504 161 592 ἄλλην
174 504 297 591 χώρην.
319 500 337 572 ὁ
353 503 389 571 δὲ
403 501 487 581 θεός
500 520 606 588 σφεας
620 498 683 571 οάκ
700 507 737 571 ἐα
750 507 893 592 κινέειν,
917 506 984 592 φὰς
999 498 1063 572 αὖ*

38 602 108 683 τός
130 597 246 681 ἱκανός
264 600 348 670 εἶναι
369 607 438 668 τῶν
454 602 583 669 ἑωυτοῦ
602 606 845 687 προκατῆσθαι.
879 604 1009 688 Δελφοί
1025 600 1062 670 δὲ
1222 660 1223 677 ,

34 712 157 774 ταῦτα
172 702 379 781 άκοόσαντες
392 703 507 788 σφέων
518 696 630 768 αὐτῶν
646 703 721 787 πέρι
732 700 938 789 ἐφρόντιζον.
962 706 1061 769 τέκνα
1156 772 1158 780 ,
1222 726 1224 767 ι

36 805 114 890 μέν
131 828 199 871 ννν
213 803 269 870 καὶ
280 813 445 888 γνναίκας
459 803 565 886 πέρην
579 799 612 876 ές
625 795 688 885 τὴν
699 795 846 886 Ἀχαιίην
861 794 1058 922 ἂιέπεμψαρ,

36 900 166 972 αὐτῶν
171 902 216 971 δὲ
227 906 262 971 οί
272 905 335 989 μεν
346 910 494 972 πλεῖστοι
506 896 676 986 ανέβησαν
682 898 715 977 ἐς
722 925 783 968 τον
770 898 1038 988 Παρνησσον
1001 928 1061 981 τας

36 999 207 1089 κορυφάς
222 1002 277 1070 καί
292 998 374 1081 ἐς
337 1028 376 1070 το
393 997 614 1086 Κωρύκιον”
590 1025 716 1086 αντρον
732 997 993 1125 άνηνείκαντο,
980 1026 1011 1071 οι
1004 1004 1059 1071 ’δὲ

38 1105 82 1181 ἐς
87 1100 282 1187 Ἄμφισσαν
295 1127 358 1188 την
374 1104 522 1188 Λοκρίδα
536 1095 739 1185 ὑπεξῆλθον.
769 1099 892 1180 πάντες
907 1100 943 1169 δέ
964 1127 1013 1169 ων
1027 1106 1062 1170 ο

37 1200 182 1286 Δελφοί
198 1196 401 1280 ἐξέλιπον
365 1225 428 1287 την
448 1198 549 1266 πόλιν
568 1193 659 1281 πλὴν
679 1194 839 1283 ἑξήκοντα
853 1195 989 1286 άνόρῶν
1002 1200 1058 1267 καί

37 1305 111 1367 τοῦ
124 1298 313 1386 προφήτεω.
333 1295 420 1365 Ἐπεὶ
430 1293 505 1416 βὲ’
485 1301 590 1383 αγχοῦ
604 1321 639 1363 τε
653 1287 787 1383 ἦσανοί
799 1296 965 1388 βάρβαροι
982 1301 1055 1368 ἐπι-
1072 1316 1104 1377 32

41 1398 146 1476 όντες
161 1393 253 1464 καί’
206 1394 390 1516 απάρεον
404 1422 441 1463 το
430 1392 556 1515 ίρόν,
578 1396 616 1463 ἐν
635 1392 777 1487 τούτωὸ
790 1399 988 1518 προφήτης,
1012 1427 1057 1491 τφ

45 1494 180 1581 οὕνομα
197 1484 242 1581 ἦν
261 1490 493 1583 Ἆκήρατος,’
478 1500 542 1612 ρρᾷ
561 1488 627 1580 πρό
643 1499 705 1560 τοῦ
718 1501 804 1580 νηοῦ
819 1494 907 1565 ὅπλα
920 1470 1058 1617 προκεί-

42 1617 135 1712 μενα
147 1597 278 1661 ἔσωθεν
288 1594 325 1660 ἐκ
336 1598 398 1660 τοῦ
402 1591 559 1713 μεγάρου
571 1591 824 1677 ἐξενηνειγμένα
835 1591 903 1680 ίρά,
914 1620 983 1663 των
993 1592 1056 1663 οὐκ

44 1690 148 1759 οοιον
158 1717 203 1778 ην
213 1688 380 1759 απτεσθαι
392 1686 589 1778 ανθρωπων
601 1686 725 1758 ονόενι.
749 1686 1056 1780 ὁμὲνδὴηεεΔελ·

46 1797 127 1879 φῶν
142 1802 227 1857 τοῖσι
242 1795 406 1876 παρεοῦσι
422 1791 600 1876 σημανέων
616 1785 654 1857 τό
671 1792 778 1876 τέρας,
795 1796 829 1859 οἱ
838 1790 874 1858 όέ
888 1789 1055 1880 βάρβαροι

45 1885 163 1977 ἐπειδὴ
180 1890 331 1975 ἐγίνοντο
347 1883 658 1976 ἐπειγόμενοικατόι
673 1885 710 1954 τό
728 1885 804 1974 ίρόν
818 1894 875 1976 τῆς
885 1895 1056 1978 Προνηίης

40 1988 243 2074 ’ίίθηναίης,
258 1988 442 2079 ἐπιγίνεταί
448 2007 509 2074 σφι
525 1994 622 2075 τέρεα
638 1993 685 2056 ἐτι
697 1992 816 2074 μέζονα
830 1996 892 2056 τοῦ
907 1991 987 2076 πρὶν
998 2015 1053 2075 γε·

46 2090 196 2175 νομένου
212 2088 351 2171 τέρεος·
385 2090 484 2174 θῶμα
508 2083 650 2174 μὲνγὰρ
670 2089 725 2166 καί
742 2093 841 2155 τοῦτο
856 2085 962 2176 κάρτα
975 2089 1054 2175 ἐστὶ,

47 2189 136 2258 ὅπλα
147 2185 247 2275 ἀρήια
259 2185 429 2276 αὐτόματα
436 2194 585 2275 φανῆναι
592 2190 655 2267 ἐξω
665 2192 868 2275 προκείμενα
879 2193 940 2255 τοῦ
951 2191 1054 2273 νηοῦ·

46 2286 89 2356 τά
104 2289 141 2357 δὲ
151 2284 192 2375 δὴ
208 2289 261 2356 ἐπὶ
275 2287 383 2377 τούτῳ
397 2287 537 2374 όεότερα
551 2286 772 2373 ἐπιγενόμενα
783 2289 838 2354 καί
850 2283 905 2355 διὰ
916 2286 1054 2354 πάντων

49 2387 236 2514 φασμάτων
257 2385 332 2468 άξια
363 2383 521 2470 θωμάσαι
551 2386 702 2504 μριίιστα.
733 2388 802 2455 ἐπεί
822 2383 888 2472 γάρ
910 2380 988 2473 δη
965 2407 1054 2474 ησαν

51 2487 199 2564 ἐπιόντες
216 2490 249 2553 οί
262 2485 428 2575 βάρβαροι
448 2483 532 2554 κατά
548 2512 586 2552 το
575 2483 732 2570 ίρόν
692 2511 751 2602 της
763 2491 934 2574 Προνηίης
951 2485 1054 2606 Ἀθη-
1105 2563 1108 2568 ,

50 2585 200 2672 ναίης,’
183 2608 221 2650 εν
234 2582 342 2672 τούτῳ
356 2585 447 2652 ἐκ
412 2609 475 2670 μεν
494 2590 556 2651 τοῦ
576 2579 727 2669 οὐρανοῦ
748 2584 907 2670 κεραυνοί
925 2580 1054 2652 αὐτοῖσι

51 2679 318 2768 ἐνέπιπτον,άπο
309 2680 367 2754 δε
375 2712 435 2753 του
425 2680 652 2772 Παρνησσοῦ
662 2677 901 2802 ἀπορραγεῖσαι
918 2682 980 2750 όόο
995 2709 1055 2751 κο-
1160 2755 1179 2773 „

52 2783 156 2870 ρνφαί
167 2779 328 2867 ἐφέροντο
340 2784 453 2870 πολλῷ
464 2778 601 2870 πατάγφ
616 2777 707 2858 ἐς’
665 2776 789 2859 αντοός
802 2782 858 2848 καί
869 2783 1051 2867 κατέλαβον

53 2876 193 2968 σοχνοός
207 2897 339 2965 σφεων,
356 2879 393 2946 ἐκ
408 2879 444 2946 δὲ
458 2884 520 2947 τοῦ
534 2882 610 2965 ίροῦ
621 2885 679 2966 τῆς
688 2885 860 2968 Προνηίης
871 2878 935 2968 βοή
949 2907 984 2948 τε
999 2883 1054 2950 καί

53 2973 238 3065 ἀλαλαγμός
258 2980 394 3062 ἐγένετο.
433 2976 679 3065 Σνμμιγὲντων
703 2980 739 3047 δὲ
760 2977 890 3048 τούτων
914 2980 1052 3049 πάντων
1066 2997 1102 3053 38

55 3075 155 3163 φόβος
178 3088 264 3143 τοῖσι
285 3075 487 3164 βαρβάροισι
507 3076 740 3145 ἐνεπεπτώκεε.
774 3077 942 3164 μαθόντες
966 3081 1002 3147 δὲ
1022 3082 1058 3148 οί

56 3175 179 3258 Δελφοί
204 3172 392 3293 φεύγοντάς
415 3196 537 3262 σφεας,
569 3174 827 3264 ἐπικαταβάντες
854 3173 1055 3247 ἀπέκτειναν

57 3271 180 3360 πληθός
194 3299 225 3338 τι
241 3268 362 3343 αὐτῶν
396 3278 430 3343 ol
442 3277 479 3344 δέ
494 3275 684 3362 περιεόντες
699 3273 760 3344 ίθό
778 3281 936 3344 Βοιωτῶν
953 3281 1057 3363 ἐφευ-

58 3398 123 3459 γον
145 3375 261 3457 ἔλεγον
276 3372 312 3440 δέ
322 3372 389 3443 οί’
369 3375 669 3498 απονοστήσριντες
672 3367 766 3446 οὗτοι
780 3384 849 3445 τῶι
859 3377 1052 3468 βαρβάρων,

61 3466 101 3547 ὡς
115 3465 174 3555 ἐγω
187 3468 328 3538 πννθάι
322 3497 426 3561 ομαι,
448 3470 491 3554 ὡς
508 3473 592 3564 πρός
606 3474 755 3546 τοάτοισι
776 3479 831 3546 καί
846 3474 972 3546 &inoffi
945 3503 1053 3561 ωρεον
