2500 3925
355 253 440 333 ιιε.
472 278 495 335 1.
527 278 625 336 σεε.
657 281 833 339 νοτ-ειν.
1035 271 1095 338 111

96 438 259 522 προτέρην
272 434 430 523 γνύμην,
451 434 513 523 τὴν
529 442 679 524 Κροίσου
697 435 733 504 δέ
750 433 922 523 ἑλόμενος,
945 436 1096 525 προηγό-

97 558 169 614 ρευε
188 535 320 622 Τομύρι
341 537 581 622 ἐξαναχωρέειν
594 532 639 614 ὡς
660 533 766 604 αὐτοῦ
780 536 1026 624 διαβησομένου
1040 532 1092 604 ἐπ’

97 634 233 720 ἐκείνην.
266 631 289 721 ἡ
313 635 377 721 μὲν
402 631 442 721 δὴ
465 634 664 722 ἐξανεχώρεε
685 631 766 702 κατὰ
791 630 950 720 ὑπέσχετο
970 640 1095 720 πρῶτα.

97 738 205 818 Κῦρος
220 733 257 800 δὲ
270 740 419 816 Κροῖσον
433 737 466 813 ἐς
480 729 538 813 τάς
551 748 662 821 χεῖρας
676 735 786 813 ἐσθεὶς
799 740 845 825 τῷ
860 736 988 802 ἑωυτοῦ
1002 733 1095 800 παιδί

99 827 276 918 Καμβύσῃ,
298 834 412 918 τῷπερ
429 828 493 919 τὴν
504 838 684 919 βασιληίην
699 833 828 918 ἐδίδου,
848 827 1024 900 καὶπολλὰ
1040 833 1095 900 ἐν·

95 925 287 1012 τειλάμενός
303 932 338 996 οἱ
347 935 449 1014 τιμᾶν
461 954 498 997 τε
514 925 620 997 αύτδν
634 929 690 996 καὶ
706 921 745 996 εὖ
759 930 902 1015 ποιέειν,
924 924 968 1017 ἢν
983 924 1004 1016 ἡ
1020 928 1096 997 διά·

93 1023 219 1114 βασιςὴ
231 1026 285 1094 ἐπὶ
294 1028 517 1114 Μασσαγέτας
526 1022 572 1113 μὴ
583 1022 738 1116 ὀρθωθῇ,
752 1035 856 1098 ταῦτα
866 1027 1096 1114 ἐντειλάμενος

92 1127 146 1192 καί
169 1122 367 1204 ἀποστείλας
379 1127 521 1204 τούτους
545 1127 578 1204 ἐς
591 1126 725 1212 Πέρσας
739 1122 839 1209 αύτδς
864 1131 1010 1216 διέβαινε
1034 1124 1095 1196 τὸν

91 1220 244 1309 ποταμὸν
264 1218 320 1292 καὶ
344 1220 363 1291 ὁ
385 1220 524 1311 στρατὸς
540 1221 656 1293 αὐτοῦ.
706 1221 832 1296 Ἐπείτε
851 1225 887 1295 δέ
904 1227 1095 1314 ἐπεραιώθη
1112 1257 1163 1314 ‘209

92 1319 151 1390 τδν
168 1319 324 1411 Ἀράξην,
347 1320 470 1402 νυκτὸς
491 1321 701 1410 ἐπελθούσης
723 1322 789 1392 εἶδε
808 1322 904 1413 ὄψιν,
927 1324 1039 1395 εὕδων
1059 1329 1095 1396 ἐν

91 1428 160 1488 τῶν
181 1422 433 1508 Μασσαγετέων
452 1429 493 1512 τῇ
513 1421 621 1511 χάρη,
643 1419 792 1510 τοιήνδε·
815 1422 927 1492 ἐδόκεε
947 1421 965 1493 ὁ
983 1431 1097 1510 Κῦρος

93 1524 128 1590 έν
151 1526 199 1613 τῷ
214 1519 312 1610 ὕπνῳ
329 1518 414 1606 δρᾶν
433 1528 501 1588 τῶν
512 1519 711 1601 Ὑστάσπεος
725 1525 854 1590 παίδων
871 1519 931 1591 τὸν
947 1522 1097 1612 πρεσβύ-

92 1646 192 1687 τατον
217 1625 333 1706 ἔχοντα
348 1621 489 1688 ἐπὶτῶν
510 1619 610 1707 ὤμων
632 1623 814 1708 πτέρυγας,
836 1621 1036 1690 καὶτούτων
1055 1626 1096 1709 τῇ

92 1723 154 1805 μὲν
170 1716 234 1806 τὴν
245 1717 372 1805 Ἀσίην,
388 1725 428 1809 τῇ
443 1721 480 1787 δέ
495 1716 558 1806 τὴν
568 1717 739 1806 Εύρύπην
751 1720 960 1800 ἐπισκιάζειν.
978 1717 1095 1788 Ὑστά-

94 1837 171 1890 σπεί
182 1821 220 1888 δέ
234 1825 280 1908 τῷ
293 1816 488 1905 Ἀρσάμεος,
506 1818 597 1889 έύντι
611 1816 709 1905 ἀνδρί
722 1817 945 1909 Ἀχαιμενίδῃ,
969 1811 1013 1906 ἦν
1027 1825 1095 1886 τῶν

93 1924 224 1991 παίδων
234 1928 378 2005 Δαρεῖος
387 1916 630 2006 πρεσβύτατος,
643 1916 708 1987 έδν
719 1918 792 1989 τότε
803 1915 936 2008 ἡλικίην
947 1919 980 1997 ἐς
992 1922 1098 1986 είκοσί

92 2046 155 2090 κου
171 2016 314 2104 μάλιστα
328 2021 419 2101 ἔτεα,
446 2018 502 2084 καί
517 2008 614 2093 οὗτος
631 2021 859 2087 κατελέλειπτο
878 2020 915 2085 έν
930 2019 1095 2107 Πέρσησι·

92 2115 135 2186 ού
147 2113 215 2203 γάρ
233 2112 299 2201 εἶχέ
310 2138 359 2182 κω
378 2110 513 2203 ἡλικίην
526 2115 779 2203 στρατεύεσθαι.
811 2118 881 2185 ἐπεί
902 2109 951 2185 δν
967 2114 1007 2203 δὴ
1023 2120 1098 2203 ἐξη-

91 2219 200 2303 γέρθη
216 2210 235 2282 ὁ
251 2219 375 2299 Κῦρος,
392 2215 504 2282 ἐδίδου
518 2213 622 2299 λόγον
637 2217 748 2305 ἑωυτῷ
762 2214 908 2302 περὶτῆς
924 2213 1027 2297 ὄψιος.
1054 2210 1097 2293 ὥς

91 2316 129 2382 δέ
152 2317 187 2379 σί
212 2308 324 2378 ἐδόκεε
347 2309 474 2397 μεγάλη
496 2309 581 2379 εἶναι
603 2306 624 2398 ἡ
646 2309 737 2397 ὄψις,
766 2314 906 2392 καλέσας
915 2310 1096 2381 Ὑστάσπεα

88 2414 146 2482 καί
168 2405 351 2497 ἀπολαβων
370 2415 501 2495 μοῦνον
520 2407 606 2478 είπε·
630 2407 826 2499 Ὕστασπες,
852 2425 928 2491 παίς
945 2410 1003 2491 σὸς
1025 2415 1095 2479 ἐπι-

88 2507 271 2600 βουλεύων
285 2508 360 2593 έμοί
371 2532 407 2576 τε
420 2510 476 2577 καί
489 2514 530 2596 τῇ
543 2512 605 2596 ἐμῇ
620 2504 704 2597 ἀρχῇ
720 2509 860 2578 ἑάλωκε·
888 2506 931 2588 ὡς
949 2512 984 2577 δέ
999 2505 1098 2592 ἀτρε-

88 2614 176 2691 κέως
202 2616 307 2679 ταῦτα
331 2605 422 2694 οἶδα,
447 2604 513 2695 ἐγω
534 2608 698 2695 σημανέω.
731 2610 811 2694 ἐμεῦ
833 2611 909 2677 θεοί
928 2607 1097 2696 κήδονται,

88 2716 150 2780 καί
161 2735 221 2797 μοι
240 2704 349 2776 πάντα
362 2706 624 2796 προδεικνύουσι
644 2703 684 2774 τά
700 2706 941 2795 ἐπιφερόμενα·
963 2704 1026 2795 ἤδη
1050 2697 1098 2771 δν

89 2813 126 2877 έν
146 2814 189 2898 τῇ
202 2807 428 2895 παροιχομένῃ
443 2805 540 2872 νυκτί
555 2802 667 2873 εὕδων
689 2802 778 2873 εἶδον
797 2811 864 2871 τοῖν
882 2810 951 2889 σῶν
968 2807 1098 2872 παίδων

87 2905 151 2975 τὸν
172 2905 406 2995 πρεσβύτατον
427 2909 545 2992 ἔχοντα
564 2905 701 2972 ἐπὶτῶν
718 2900 818 2989 ύμων
835 2904 1015 2991 πτέρυγας,
1042 2902 1098 2968 καί

88 3009 223 3079 τούτων
236 3013 277 3096 τῇ
291 3008 354 3092 μὲν
367 3001 430 3093 τὴν
439 3001 568 3091 Ἀσίην,
584 3010 627 3093 τῇ
635 3004 672 3072 δέ
685 3000 747 3092 τὴν
760 3000 931 3090 Εύρύπην
946 2999 1098 3069 ἐπισκιά-

89 3114 169 3189 ζειν.
200 3102 263 3173 οὐκ
276 3096 325 3173 οἶν
338 3108 407 3173 ἐστι
417 3100 546 3191 μηχανὴ
559 3099 624 3171 άπό
639 3109 697 3189 τῆς
711 3100 807 3184 ὄψιος
821 3100 942 3189 ταύτης
959 3096 1098 3184 οὐδεμία

88 3203 127 3273 τὸ
153 3201 197 3292 μὴ
222 3206 351 3272 ἐκείνου
372 3201 605 3292 ἐπιβουλεύειν
625 3203 706 3286 ἐμοί.
736 3197 779 3267 σύ
795 3205 912 3267 τοίνυν
929 3193 990 3285 τὴν
1006 3202 1098 3283 ταχί-

90 3326 176 3393 στην
189 3302 335 3388 πορεύεο
350 3298 455 3372 ὀπίσω
470 3304 503 3381 ές
518 3302 666 3388 Πέρσας,
684 3301 739 3368 καί
753 3305 861 3385 ποίεε,
876 3295 980 3384 ὅπως,
996 3292 1096 3365 ἐπεὰν

90 3398 159 3487 ἐγώ
174 3399 254 3469 τάδε
268 3399 578 3487 καταστρεψάμενος
593 3405 684 3467 ἔλθω
699 3400 782 3484 ἐκεῖ,
805 3393 849 3476 ὥς
864 3422 920 3483 μοι
934 3394 1094 3483 καταστή-

92 3493 344 3580 σειςτὸνπατδα
365 3501 397 3580 ἐς
411 3506 554 3587 ἔλεγχον.
600 3504 712 3587 Κύρος
734 3498 795 3583 μέν
810 3496 937 3567 δοκέων
950 3495 1098 3581 Δαρεῖόν
1115 3510 1167 3565 210
