2500 3925
362 258 450 315 ΗΒ.
481 258 526 313 111.
561 257 661 313 CAP.
694 262 801 317 5-9.
1020 254 1081 323 215

98 432 289 517 βουλομένων
311 430 352 500 τά
380 431 478 501 πιστά
501 432 675 502 ποιέεσθαι
698 430 797 513 ἄλλος
819 431 907 522 άνήρ
931 432 1077 523 άμφοτέ·

99 556 153 617 ρωυ
174 530 284 601 αὐτῶν
311 536 347 601 έν
376 536 467 626 μέσῳ
495 532 615 614 έστεοδς
646 541 732 627 λίθῳ
760 532 830 617 ὀξέι·
857 534 894 602 τδ
923 540 987 604 ἔσω
1012 540 1080 605 τῶν

95 637 194 719 χειράν
210 631 299 721 παρά
317 633 396 715 τούς
420 634 609 715 δακτύλους
625 633 705 715 τούς
728 634 895 723 μεγάλους
914 633 1081 725 ἐπιτάμνει

95 730 139 797 καλ
159 737 279 803 ἔπειτεν
302 734 416 822 λαβῦν
440 737 476 803 έκ
498 741 559 804 τοῦ
584 741 717 824 ἱματίου
745 737 902 825 ἑκατέρου
933 736 1082 825 κροκύδα

96 828 202 919 άλείῳει
226 840 275 926 τῷ
303 840 414 923 αἵματι
446 838 482 905 έν
507 838 598 929 μέσῳ
631 836 803 925 κειμένους
838 844 958 917 λίθους
993 836 1083 925 ἑπτά,

95 935 233 1011 τοῦτοδὲ
257 938 379 1005 ποιέων
412 940 575 1007 ἐπικαλέει
596 936 656 1006 τόν
678 965 713 1007 τε
737 936 910 1007 Διόνυσον
938 938 993 1007 καλ
1022 937 1083 1027 τήν

96 1030 260 1123 Οὐρανίην.
314 1040 560 1118 ἐπιτελέσαντος
596 1038 634 1106 δὲ
668 1037 790 1107 τούτου
831 1043 937 1107 ταῦτα
972 1035 989 1108 ὁ
1024 1036 1084 1119 τάς

92 1140 179 1215 πίστις
191 1137 412 1225 ποιησάμενος
425 1154 510 1207 τοῖσι
524 1147 650 1226 φίλοισι
663 1142 890 1228 παρεγγυάτω
899 1139 958 1207 τδν
973 1144 1083 1221 ξεῖνον

91 1227 167 1317 ήκαὶ
182 1238 243 1306 τδν
260 1236 382 1325 άστδν,
406 1235 449 1326 ήν
467 1240 552 1328 πρὸς
570 1236 674 1308 άστδν
691 1240 858 1327 ποιέηται,
884 1244 919 1309 ολ
935 1240 972 1309 δέ
990 1246 1082 1326 ’φίλοι

90 1335 135 1400 καλ
157 1336 251 1406 αὐτοὶ
277 1339 336 1419 τάς
363 1347 471 1420 πίστις
498 1345 661 1409 δικαιεῦσι
691 1341 858 1428 σέβεσθαι.
908 1339 1081 1411 Διόνυσον

90 1434 120 1501 δέ
140 1444 228 1506 θεῶν
252 1446 382 1527 μοῦνον
414 1441 469 1508 καλ
501 1439 564 1528 τήν
593 1438 770 1529 Οὐρανίην
801 1437 956 1527 ἡγέονται
983 1439 1080 1526 εἶναι,

89 1537 134 1602 καλ
154 1566 219 1607 τιιν
242 1547 365 1629 τριχῶν
388 1541 450 1629 τήν
473 1540 603 1630 κουρήν
626 1546 805 1630 κείρεσθαί
824 1562 908 1629 φασι
933 1539 1081 1630 κατάπερ

89 1635 179 1704 αὐτὸν
200 1635 261 1706 τδν
275 1638 450 1705 Διόνυσον
471 1639 654 1723 κεκάρθαι·
677 1642 844 1722 κείρονται
867 1638 903 1705 δὲ
920 1637 1078 1724 περιτρά-

90 1739 174 1823 χαλα,
193 1742 448 1823 περιξυρεῦντες
466 1732 547 1815 τούς
566 1734 767 1821 κροτάφους.
797 1732 1023 1821 οὐνομάζονσι
1040 1736 1077 1803 δὲ

91 1832 138 1901 τδυ
157 1840 215 1922 μὲν
229 1834 405 1904 Διόνυσον
423 1831 577 1921 Ὀροτάλ,
600 1832 661 1920 τήν
685 1838 722 1902 δέ
744 1832 919 1921 Οὐρανίην
935 1833 1075 1903 Ἀλιλάτ.

88 1928 160 2002 Ἐπεὶ
183 1926 229 2002 ύν
252 1931 314 2022 τήν
336 1940 447 2003 πίστιν
470 1948 555 2034 τοῖσι
575 1930 744 2020 ἀγγέλοισι
767 1947 853 2002 τοῖσι
876 1931 965 2019 παρὰ
982 1940 1077 2020 Καμ-
1095 1937 1111 1992 9

91 2033 186 2102 βάσεω
206 2031 417 2119 άπιγμένοισι
445 2031 621 2118 ἐποιήσατο
651 2024 859 2120 δἈράβιος,
892 2035 1077 2120 ἐμηχανᾶτο

92 2133 199 2199 τοιάδε·
221 2130 347 2211 άσκοδς
361 2133 520 2220 καμήλων
531 2131 658 2218 πλήσας
670 2130 792 2210 ῦδατος
806 2131 941 2212 ἐπέσαξε
955 2131 1008 2198 έπλ
1019 2127 1078 2208 τάς

91 2230 161 2310 ζωὰς
179 2239 244 2299 τῶν
265 2230 425 2319 καμήλων
445 2234 569 2313 πάσας,
590 2238 690 2298 τοῦτο
712 2232 747 2298 δὲ
763 2230 904 2319 ποιήσας
920 2225 1024 2316 ήλασε
1044 2229 1077 2304 ές

90 2324 294 2416 τήνάνυδρον
304 2333 361 2398 καλ
374 2327 520 2416 ὑπέμενε
536 2331 686 2398 ἐνθαῦτα
697 2326 757 2398 τὸν
768 2329 958 2417 Καμβύσεω
973 2347 1076 2414 στρα-

89 2426 147 2494 τόν.
168 2421 261 2508 οὗτος
278 2431 341 2515 μὲν
362 2425 380 2498 ὁ
396 2429 628 2515 πιθανώτερος
644 2435 713 2496 τῶν
729 2427 841 2515 λόγων
861 2437 1004 2514 εἴρηται,
1025 2427 1078 2490 δεῖ

90 2526 120 2592 δὲ
133 2531 181 2596 καὶ
193 2527 252 2596 τδν
267 2531 368 2596 ἕσσον
384 2526 552 2614 πιθανὸν,
569 2530 643 2596 ἐπεί
653 2553 690 2613 γε
707 2525 746 2613 δή
763 2532 901 2614 λέγεται,
916 2527 1072 2614 ῥηθῆναι.

90 2627 217 2713 ποταμός
236 2630 305 2696 έστι
326 2630 429 2715 μέγας
445 2631 483 2696 έν
502 2637 542 2717 τῇ
559 2625 711 2716 Ἀραβίη,
734 2635 780 2718 τῳ
798 2627 926 2714 οῦυομα
948 2623 1072 2710 Κόρυς,

90 2724 199 2794 ἐκδιδοῖ
209 2726 245 2794 δὲ
257 2720 356 2807 οῦτος
367 2729 400 2806 ές
409 2725 471 2814 τήν
484 2723 652 2813 Ἐρυθρὴν
667 2729 872 2813 καλεομένην
885 2723 1072 2793 θάλασσαν.

91 2817 143 2888 άπὸ
156 2823 274 2892 τούτου
285 2821 325 2912 δή
342 2817 391 2891 ὦν
405 2832 466 2892 τοῦ
479 2831 632 2910 ποταμοῦ
646 2827 774 2909 λέγεται
789 2821 995 2908 τὸνβασιλέα
1007 2825 1074 2886 τῶν

90 2913 230 3007 Ἀραβίων
244 2922 442 3010 ῥαψάμενον
456 2929 524 2990 τῶν
539 2919 718 3009 ὠμοβοέων
728 2915 784 2988 καλ
794 2927 862 2986 τῶν
874 2916 985 2986 άλλων
996 2920 1074 3002 δερ-

92 3017 186 3099 μάτων
200 3016 316 3105 ὐχετόν
330 3021 432 3108 μήκεί
442 3021 678 3107 ἐξικνεύμενον
690 3022 722 3098 ές
732 3017 794 3107 τήν
806 3018 972 3103 άνυδρου,
990 3011 1074 3100 άγα-

91 3128 148 3196 γεῖν
160 3112 211 3184 διά
228 3114 268 3202 δή
286 3117 410 3185 τούτου
424 3115 462 3185 τὸ
477 3115 589 3203 ὕδωρ,
612 3121 650 3185 έν
671 3117 706 3186 δὲ
721 3123 761 3206 τῇ
775 3115 912 3204 ἀνύδρῳ
929 3111 1074 3198 μεγάλας

91 3213 251 3300 λδξοιμενάς
270 3212 476 3303 ὀρύξασθαι,
497 3219 554 3283 ἵνα
572 3216 748 3302 δεκόμεναι
769 3213 806 3282 τὸ
822 3211 915 3297 ὕδωρ
933 3207 1070 3290 σώζωσι.

90 3302 152 3390 δδδς
164 3310 194 3382 δ’
209 3316 278 3383 έστλ
293 3314 446 3384 δυώδεκα
460 3312 613 3402 ήμερέιιν
626 3311 694 3382 άπδ
709 3321 770 3380 τοῦ
780 3317 933 3398 ποταμοῦ
947 3310 980 3388 ές
990 3309 1073 3375 ταύ-

88 3433 136 3494 την
156 3411 215 3500 τήν
238 3409 399 3504 ἄνυδρον.
436 3409 532 3500 ἄγειν
559 3416 599 3480 δέ
619 3441 676 3500 μιν
700 3411 753 3480 διά
777 3409 903 3497 ὀχετῶν
928 3417 961 3494 ές
984 3419 1075 3503 τριξα

84 3519 178 3597 χωρία.
