2500 3925
376 205 461 260 LIB.
497 205 542 260 VI.
577 202 678 260 GAP.
709 208 852 265 24-30.
1079 202 1121 269 Π

114 369 229 452 ἔβαλε,
249 365 303 432 ἐπὶ
319 365 356 432 δέ
368 369 409 452 τῇ
425 367 593 450 ναυμαχίῃ
607 363 781 448 ἐπεγένετο
793 361 943 444 Ἱστιαῖος
955 371 1121 454 Λεσβίους

113 461 221 550 ἀγωυ·
237 463 481 548 κεκακωμένων
496 461 533 527 δέ
549 466 618 528 τῶν
631 467 742 546 Χίων,
763 463 999 552 καταστροφήν
1020 464 1121 534 εύπε·

113 563 193 639 τέως
207 555 321 628 αύτιόυ
333 557 521 646 ἐποιήσατο.
560 555 741 628 Ἑνδεύτεν
755 561 793 628 δέ
808 557 988 642 δἹστιαιος
1001 566 1121 651 έστρα-
1135 578 1170 633 ²⁸

113 660 226 729 τεύετο
239 655 518 744 ἐπλΘάσονάγων
527 654 874 728 ἸύνωνκαλΑίολέων
885 661 1040 748 συχνούς.
1060 685 1122 730 πε-

114 762 322 852 ρικατημένῳ
341 760 381 827 δέ
398 763 432 826 οί
447 757 562 828 Θάσον
578 751 666 844 ἦλθε
682 755 836 847 ἀγγελίη,
859 757 905 840 ὡς
921 764 955 830 οί
967 767 1123 840 Φοίνικες

113 859 331 930 ἀναπλώουσι
345 861 382 926 ἐκ
396 863 455 943 τῆς
465 857 623 945 Μιλήτου
635 859 688 926 έπλ
701 855 765 944 τήν
775 856 881 945 ἀλλην
890 857 1029 947 Ἰωνίην.
1055 885 1122 928 πυ-

114 960 261 1047 θόμενος
277 957 314 1026 δλ
331 962 436 1026 ταῦτα
450 955 566 1026 Θάσον
580 954 644 1042 μὲν
663 953 861 1043 ἀπόρθητον
877 964 1000 1046 λείπει,
1020 955 1122 1037 αὐτὸς

112 1060 150 1126 δὲ
161 1061 194 1136 ἐς
203 1053 267 1143 τήν
275 1058 409 1144 Λέσβον
421 1050 575 1141 ἠπείγετο
587 1051 682 1139 ἀγων
694 1061 807 1122 πᾶσαν
816 1053 879 1142 τήν
893 1055 1061 1144 στρατιήν.
1085 1060 1122 1123 ἐκ

117 1156 246 1241 Λέσβου
262 1152 299 1222 δδ
314 1152 535 1239 λιμαινούσης
549 1155 584 1221 οί
595 1159 654 1239 τῆς
668 1161 822 1241 στρατιῆς
835 1157 942 1241 πέρην
951 1157 1124 1241 διαβαίνει,

113 1259 150 1327 ἐκ
164 1261 227 1323 τοῦ
237 1251 410 1340 Ἀταρνέος
426 1249 471 1331 ὡς
486 1249 626 1339 ἀμήσων
641 1249 702 1318 τόν
716 1267 827 1339 σῖτον,
842 1253 903 1322 τόν
913 1279 948 1321 τε
959 1257 1122 1321 ἐνθεῦτεν

113 1355 169 1422 καὶ
184 1349 245 1420 τὸν
259 1355 296 1419 ἐκ
310 1357 442 1420 Καΐκου
455 1355 592 1437 πεδίου,
611 1348 673 1418 τόν
684 1358 753 1418 τῶν
762 1358 906 1420 Μυσῶν.
935 1355 973 1420 ἐν
988 1351 1024 1420 δέ
1040 1350 1122 1419 τού·

112 1472 199 1523 τοισι
209 1465 292 1520 τοῖσι
305 1457 455 1538 χωρίοισι
467 1447 703 1535 ἐτύγχαυεέύυ
712 1448 1121 1539 ἈρπαγοςάνήρΠέρσῃς,

63 1565 67 1571 “
113 1547 297 1643 στρατηγός
314 1555 469 1635 στρατιῆς
483 1543 547 1616 ούκ
561 1543 693 1635 ὀλίγης,
709 1547 747 1628 ὅς
762 1554 796 1616 οί
810 1546 976 1636 ἀποβάντι
990 1556 1122 1636 συμβα-

113 1651 184 1722 λοδν
197 1648 303 1718 αὐτόν
317 1675 353 1718 τε
360 1647 514 1719 Ἱστιαῖον
526 1656 648 1739 ζωγρίῃ
659 1657 757 1738 ἔλαβε
768 1654 823 1720 καλ
833 1650 893 1719 τὸν
905 1648 1049 1740 στρατόν
1059 1648 1123 1719 αύ-

114 1761 174 1824 τοῦ
188 1751 250 1822 τδν
265 1757 355 1822 πλέω
372 1755 555 1840 διέφθειρε.
588 1750 780 1841 Ἐζωγρήθη
796 1754 833 1822 δέ
847 1751 1027 1831 ὁἹστιαῖος
1039 1744 1121 1819 ὦδε
1136 1764 1172 1820 29

113 1853 158 1933 ὡς
169 1852 330 1940 ἐμάχοντο
343 1857 377 1920 οί
383 1849 541 1938 Ἕλληνες
550 1865 637 1920 τοῖσι
646 1855 797 1941 Πέρσησι
808 1855 846 1920 ἐν
856 1858 896 1941 τῇ
907 1850 1055 1940 Μαλήνῃ
1066 1855 1124 1935 τῆς

111 1945 348 2038 Ἀταρνείτιδος
358 1947 484 2037 χαίρῃς,
501 1952 536 2018 ολ
544 1951 607 2035 μὲν
619 1952 828 2019 συνέστασαν
838 1949 964 2038 χρόνον
975 1950 1028 2017 ἐπὶ
1039 1955 1124 2016 πολ-

114 2050 193 2138 λὸν,
210 2049 232 2138 ἡ
248 2050 284 2119 δὲ
297 2054 399 2129 ἵππος
413 2048 556 2137 ὕστερον
570 2048 759 2138 ὁρμηθεῖσα
774 2055 941 2121 ἐπιπίπτει
954 2063 1039 2118 τοῖσι
1046 2046 1124 2117 Ἕλ-

117 2160 206 2238 λησι·
234 2149 322 2220 τότε
337 2147 378 2235 δή
397 2155 497 2238 ἔργον
517 2157 575 2237 τῆς
589 2154 697 2219 ἵππου
711 2158 810 2220 τοῦτο
825 2153 973 2237 ἐγένετο,
995 2152 1051 2217 καὶ
1069 2175 1130 2217 ts-

114 2247 564 2339 τραμμενωντιᾶνἙλλήυων
576 2246 593 2318 ὁ
604 2248 755 2330 Ἱστιαῖος
762 2254 902 2330 ἐλπίζων
912 2245 976 2317 οάκ
982 2246 1123 2318 ἀπολέε-

112 2359 197 2417 σθαι
217 2345 284 2415 ύτιό
303 2351 455 2434 βασιλέος
470 2350 525 2417 διὰ
544 2346 607 2435 τήν
621 2357 815 2436 παρεοῦσαν
833 2347 1009 2438 ἁμαρτάδα
1024 2358 1124 2435 φιλο-

117 2452 238 2532 ψυχίην
248 2446 382 2533 τοιήνδε
393 2445 469 2517 τινά
481 2444 688 2534 ἀναιρέεται·
709 2445 753 2526 ὡς
763 2448 902 2534 φεύγων
912 2473 948 2515 τε
959 2456 1124 2532 κατελαμ

115 2544 236 2634 βάνετο
256 2541 316 2611 ὑπ’
343 2542 468 2632 ἀνδρός
482 2548 621 2633 Πέρσεω
645 2546 702 2614 καλ
722 2542 767 2623 ὡς
785 2544 1042 2633 καταιρεόμενος
1061 2542 1121 2612 ὑπ’

114 2640 223 2711 αὐτοῦ
236 2646 351 2728 ἔμελλε
362 2642 710 2731 συγκεντηθήσεσθαι,
721 2646 870 2727 Περσίδα
879 2649 1035 2730 γλῶσσαν
1046 2667 1124 2729 μετ-

115 2745 162 2821 εὶς
178 2742 385 2828 καταμηνύει
402 2738 548 2829 ἑαυτὸν,
566 2738 612 2821 ὡς
626 2750 677 2827 εἴη
687 2737 837 2819 Ἱστιαῖος
847 2737 865 2808 ὁ
877 2740 1054 2829 Μιλήσιος.
1080 2744 1124 2807 Ee
1138 2757 1173 2810 30

115 2842 177 2927 μέν
190 2866 274 2928 νυν,
290 2837 335 2919 όις
349 2840 541 2929 ἐζωγρήθη,
557 2838 690 2928 ἀνήχθη
705 2838 870 2927 ἀγόμενος
884 2832 975 2928 παρά
986 2841 1125 2930 βασιλέα

116 2952 280 3027 Δαρείου,
298 2937 316 3009 ὁ
332 2942 369 3009 δέ
383 2940 456 3010 οὔτ’
473 2937 518 3009 ἀν
534 2948 642 3011 ἔπαθε
658 2938 765 3010 κακδυ
778 2938 881 3010 οὐδέν
896 2946 1026 3010 δοκέειν
1041 2944 1123 3026 ἐμοί,

115 3037 224 3123 ἀπῆκέ
234 3036 265 3106 τ’
279 3032 324 3107 ἀν
341 3038 431 3131 αύτῷ
446 3037 508 3128 τήν
524 3048 649 3127 αἰτίην·
671 3048 737 3109 νῦν
751 3044 792 3109 δέ
798 3068 857 3129 μιν
871 3039 984 3108 αὐτόν
998 3066 1033 3108 τε
1044 3037 1124 3107 τού-
1248 3119 1249 3124 ¹

115 3160 184 3205 των
196 3140 334 3224 εἵνεκεν,
350 3141 405 3208 καλ
418 3142 477 3207 ἵνα
486 3138 532 3228 μή
544 3138 724 3228 διαφυγὼν
737 3133 833 3219 αύτις
842 3142 945 3226 μέγας
955 3134 1046 3224 παρὰ
1061 3144 1125 3224 βα·

115 3233 202 3301 σιλέτ
214 3234 366 3324 γένηται,
378 3234 603 3326 Ἀρταφέρνης
618 3264 655 3306 τε
669 3236 687 3306 ὁ
699 3241 861 3324 Σαρδίων
871 3235 1020 3321 ὕπαρχος
1034 3237 1090 3304 κοιλ
1105 3231 1124 3299 ὁ

114 3328 421 3429 λαβοδυἈρπαγος,
435 3334 479 3417 ὡς
490 3334 626 3407 ἀπίκετο
637 3334 804 3424 ἀγόμενος
814 3338 848 3415 ές
858 3335 997 3420 Σάρδις,
1011 3330 1050 3402 τό
1061 3332 1124 3419 μέν

115 3429 222 3501 αύτοῦ
233 3440 328 3520 σῶμα
338 3430 444 3503 αύτοῦ
453 3436 559 3525 ταύτῃ
570 3430 913 3521 ἀυεσταύρωσαν,τήυ
924 3431 961 3503 δὲ
972 3430 1123 3517 κεφαλήν
