2500 3925
346 239 434 296 ΗΒ.
467 238 513 293 ΙΧ.
549 237 647 294 CAP.
680 241 785 299 1-7.
1012 235 1075 298 289

22 401 116 467 τιυέπὶ
130 392 193 485 τήν
207 393 337 486 βουλήν
352 401 444 482 ἔλεγε
458 393 499 462 τά
515 391 606 483 παρά
621 399 833 480 Μαρδονίου.
856 402 924 464 τῶν
939 397 976 464 δδ
988 403 1073 484 βου-

22 497 210 586 ςεῑλευτέων
222 500 371 582 Λυκίδης
386 493 456 562 εἶπε
471 493 626 580 γνώμην,
644 491 689 571 ὥς
699 498 734 561 οί
745 492 857 561 έδόκεε
871 492 1012 581 ἀμεινον
1026 490 1074 560 εί-

22 635 47 672 ,:
59 622 132 683 ναι,
149 598 349 683 δεξαμένους
359 590 420 661 τδν
434 594 549 680 λόγον,
563 592 624 660 τόν
639 611 701 678 σφι
712 596 930 680 Μουρυχίδης
943 593 1073 680 προφέ-

22 721 48 781 2:25
58 720 132 780 ρει,
151 695 311 774 ἐξενεῖκαι
326 693 359 770 ἐς
375 688 436 777 τόν
452 695 568 778 δῆμον.
598 688 616 760 ὁ
632 691 695 776 μὲν
712 688 752 778 δή
767 687 893 779 ταύτην
906 690 969 779 τήν
981 691 1073 779 γνά-

22 817 48 878 ³·.=:·„
58 818 133 880 μην
143 788 359 878 ἀπεφαίνετο,
373 799 437 858 εἴτε
450 787 490 876 δή
504 787 702 875 δεδεγμένος
710 789 860 876 χρήματα
871 787 962 876 παρά
970 798 1073 878 Μαρ-

22 897 200 981 1,χ,,.,δονίου,
223 900 287 960 είτε
301 892 355 958 καδ
375 888 480 956 ταῦτά
499 893 533 958 οί
544 888 688 976 ἥνδανε,
711 887 883 976 Ἀθηναῖοι
904 889 940 957 δὲ
953 886 1072 956 αὐτίκα

21 1023 49 1083 tc!
59 989 180 1059 δεινόν
195 991 432 1078 ποιησάμενοι,
450 990 531 1055 οἵτε
546 990 582 1056 έκ
601 994 661 1074 τής
673 994 798 1075 βουλής
814 991 870 1056 καὶ
887 992 921 1056 οί
933 991 1071 1074 ἔξωθεν,

60 1085 110 1166 ὡς
122 1089 308 1174 έπόθοντο,
323 1086 538 1172 περιστάντες
549 1090 703 1170 Λυκίδην
713 1088 917 1155 κατέλευσαν
925 1087 1074 1175 βάλλον-

58 1211 133 1270 τες,
148 1182 209 1254 τόν
223 1187 259 1254 δὲ
268 1183 527 1272 Ἑλλησπόντιον
540 1190 766 1271 Μουρυχίδην
780 1184 980 1273 ἀπέπεμψαν
996 1181 1073 1251 ἀσι·

22 1279 39 1374 ἰ
58 1285 133 1350 νέα.
156 1287 343 1369 γενομένου
352 1286 389 1351 δὲ
399 1283 556 1370 θορύβου
568 1285 604 1350 έν
615 1290 656 1370 τῇ
664 1292 831 1370 Σαλαμῖνι
842 1286 918 1368 περὶ
928 1280 989 1350 τδν
999 1289 1073 1350 Λυ-
1094 1334 1099 1345 ,

59 1381 174 1465 κίδην,
188 1379 423 1450 πυνθάνονται
433 1377 470 1452 τδ
483 1381 665 1466 γινόμενον
680 1385 716 1448 αι’
723 1396 881 1466 γυναῖκες
890 1389 958 1450 τῶν
969 1381 1073 1467 Ἀθη-

61 1481 188 1560 ναίων,
214 1479 495 1564 διακελευσαμένη
518 1479 554 1545 δὲ
573 1475 661 1564 γυνή
685 1483 898 1563 γυναικίκαὶ
920 1489 1073 1568 παραλα-

25 1639 39 1688 ,Μ
60 1579 173 1662 βοῦσα
183 1575 235 1642 ἐπὶ
245 1571 307 1662 τήν
314 1580 466 1646 Λυκίδεω
478 1581 587 1664 οίκίην
597 1575 698 1663 ήλσαν
708 1575 911 1666 αὐτοκελέες,
923 1583 979 1648 καλ
989 1575 1072 1648 κατά

24 1665 35 1762 ι,
62 1674 128 1762 μὲν
144 1679 286 1742 ἔλευσαν
303 1671 408 1744 αὐτοῦ
422 1673 484 1764 τήν
497 1677 660 1763 γυναῖκα,
679 1674 762 1744 κατά
777 1677 815 1744 δέ
829 1675 870 1747 τά
884 1683 993 1747 τέκνα.
1023 1675 1073 1754 Ἐς
1087 1697 1105 1750 6

63 1773 102 1842 δὲ
125 1769 187 1858 τήν
207 1780 384 1860 Σαλαμῖνα
402 1778 561 1862 διέβησαν
582 1780 615 1843 οί
632 1773 805 1861 Ἀθηναῖοι
826 1767 908 1844 ὦδε·
936 1780 998 1854 ἕως
1011 1775 1074 1861 μὲν

63 1871 309 1956 προσεδέκοντο
343 1872 379 1938 ἐκ
413 1876 470 1957 τῆς
505 1870 769 1958 Πελοποννήσου
804 1873 947 1961 στρατὸν
980 1873 1074 1961 ήξειυ

22 1958 34 2060 ss
65 1970 298 2057 τιμωρήσοντά
313 1982 384 2059 σφι,
400 1978 434 2041 οί
447 1976 483 2041 δὲ
498 1980 619 2060 ἔμενον
635 1976 672 2041 ἐν
685 1980 726 2061 τῇ
737 1971 882 2063 Ἀττικῇ·
905 1977 975 2044 ἐπεὶ
992 1977 1028 2043 δὲ
1042 1978 1076 2042 οί

21 2069 35 2159 ᾗ
62 2076 128 2161 μὲν
143 2072 332 2159 μακρότερά
344 2100 380 2141 τε
392 2076 446 2142 καὶ
461 2080 654 2161 σχολαίτερα
665 2076 812 2156 ἐποίευν,
826 2070 845 2141 ὁ
857 2074 894 2141 δέ
905 2072 1009 2144 ἐπιόν
1018 2078 1074 2143 καὶ

63 2169 107 2259 δή
120 2174 157 2239 έν
171 2178 211 2260 τῇ
221 2179 364 2260 Βοιωτίη
376 2175 504 2259 ἐλέγετο
516 2170 618 2258 εἶναι,
636 2169 726 2239 οὑτω
736 2169 777 2258 δή
792 2166 1074 2259 ὑπεξεκομίσαντό

21 2259 30 2362 'j
65 2298 101 2341 τε
114 2268 225 2339 πάντα
238 2272 293 2339 καὶ
308 2267 403 2339 αὐτοὶ
424 2273 582 2359 διέβησαν
598 2273 631 2348 ἐς
645 2278 839 2362 Σαλαμῖνα,
862 2270 895 2347 ές
907 2274 1074 2337 Λακεδαί-
1195 2329 1197 2332 .

22 2367 29 2465 ζ,
65 2368 153 2457 μονά
168 2394 204 2435 τε
220 2374 371 2454 ἔπεμψαν
384 2366 562 2454 ἀγγέλους,
577 2366 646 2453 ἀμα
661 2369 723 2454 μὲν
739 2370 974 2453 μεμψομένους
988 2380 1074 2434 τοῖσι

22 2467 28 2487 ’“
66 2469 361 2549 Λακεδαιμονίοισι
372 2463 424 2531 ὅτι
438 2470 608 2553 περιεῖδον
623 2464 810 2551 ἐμβαλόντα
824 2462 886 2531 τόν
900 2465 1075 2552 βάρβαρον

21 2548 27 2643 j'
66 2566 100 2641 ἐς
122 2559 184 2648 τήν
204 2557 356 2647 Ἀττικήν
376 2557 449 2629 ἀλλ’
474 2558 515 2627 οὑ
537 2560 619 2645 μετά
642 2581 757 2646 σφεων
777 2556 939 2647 ήντίασαν
959 2562 991 2637 ἐς
1013 2556 1075 2644 τήν

21 2649 25 2686 ⁵
65 2666 242 2747 Βοιωτίην,
251 2658 319 2746 ἅμα
332 2661 368 2727 δδ
378 2657 635 2747 ὑπομνήσοντας
645 2657 708 2726 ὅσα
718 2677 778 2743 σφι
788 2655 947 2745 ὑπέσχετο
960 2656 1076 2747 ὁΠέρ-

22 2764 23 2769 ’
65 2781 127 2849 σης
138 2764 362 2847 μεταβαλοῦσι
375 2758 508 2846 διόσειν,
523 2764 683 2846 προεῖπαί
690 2784 725 2825 τε
734 2756 784 2826 ὅτι
794 2755 876 2845 είμή
889 2755 1075 2844 ἀμυνέουσι

62 2858 289 2943 Ἀθηναίοισι,
306 2852 350 2935 ὡς
362 2859 417 2925 καὶ
428 2855 527 2925 αὐτοί
538 2883 613 2924 τινα
625 2852 779 2942 ἀλεωρήν
795 2854 1002 2945 εὑρήσονται.
1034 2862 1078 2926 Οί
1093 2870 1108 2929 7

66 2954 132 3045 γάρ
147 2952 188 3041 δή
203 2955 463 3040 Λακεδαιμόνιοι
480 2948 619 3038 ὅρταζόν
630 2980 667 3021 τε
680 2962 802 3022 τοῦτον
812 2953 873 3023 τόν
885 2955 1011 3043 χρόνον
1021 2961 1080 3021 καί

67 3075 129 3142 σφι
143 3050 187 3143 ήν
205 3052 396 3140 Ὑακίνθια,
421 3057 497 3143 περὶ
513 3060 671 3123 πλείστου
693 3053 724 3122 δ’
747 3048 834 3142 ήγον
853 3051 894 3122 τά
913 3060 975 3121 τοῦ
989 3058 1077 3122 θεοῦ

67 3153 263 3243 πορσύνειν.
290 3152 358 3239 ἅμα
374 3154 410 3223 δὲ
425 3152 462 3221 τδ
478 3153 585 3240 τεῖχός
600 3173 679 3240 σφι,
694 3150 731 3219 τὸ
747 3155 784 3220 έν
797 3158 844 3243 τῷ
856 3150 977 3243 Ἰσθμῷ
993 3155 1077 3219 έτεί-

67 3280 164 3343 χεον,
178 3255 233 3321 καὶ
251 3251 291 3339 δή
310 3254 443 3334 ἐπάλξις
463 3254 638 3341 ἐλάμβανε.
669 3251 712 3331 ὡς
729 3254 765 3320 δὲ
781 3249 942 3320 ἀπίκοντο
963 3252 996 3329 ές
1014 3247 1077 3338 τήν

68 3355 303 3436 Λακεδαίμονα
319 3355 353 3420 οί
366 3350 501 3438 ἄγγελοι
516 3356 551 3419 οί
563 3348 621 3419 ἀπ’
634 3349 816 3437 Ἀθηνέων,
832 3348 901 3437 ἅμα
916 3346 1077 3437 ἀγόμενοι

69 3459 107 3523 έκ
122 3476 158 3519 τε
168 3448 343 3601 Μεγάμιων
358 3448 520 3539 ἀγγέλους
531 3454 586 3519 καὶ
601 3453 638 3518 έκ
648 3451 854 3537 Πλαταιέων,
871 3454 987 3603 ἔλεφον
997 3445 1077 3517 τάδε

153 3560 254 3599 κακον.
300 3582 307 3600 ‚
906 3552 920 3603 l
