2500 3925
184 244 248 310 ³12
566 241 818 300 HERODOTI

183 411 362 491 ἐκλείπετε,
377 404 535 491 μένοντές
549 427 585 470 τε
598 395 621 488 ή
632 397 800 470 ἀπόλλυτε
813 399 893 478 τοὺς
908 402 1089 482 ἐναντίους
1105 397 1137 493 ἢ
1154 401 1210 472 ae}-

183 509 235 577 τοί
252 502 457 574 ἀπόλλυσθε.
485 505 554 568 τῶν
569 496 601 567 δ’
618 494 674 584 ἄρ’
689 491 736 585 ἦν
748 495 851 567 οὑδέν
865 495 1000 586 ἀληθές.
1031 499 1131 588 πρὶν
1151 499 1214 588 γὰρ

184 601 206 693 ή
221 604 381 691 συμμίξαι
394 596 499 688 ἡμέας
513 599 548 678 ἐς
563 603 686 685 χειρῶν
699 622 735 666 τε
746 596 857 683 νόμον
870 594 1075 686 ἀπικέσθαι,
1091 603 1163 669 παλ
1178 599 1213 686 δή

185 701 375 792 φεύγοντας
384 700 439 768 καί
448 698 544 780 τάξιν
555 701 768 777 ἐκλείποντας
777 695 882 786 ὑμέας
890 703 1036 789 είδομεν,
1047 704 1090 770 ἐν
1105 699 1213 788 Ἀθη-

184 803 313 870 ναίοισί
325 821 361 866 τε
374 794 438 884 τήν
458 794 649 884 πρόπειραν
663 799 886 882 ποιευμένους
904 795 1030 878 αὑτοὺς
1050 825 1090 867 τε
1110 797 1212 868 ἀντία

185 893 829 986 δοὺλονντόνήμετέρωντασσομένους.
850 906 956 968 ταῦτα
967 898 1143 988 οὐδαμῶς
1153 900 1208 969 ἀν

186 1005 278 1086 δρῶν
292 995 435 1084 ἀγαθόν
448 1002 538 1085 ἔργα.
565 994 651 1067 ἀλλά
661 1005 818 1066 πλείστου
829 995 871 1085 δή
883 999 922 1067 ἐν
932 996 1015 1085 ὑμίν
1025 999 1208 1084 έψεύσθή

185 1125 257 1188 μεν.
288 1096 554 1186 προσδεκόμενοι
571 1094 637 1183 γὰρ
658 1091 743 1164 κατά
763 1097 860 1176 κλέος
876 1123 920 1176 ας
941 1095 982 1185 δή
1002 1101 1208 1186 πέμψετεές

184 1195 289 1286 ήμέας
307 1195 441 1283 κήρυκα
463 1194 732 1282 προκαλεύμενοι
748 1197 804 1265 καλ
822 1197 1026 1283 βουλόμενοι
1041 1198 1205 1285 μούνοισι

183 1298 335 1384 Πέρσῃσι
355 1293 542 1380 μάχεσθαι,
568 1291 679 1381 ἀρτιοι
699 1290 810 1372 ἐόντες
830 1296 957 1362 ποιέειν
976 1302 1086 1364 ταῦτα
1104 1293 1204 1364 οὐδὲν

186 1399 318 1464 τοιοῦτο
330 1395 490 1480 λέγοντας
504 1389 608 1479 ὑμέας
619 1390 774 1480 εὕρομεν,
789 1389 875 1461 ἀλλά
886 1393 1111 1475 πτώσσοντας
1122 1403 1202 1482 μᾶλ-

185 1504 258 1565 λον.
279 1499 346 1562 νῦν
362 1484 411 1562 ιόν
425 1488 539 1579 ἐπειδὴ
554 1491 617 1561 οὑκ
631 1489 727 1578 ὑμεῖς
741 1489 861 1581 ήρξατε
874 1493 998 1562 τούτου
1007 1501 1074 1563 τοῦ
1083 1495 1201 1582 λόγου,

187 1591 262 1666 ἀλλ’
284 1591 379 1681 ἡμεῖς
399 1591 555 1681 ἄρχομεν.
593 1597 629 1661 τί
645 1589 687 1679 δή
708 1589 750 1659 οὑ
772 1590 839 1679 πρὸ
856 1593 920 1678 μὲν
940 1599 1010 1661 τόν
1026 1591 1201 1682 Ἑλλήνων

187 1689 294 1781 ὑμεῖς,
318 1693 425 1760 ἐπείτε
443 1692 635 1772 δεδόξωσθε
649 1689 736 1759 εἶναι
747 1688 887 1777 ἄριστοι,
902 1687 968 1779 πρό
980 1693 1019 1759 δὲ
1031 1698 1109 1760 τόν
1119 1700 1200 1780 βαρ-

186 1788 303 1881 βάραν
313 1787 418 1878 ήμελς,
431 1798 499 1860 ίσοι
509 1786 595 1876 πρός
606 1797 701 1867 ίσονς
711 1785 863 1874 ἀριθμόν
873 1791 1134 1876 ἐμαχεσάμεθας
1151 1794 1199 1857 καί

184 1885 229 1978 ήν
250 1891 313 1977 μὲν
331 1890 430 1978 δοκέῃ
445 1890 501 1958 καί
515 1885 595 1969 τοὺς
609 1885 734 1968 ἀλλους
748 1888 932 1977 μάχεσθαι,
954 1893 987 1960 ol
1000 1888 1034 1957 δ’
1053 1883 1107 1959 ἀν
1125 1919 1198 1980 μετ-

187 1990 316 2057 έπειτεν
336 1990 515 2072 μαχέσθων
530 1984 682 2073 ὑστεροι·
715 1991 746 2053 εί
765 1986 802 2053 δὲ
822 1986 878 2053 καὶ
899 1982 945 2073 μή
966 1990 1097 2075 δοκέοι,
1127 1987 1196 2059 ἀλλ’

184 2086 289 2181 ήμέας
303 2088 454 2177 μούνους
468 2087 638 2176 ἀποχρᾶν,
652 2084 747 2176 ἡμεῖς
761 2089 797 2155 δέ
808 2087 1096 2176 διαμαχεσόμεθα·
1121 2088 1194 2158 όκό
1224 2133 1225 2148 2

184 2215 276 2275 τεροι
291 2187 322 2257 δ’
345 2184 389 2257 ἀν
405 2184 519 2275 ἡμέων
531 2186 712 2274 νικήσωσι,
734 2184 875 2265 τούτους
888 2193 936 2279 τῷ
956 2185 1081 2255 ἅπαντι
1095 2209 1196 2271 στρα-
1223 2223 1224 2306 ρ

136 2303 171 2359 49
187 2291 316 2379 τοπέδφ
330 2295 439 2356 νικᾶν.
478 2284 515 2355 Ὁ
529 2286 593 2374 μέν
607 2291 712 2354 ταῦτα
726 2294 821 2365 είπας
838 2310 875 2353 τε
890 2286 945 2354 καλ
960 2283 1108 2372 ίπισχοέν
1120 2286 1196 2372 χρό-
1223 2331 1224 2358 ,

184 2416 259 2476 νον,
278 2386 323 2469 ἀς
334 2392 369 2457 οί
375 2384 486 2466 οὐδεὶς
499 2383 601 2456 οὐδέν
611 2382 821 2470 ὑπεκρίνετο,
836 2380 1067 2452 ἀπαλλάσσετο
1078 2380 1194 2470 ὀπίσω,

185 2484 347 2559 ἀπελθόν
363 2486 400 2554 δέ
414 2484 573 2573 ἐσήμαινε
587 2487 776 2575 Μαρδονίῳ
796 2481 837 2551 τά
853 2480 1094 2570 καταλαβόντα.
1126 2482 1146 2549 ὁ
1162 2487 1194 2550 δὲ
1222 2525 1223 2566 ,

184 2582 365 2675 περιχαρής
374 2583 557 2672 γενόμενος
568 2586 624 2653 καὶ
631 2585 1014 2673 ἐπαερθελςρυχρήνίκρ
1022 2584 1127 2670 ἐπῆκε
1135 2580 1193 2668 τήν

184 2691 290 2754 ἵππον
311 2685 364 2753 ἐπὶ
384 2682 464 2763 τοὺς
478 2682 651 2772 Ἕλληνας.
687 2681 732 2762 ὑς
747 2683 784 2750 δέ
804 2682 975 2768 ἐπήλασαν
995 2686 1030 2750 οί
1043 2682 1191 2767 ἱππόται,

185 2788 336 2855 ἐσίνοντο
351 2790 465 2851 πᾶσαν
477 2780 541 2872 τήν
556 2779 716 2868 στρατιὴν
730 2778 792 2868 τήν
807 2777 1006 2868 Ἑλληνικήν
1020 2782 1189 2849 ἐσακοντί-

146 2918 153 2929 =
186 2884 295 2965 ζοντές
310 2909 347 2951 τε
368 2887 423 2950 καὶ
444 2883 675 2963 ἐστοξεόοντες
696 2878 780 2948 ὥστε
799 2878 1013 2960 ἱπποτοξόται
1026 2904 1063 2947 τε
1082 2879 1188 2957 ἐόντες

184 2982 240 3049 καί
254 2982 508 3068 προσφέρεσθαι
530 2978 662 3066 ἀποροι.
696 2980 759 3066 τήν
777 3005 814 3047 τε
833 2979 964 3067 κρήνην
982 2976 1045 3067 τήν
1058 2985 1186 3067 Γαργα-
1219 3003 1220 3010 “

184 3085 283 3168 φίήν,
299 3074 357 3145 ἀπ’
370 3069 411 3164 ής
426 3076 588 3166 ὑδρεύετο
603 3085 673 3145 πᾶν
685 3076 723 3147 τὸ
735 3078 926 3167 στράτευμα
938 3076 976 3147 τὺ
985 3076 1184 3165 Ἑλληνικόν,

184 3176 414 3262 συνετάραξαν
425 3180 480 3244 καί
490 3179 695 3261 συνέχωσαν.
710 3170 798 3263 ήσαν
808 3178 871 3263 μὲν
882 3172 932 3245 ἀν
941 3175 1026 3245 κατά
1036 3175 1097 3265 τήν
1105 3178 1183 3266 κρή-

184 3302 249 3361 νην
263 3276 524 3361 Λακεδαιμόνιοι
544 3278 740 3363 τεταγμένοι
752 3283 891 3363 μοῦνοι,
911 3290 998 3344 τοῖσι
1012 3279 1050 3345 δέ
1062 3275 1180 3345 ἄλλοισι

184 3370 320 3458 Ἕλλησι
334 3368 354 3456 ὑ
371 3371 433 3456 μὲν
448 3372 556 3460 κρήνη
571 3372 688 3460 πρόσω
705 3376 849 3461 ἐγίνετο,
868 3373 913 3454 ὑς
928 3377 1059 3441 ἕκαστοι
1073 3379 1180 3460 ἔτυχον

182 3470 393 3558 τεταγμένοι,
408 3467 427 3537 ὁ
440 3474 476 3540 δὲ
490 3470 639 3553 Ἀσυπός
650 3470 773 3559 ἀγχοῦ·
796 3470 996 3563 ἐρυκόμενοι
1005 3475 1042 3543 δέ
1052 3472 1112 3544 ἀπό
1123 3477 1177 3546 τοὺ
