2500 3925
217 281 220 284 .
342 210 428 266 ΗΒ.
463 209 512 265 vl.
545 207 646 265 cAP.
682 211 824 266 εε-εε.
1048 206 1088 271 83

78 389 138 446 σας
152 373 209 437 καλ
227 366 370 457 ἑβδόμας
389 368 569 453 ἱσταμένου
590 371 651 434 τοῦ
665 362 772 451 μηνός
792 369 955 466 δίδοσθαι
969 369 1006 436 έκ
1027 375 1089 437 τοῦ

78 459 241 552 δημοσίυῦ
257 465 370 554 ίρήιον
387 463 502 533 τέλεον
529 465 673 555 έκατέρφ
690 464 725 542 ές
734 460 943 545 ’Λπόλλωνος
957 469 1013 534 καί
1029 468 1089 554 μέ-

78 571 199 653 διμνον
214 565 366 652 ἀλφίτων
378 569 434 636 καλ
450 576 549 636 οίνου
562 563 725 652 τετάρτην
739 571 959 653 Λακωνικήν,
980 568 1036 636 καί
1050 566 1088 634 έν

76 679 161 734 τοῖσι
177 663 284 752 ἀγῶσι
302 672 385 733 πᾶσι
401 669 580 752 προεδρίας
594 663 798 750 ἐξαιρέτους·
821 663 877 731 καὶ
891 667 1087 750 προξείνους

77 760 321 834 ἀποδεικνύναι
331 762 479 833 τούτοισι
489 761 712 850 προσκέεσθαι
723 757 801 840 τοῦς
812 753 855 828 ἀν
867 763 1008 832 ἐθέλωσι
1020 769 1087 832 τόν

77 861 205 948 ἀστῶν,
221 863 632 950 καλΠυθίονςαίρέεσθαι
644 858 706 927 δύο
719 858 894 944 ἑκάτερον·
918 865 952 930 οί
965 862 1002 930 δὲ
1012 860 1088 930 Πύ·

78 964 154 1028 θιοί
161 967 225 1028 είσι
233 961 425 1046 θεοπρόποι
437 963 470 1040 ές
476 954 646 1046 Δελφούς,
655 957 841 1046 σιτεόμενοι
851 958 934 1046 μετά
946 967 1014 1029 τοῖν
1024 969 1088 1050 βα-

77 1062 198 1126 σιλέων
212 1054 253 1128 τά
268 1059 429 1146 δημόσια·
455 1056 500 1147 μή
523 1060 664 1127 ἐλθοῦσι
681 1058 718 1126 δὲ
737 1072 822 1127 τοίσι
837 1065 1012 1147 βασιλεῦσι
1034 1064 1087 1130 έπλ

76 1152 113 1223 τδ
126 1159 264 1224 δεῖπνον
275 1153 536 1244 ἀποπέμπεσθαί
544 1176 605 1244 σφι
620 1157 653 1235 ές
662 1152 704 1224 τά
716 1161 804 1226 οίκία
815 1155 966 1245 ἀλφίτων
976 1185 1012 1228 τε
1024 1159 1088 1228 δύο

76 1264 225 1344 χοίνικας
235 1260 378 1350 ε’κατέρφ
390 1259 446 1328 καλ
456 1267 554 1327 οίνυυ
565 1257 730 1344 κοτύλην,
744 1265 907 1344 παρεοῦσι
919 1261 954 1328 δὲ
965 1258 1087 1346 διπλή-

78 1359 134 1424 σια
149 1354 259 1424 πάντα
272 1361 446 1427 δίδοσθαι·
469 1354 578 1427 τάυτδ
593 1355 630 1426 δὲ
644 1363 744 1425 τοῦτο
759 1351 815 1426 καλ
828 1356 912 1443 τορός
927 1362 1087 1428 ἰδιωτέων

76 1456 263 1540 κληθέντας
274 1457 327 1524 ἐπὶ
336 1461 474 1525 δείπνου
485 1462 665 1543 τιμᾶσθαι·
677 1451 737 1535 τάς
749 1455 785 1524 δὲ
792 1464 953 1544 μαντηίας
963 1455 1021 1537 τάς
1031 1485 1085 1544 γι·

77 1556 221 1640 νομένας
233 1553 374 1634 τούτους
384 1554 583 1642 φυλάσσειν,
601 1554 791 1622 συνειδέναι
805 1554 842 1622 δὲ
854 1557 909 1623 καλ
920 1553 999 1634 τούς
1010 1561 1086 1623 Πυ-

80 1659 191 1734 θίους·
208 1653 354 1736 δικάζειν
366 1654 403 1722 δέ
410 1652 561 1741 μούνους
568 1648 649 1734 τούς
658 1652 815 1742 βασιλέας
824 1651 945 1720 τοσάδε
955 1659 1084 1740 μοῦνα·

78 1752 270 1838 πατρούχου
284 1779 319 1820 τε
334 1757 512 1842 παρθένου
526 1754 620 1841 πέρι,
637 1753 670 1831 ές
685 1747 746 1820 τόν
763 1754 906 1821 ίκνέεται
921 1757 1024 1840 ἔχειν,
1041 1746 1086 1839 ήν

76 1850 187 1940 μήπερ
212 1850 232 1920 ό
263 1850 373 1941 πατήρ
396 1848 503 1942 αύτήν
524 1851 687 1942 ἐγγυήσῃ,
710 1855 766 1921 καλ
787 1850 878 1922 ὁδῶν
899 1855 1086 1940 δημοσιέων

75 1953 170 2038 πέρι·
190 1947 302 2039 καλήν
312 1978 363 2032 τις
375 1949 481 2021 θετόν
491 1957 594 2021 παῖδα
603 1954 779 2022 ποιέεσθαι
790 1955 902 2045 έθέλη,
920 1955 1085 2043 βασιλέων

77 2051 234 2117 ἐναντίον
249 2054 441 2121 ποιέεσθαι·
470 2052 526 2120 καλ
542 2057 691 2139 παρίζειν
704 2052 908 2140 βουλεύουσι
928 2067 1013 2121 τοῖσι
1028 2055 1085 2140 γε’·

76 2168 193 2236 ρουσι,
211 2148 303 2215 έοῦσι
319 2151 412 2215 δοῦν
427 2148 541 2218 δέουσι
554 2148 742 2237 τριήκοντα.
771 2146 815 2237 ήυ
832 2155 869 2221 δὲ
884 2149 929 2239 μή
948 2156 1085 2237 ἔλθωσι,

76 2245 157 2326 τούς
171 2245 315 2333 μάλιστά
332 2269 393 2334 σφι
413 2255 481 2317 τόν
501 2248 673 2337 γερόντων
692 2250 923 2338 προσήκοντας
938 2256 1025 2338 ἔχειν
1044 2250 1085 2321 τά

75 2352 146 2415 τῶν
158 2348 324 2432 βασιλέων
340 2349 456 2435 γέρεα,
470 2347 535 2433 δύο
545 2348 681 2435 ψήφους
692 2350 905 2436 τιθεμένους,
919 2353 1035 2435 τρίτην
1049 2348 1086 2417 δὲ

76 2441 140 2531 τήν
154 2444 298 2515 ἑωυτῶν.
340 2450 454 2512 Ταῦτα
473 2443 536 2531 μὲν
551 2443 672 2525 ζάουσι
689 2458 774 2512 τοῖσι
794 2451 969 2533 βασιλεῦσι
989 2448 1085 2513 δέδο-
1099 2458 1132 2513 58

76 2568 132 2610 ται
144 2545 179 2611 έκ
190 2547 253 2609 τοῦ
260 2548 378 2610 κοινοῦ
388 2548 457 2609 τόν
463 2544 713 2631 Σπαρτιητέων,
721 2539 935 2610 ἀποθανοῦσι
946 2539 982 2608 δὲ
989 2541 1085 2609 τάδε·

76 2642 191 2719 ίππέες
204 2642 483 2726 περιαγγέλλουσι
499 2637 536 2708 τό
554 2637 694 2727 γεγονός
710 2637 794 2707 κατά
809 2647 922 2708 πᾶσαν
936 2637 998 2728 τήν
1014 2646 1087 2711 Λα-

76 2743 243 2828 κωνικήν,
257 2738 390 2810 κατάδὲ
404 2738 467 2829 τήν
480 2741 581 2811 πόλιν
592 2754 750 2827 γυναῖκες
760 2746 950 2829 περιιοῦσαι
963 2741 1086 2830 λέβητα

75 2846 259 2929 κροτέουσι.
284 2840 387 2912 έπεάν
402 2836 451 2912 οῦν
467 2850 566 2912 τοῦτο
581 2846 717 2930 γένηται
731 2848 880 2929 τοιοῦτο,
903 2840 1033 2930 ἀνάγκη
1051 2846 1085 2925 ἐξ

76 2948 181 3029 οἰκίης
193 2942 332 3031 ἑκάστης
342 2944 546 3031 ἐλευθέρους
556 2942 620 3011 δύο
631 2947 918 3029 καταμιαίνεσθαι,
931 2938 1040 3029 ἀνδρα
1050 2966 1086 3007 τε

65 3046 131 3110 καὶ
144 3056 305 3128 γυναῖκα·
327 3040 372 3132 μή
388 3042 546 3132 ποιήσασι
562 3044 599 3111 δὲ
612 3049 712 3110 τοῦτο
733 3046 841 3129 ζημίαι
855 3038 997 3126 μεγάλαι
1014 3039 1086 3106 έπι-

76 3143 198 3209 κέαται.
221 3142 324 3227 νόμος
339 3143 375 3211 δὲ
395 3154 482 3210 τοῖσι
496 3145 790 3227 Λακεδαιμονίοισι
805 3136 889 3209 κατά
904 3146 973 3206 τοῦν
987 3146 1085 3225 βασι-

75 3242 161 3308 λέων
171 3235 250 3317 τούς
256 3240 428 3321 θανάτους
436 3243 502 3310 έστλ
511 3238 619 3321 ὡυτδς
630 3242 684 3309 καὶ
693 3253 777 3307 τοῖσι
787 3238 988 3327 βαρβάροισι
1000 3249 1086 3306 τοίσι

76 3343 113 3408 έν
132 3347 172 3427 τῇ
188 3337 296 3429 Ἀσίη·
323 3348 391 3411 τόν
404 3341 469 3431 γάρ
494 3336 543 3413 οόν
558 3342 742 3431 βαρβάρων
756 3344 791 3409 oc
808 3345 950 3419 πλεῦνες
968 3334 1085 3430 τάντῷ

75 3438 168 3530 νύμφ
178 3443 332 3526 χρέονται
342 3438 426 3509 κατά
436 3438 516 3522 τούς
525 3442 698 3519 θανάτους
710 3446 778 3508 τῶν
788 3442 964 3592 βασιλεέεγ.
982 3434 1083 3507 έπεάν
