2500 3925
384 258 471 315 ΗΒ.
502 259 535 316 11.
571 258 672 318 CAP.
707 264 846 322 17-21.
1057 257 1118 324 125
1211 301 1216 322 .

120 416 167 483 ἐπὶ
188 413 252 483 660
272 411 425 505 ἡμερέων
445 418 630 502 ἑκατέρωθι
653 413 754 504 6666,
777 422 832 488 καί
845 427 952 490 πλεῦν
973 428 1019 492 ἔτι
1036 421 1117 492 τού*

119 539 174 580 του
192 515 249 581 καὶ
269 519 420 584 ἔλασσον.
460 522 522 584 τοῦ
536 522 690 602 ποταμοῦ
707 517 744 586 6
761 516 883 604 φύσιος
903 523 979 609 πέρι
994 518 1073 590 οὔτε
1085 547 1114 588 τι

118 619 181 680 των
194 615 296 699 ίρέων
309 609 387 683 ούτε
404 613 511 683 άλλου
530 613 672 695 ούβενός
688 625 896 707 παραλαβεῖν
910 621 1096 706 ἐδυνάσθη

115 712 292 801 πρόθυμος
306 717 344 784 66
360 721 400 784 λα
414 715 496 785 τάδε
508 714 590 805 παρ’
613 713 728 786 αὐτῶν
741 720 975 808 πυθέσθαι,”
954 747 973 788 ο
989 747 1021 789 τι
1037 747 1118 790 κατυ

116 817 242 902 έρχεται
265 811 361 900 μὲν
346 843 365 884 ο
387 824 510 897 Νεῖλος
532 815 737 942 πληθρων’
716 816 782 888 απὸ
799 823 953 910 τροπέων
972 825 1040 890 τῶν
1054 831 1117 891 θε-

116 911 237 1001 ριυέων
261 909 447 1002 ἀρξάμενος
474 915 566 984 ἐπ”
548 915 668 986 εκατὸν
688 915 829 1007 ἡμέρας,
858 919 1058 1001 πελάσαςθ’
1085 925 1118 1002 ές

114 1010 175 1082 τὸν
199 1009 351 1101 ἀριθμὸν
372 1015 504 1085 τούτων
530 1022 599 1084 τῶν
620 1013 774 1105 ἡμερέων
799 1014 906 1088 ὀπίσω
930 1018 1116 1109 ἀπέρχεται,

114 1108 306 1181 ἀπολείπων
336 1111 374 1182 τὸ
410 1115 573 1203 ῥέεθρον,
610 1113 696 1184 ὥστε
724 1114 850 1206 βραχύς
880 1114 941 1186 τόν
971 1124 1113 1206 χειμῶνα

114 1207 246 1279 ἅπαντα
256 1215 414 1283 διατελέει
431 1211 498 1283 έύν
512 1207 661 1302 μέχρι
617 1240 660 1283 ου
671 1208 766 1296 αὖτις
776 1216 928 1304 τροπέων
940 1221 1009 1284 τῶν
1019 1226 1111 1304 θερι-

113 1309 210 1377 νέωι.
243 1310 373 1380 τούτων
388 1307 438 1382 ὥν
453 1314 528 1401 πέρι
545 1309 686 1392 οὐθενὸς
703 1311 805 1383 οὐδὲν
819 1310 933 1395 οίόςτ’
953 1316 1114 1403 ἐγενόμην

112 1416 322 1499 παραλαβεῖν
344 1410 435 1498 παρὰ
460 1419 528 1481 τῶν
553 1419 765 1501 Αἰγυπτίων,
796 1417 955 1504 ίστορέων
981 1411 1114 1501 αὐτούς,

110 1505 233 1598 ἥντινα
257 1510 405 1599 δύναμιν
429 1508 530 1598 ἔχειὸ
551 1519 675 1592 Νεῖλος
698 1510 739 1580 τά
765 1518 907 1601 έμπαλιι
897 1516 1114 1600 πεφυκέναι

111 1616 182 1678 τῶν
194 1607 308 1678 ἄλλων
317 1618 486 1697 ποταμῶν.
514 1610 620 1680 ταῦτά
635 1637 671 1680 τε
687 1609 780 1699 66
742 1638 783 1680 τα
784 1615 978 1734 λελεγμένα
992 1611 1117 1702 βουλά-

112 1734 215 1795 μενος
238 1711 363 1778 εἰδέναι
382 1709 553 1799 ἱστόρεον,
581 1708 681 1779 καλ”
659 1737 677 1778 ο
700 1737 731 1778 τι
756 1709 862 1795 αὔρας
883 1709 1117 1791 ἀποπνεούσας

110 1815 240 1895 μοῦνος
254 1807 392 1878 πάντων
406 1815 566 1898 ποταμῶν
583 1833 625 1878 ου
614 1805 823 1897 ’παρέχεται

184 1907 279 1983 Ἀλλ
316 1911 483 2000 Ἑλλήνων
521 1910 585 2001 μέν
617 1934 707 1989 τινες
738 1909 795 1977 έπί
779 1912 890 1997 ίσημοι
922 1902 1115 1994 βουλόμενοι
1130 1928 1164 1983 2⁰

109 2015 273 2100 γενέσθαι
298 2019 419 2102 σοφίην
441 2015 557 2095 ἔλεξαν
582 2010 659 2102 περὶ
682 2014 743 2079 τού
765 2008 889 2089 ὕδατος
905 2005 1027 2077 τούτου
1050 2032 1121 2094 τρι-

109 2122 238 2204 φασίας
272 2113 391 2202 ὁδούς,
432 2118 501 2183 των
529 2110 590 2193 τάς
623 2110 687 2200 μέν
721 2108 784 2181 660
809 2106 885 2179 οὐδ’
917 2105 998 2190 άξιοῖ
1031 2134 1117 2196 μνη·
1188 2163 1196 2185 ,

107 2224 237 2303 σθῆναι
257 2219 289 2282 εί
306 2212 351 2303 μῆ
374 2212 457 2283 ὅσον
476 2220 623 2301 σημῆναι
643 2213 849 2302 βουλόμενος
869 2216 1007 2296 μοῦνον.
1046 2214 1114 2277 τῶν

104 2344 126 2403 η
113 2312 304 2401 έτέρηλ
263 2338 286 2399 μ
304 2337 327 2379 ν
346 2315 435 2399 λέγει
459 2308 538 2391 τούς
559 2314 690 2399 ἐτησίας
710 2307 855 2397 ἀνέμους
880 2306 1043 2377 εἷναιίτ
990 2312 1043 2376 αίτ
1043 2312 1116 2384 ίους

106 2410 283 2533 πληθύειν
296 2408 357 2479 τὸν
378 2406 546 2499 ποταμὸν,
575 2410 770 2488 κωλύοντας
783 2410 816 2487 ές
830 2405 1009 2476 θάλασσαν
1022 2405 1117 2491 έκρί-

105 2538 161 2581 ειν
192 2506 257 2579 τὸν
287 2516 423 2578 Νείλου.
475 2510 637 2589 πολλάκις
669 2508 705 2577 66
735 2510 860 2594 ἐτησίαι
881 2506 943 2593 μὲν
975 2500 1038 2573 οὐκ
1068 2494 1116 2571 66

104 2604 323 2693 §wewam
337 2608 375 2676 66
384 2616 507 2687 Νεῖλος
519 2605 626 2677 τώυτο
615 2605 818 2727 ἐργάζεται.
840 2629 925 2693 προς
936 2608 984 2692 6
1001 2609 1031 2673 εί
1040 2604 1116 2687 ἐτη·

104 2714 176 2776 σίαι
193 2713 297 2773 αἴτιοι
310 2697 416 2793 ἦσαν,
437 2714 522 2794 χρῆν
535 2703 684 2784 καὶτοὺς
700 2702 822 2783 ἄλλους
837 2700 1023 2791 ποταμούς,
1041 2698 1115 2771 ὅσοι

103 2819 194 2873 τοῖσι
210 2806 358 2893 έτησίησι
374 2800 484 2872 ἀντίοι
504 2806 636 2892 ῥέουσι,
660 2800 782 2889 ὁμοίως
803 2801 943 2889 πάσχειν
957 2802 1012 2868 καὶ
1031 2798 1114 2869 κατὰ

103 2902 148 2972 τὰ
162 2900 254 2973 αὐτοὶ
268 2910 315 2996 τῷ
331 2910 455 2996 Νείλω,
477 2906 532 2973 καλ
547 2910 676 2991 μᾶλλον
691 2908 739 2970 έτι
755 2900 915 2993 τοσούτω,
933 2897 1002 2991 ὅσω
1017 2897 1115 2969 660-

102 3000 209 3084 σονες
223 3002 337 3083 έόττες
350 3000 576 3092 ἀσθενέστερα
590 3028 631 3071 τα
619 3000 795 3092 ῥεύματα
812 2967 1020 3087 παρέχονται.
1054 3000 1117 3067 είσὶ

102 3106 146 3174 66
168 3104 293 3173 πολλοὶ
311 3104 374 3191 μὲν
395 3107 434 3173 έν
452 3131 493 3195 τη
478 3110 621 3194 Συρίη
639 3104 795 3190 ποταμοὶ,
824 3102 941 3169 πολλοὶ
962 3097 998 3167 66
1019 3100 1057 3168 έν
1077 3103 1117 3187 τῆ

104 3202 241 3293 Λιβύη,
266 3208 301 3269 ολ
315 3200 417 3271 οὐθὲν
432 3208 564 3271 τοιοῦτο
586 3200 768 3287 πάσχουσι,
794 3184 867 3268 056
882 3224 914 3266 τι
928 3192 1016 3266 καὶὸ
1033 3203 1117 3265 Νετ-

102 3310 175 3381 λος.
214 3298 261 3368 Η
272 3297 304 3368 6’
321 3302 414 3389 ε’τέρη
429 3298 773 3389 ἀνεπιστημονεστέρη
789 3299 854 3384 μέν
867 3299 988 3366 ἐστι
948 3320 1007 3383 της
1022 3302 1116 3364 λελε
1131 3306 1160 3361 21

106 3404 254 3491 γμένης,
280 3399 370 3493 λόγω
392 3400 430 3469 66
453 3406 561 3470 εἰπεῖν
596 3397 852 3487 θωμασιωτέρη,
894 3392 1068 3485 ῆλέμει’
1049 3393 1115 3463 απὸ

106 3508 172 3571 τοῦ
189 3500 358 3575 Ὠκεανοῦ
374 3503 494 3590 ῥέοντα
510 3497 616 3569 αι’πόν
629 3504 734 3566 ταῦτα
749 3500 980 3583 μηχανᾶσθαι,
1002 3491 1062 3559 τὸν
1082 3489 1114 3557 6’
