2500 3925
142 258 185 321 46
513 262 766 320 HERODOTI

143 416 301 507 λαβόντες
322 418 357 487 δέ
380 417 484 489 αὐτόν
505 423 539 487 οί
555 422 683 503 Πέρσαι
707 419 833 507 ἤγαγον
853 423 943 511 παρά
960 432 1085 512 Κῦρον.
1120 419 1138 493 ό

144 516 182 585 d}
201 514 368 604 συννήσας
389 513 502 604 πνρῆν
523 517 675 603 μεγάλην
697 515 874 608 ἀνεβίβασε
894 514 941 590 ἐπ’
957 519 1065 609 αὐτὴν
1079 518 1141 590 τόν

144 598 291 699 Ιέροίσόν
313 640 348 683 τε
370 616 407 682 έν
427 617 545 703 πέδησι
570 617 752 700 δεδεμένον
772 619 827 687 καί
846 621 896 697 δίς
916 616 994 689 έπτά
1018 624 1138 687 Λυδόν

144 711 218 800 παρ’
246 712 349 785 αὐτόν
373 719 509 799 παῖδας,
535 715 572 781 έν
597 711 670 805 νόῳ
695 720 780 801 έχων
804 725 870 785 είτε
896 715 937 805 δὴ
961 715 1139 804 ἀκροθίνια

69 892 74 899 .
144 819 248 881 ταῦτα
261 827 430 900 καταγιείν
442 820 536 883 θεῶν
551 810 634 903 ότερι
652 811 710 900 δὴ,
732 823 797 883 είτε
810 818 865 884 καί
880 813 982 903 εόχην
996 818 1141 884 ἐπιτελέ-

145 930 201 977 σαι
216 913 353 998 έθέλων,
370 920 435 981 είτε
450 914 505 980 καί
520 909 717 996 πυθόμενος
730 909 790 979 τόν
796 919 944 1000 Κροῖσον
961 911 1046 982 εἶναι
1058 923 1135 982 θεο-

147 1010 260 1096 σεβέα,
276 1013 375 1078 τοῦδε
391 1013 519 1079 εἵνεκεν
535 1006 715 1096 ἀνεβίβασε
731 1011 784 1077 ἐπί
800 1006 862 1096 τὴν
875 1009 998 1099 πυρὴν,
1015 1009 1141 1099 βουλό-

146 1130 245 1190 μενος
260 1109 399 1192 εἰδέναι,
421 1116 455 1174 εί
464 1112 513 1185 τίς
527 1132 587 1193 μιν
600 1105 775 1192 δαιμόνων
790 1107 927 1194 βάσεται
942 1115 1003 1176 τοῦ
1017 1104 1060 1194 μὴ
1077 1106 1140 1187 ζά-

147 1228 227 1271 οντα
240 1208 499 1290 κατακαυθῆναι.
539 1199 600 1269 τόν
621 1203 684 1289 μίν
698 1200 738 1290 δὴ
755 1205 880 1271 ποιέειν
899 1210 1088 1295 tumst&
1104 1204 1140 1269 δὲ

149 1305 279 1391 Κροίσῳ
291 1303 420 1368 ἑστεῶτι
432 1303 483 1369 έπί
493 1307 551 1387 τῆς
561 1307 672 1387 πυρῆς
688 1301 851 1387 ἐσελθεῖν,
865 1307 983 1390 καίπερ
999 1304 1035 1370 έν
1049 1308 1142 1391 κακῷ
1243 1391 1244 1396 ¹

149 1398 236 1467 ἐόντι
250 1397 414 1489 τοσοάτφ,
429 1394 466 1466 τό
482 1404 542 1465 τοῦ
555 1396 734 1485 Σόλωνος,
758 1395 803 1475 ἀρ
818 1402 852 1467 οί
865 1407 915 1485 είη
929 1395 996 1466 σόν
1007 1404 1079 1489 θεῷ
1093 1403 1139 1465 εί·
1243 1415 1244 1492 ,

37 1528 40 1535 ,
149 1499 310 1586 ρημένον,
331 1494 368 1564 τό
386 1499 513 1583 μηδένα
528 1493 612 1563 εἶναι
628 1503 696 1563 τῶν
711 1495 864 1576 ζωόντων
878 1493 1002 1582 ὄλβιον.
1046 1492 1090 1573 (ὃς
1105 1495 1143 1562 δέ
1243 1495 1244 1572 f

150 1594 214 1681 ἀρα
228 1620 287 1680 μιν
301 1602 502 1680 προσστῆναι
513 1598 623 1678 τοῦτο,
641 1590 903 1679 ἀνενεικάμενόν
922 1617 958 1661 τε
980 1594 1034 1659 καί
1057 1588 1145 1659 ἀνα·

148 1696 348 1777 στενάξαντα
369 1697 405 1763 έκ
428 1701 550 1781 πολλῆς
570 1691 709 1782 ἡσυχίης
729 1696 762 1775 ές
783 1696 851 1783 τρίς
871 1690 1055 1779 οάνομάσαι
1070 1692 1144 1761 Σό·

148 1805 246 1862 λωνα,
278 1794 333 1861 καὶ
355 1789 414 1860 τόν
428 1799 544 1879 Κῦρον
566 1788 758 1861 ἀκούσαντα
779 1797 931 1860 κελεῦσαι
946 1789 1024 1871 τούς
1039 1792 1142 1877 ἑρμη-

149 1896 224 1973 νέας
238 1892 427 1980 ἐπαίρεσθαι
441 1887 501 1959 τόν
516 1897 682 1978 Κροίσου,
703 1896 777 1959 τίνα
791 1897 910 1958 τοῦτον
927 1890 1145 1977 ἐπικαλέοιτο,

148 1994 201 2059 καί
227 1989 305 2072 τούς
330 1989 579 2078 προσελθόντας
604 1991 795 2076 ἐπειρωτᾶν.
837 1994 985 2076 Κροίσου
1005 1987 1041 2055 δέ
1061 1991 1146 2068 τέως

148 2089 209 2175 μὲν
224 2085 321 2174 σιγὴν
337 2091 423 2174 ἐχειν
441 2085 697 2172 είρωτεόμενον,
712 2083 793 2173 μετά
805 2084 852 2173 δὲ,
869 2081 913 2164 ὡς
928 2080 1144 2172 ἠναγκάζετο,

148 2190 267 2252 εἰπεῖν·
292 2180 359 2252 Τόν
376 2179 419 2250 ἀν
434 2179 499 2269 ἐγώ
513 2188 593 2250 πᾶσι
610 2183 806 2268 τυράννοισι
820 2188 1022 2271 προετίμησα
1038 2179 1147 2268 μεγά-

148 2291 216 2350 λων
239 2279 414 2370 χρημάτων
438 2282 471 2359 ές
494 2279 617 2366 λόγους
643 2283 764 2350 ἐλθεῖν.
800 2279 857 2360 Ὡς
883 2282 922 2348 δέ
943 2299 1004 2366 σφι
1031 2275 1145 2365 ἀσημα

149 2384 283 2465 ἔφραζε,
304 2376 406 2446 πάλιν
427 2376 626 2464 έπειράτεον
642 2375 682 2446 τά
699 2378 871 2465 λεγόμενα.
914 2377 1146 2464 λιπαρεόντων

149 2480 185 2548 δὲ
200 2474 310 2545 αὐτῶν
326 2479 381 2544 καί
395 2473 494 2562 όχλον
515 2477 729 2566 παρεχόντων
750 2485 842 2564 ἐλεγε
856 2474 896 2566 δη
921 2474 964 2556 ὥς
980 2471 1066 2566 ἦλθε
1081 2475 1146 2566 ἀρ-
1244 2526 1245 2547 1

148 2574 210 2664 χὴν
234 2571 251 2643 ὁ
273 2573 393 2643 Σόλων
415 2571 480 2642 ἐόν
503 2571 697 2663 Ἀθηναῖοι,
723 2578 778 2645 καί
798 2575 1011 2664 θηησάμενος
1032 2575 1145 2645 πάντα
1244 2586 1245 2599 ’

148 2671 207 2741 τόν
228 2675 354 2741 ἑαυτοῦ
377 2669 479 2760 ὅλβον
499 2668 761 2759 ἀποφλαυρίσειε
776 2667 829 2743 οἷα
845 2670 886 2760 δη
906 2684 1015 2761 είπας,
1040 2672 1085 2753 ὥς
1107 2703 1145 2742 τε

147 2767 235 2862 αὐτῷ
251 2771 358 2838 πάντα
375 2768 595 2859 ἀποβεβήκοι,
620 2778 726 2861 τῇπερ
741 2773 867 2854 ἐκεῖνος
882 2773 969 2861 εἷπε,
993 2768 1095 2841 οὐδέν
1109 2801 1142 2842 τι

148 2875 274 2954 μᾶλλον
293 2871 325 2948 ές
342 2866 468 2936 ἑωυτόν
481 2871 589 2955 λέγων
604 2866 625 2957 ἢ
641 2873 674 2949 ές
688 2869 778 2938 ἅπαν
794 2870 830 2939 τό
852 2867 1069 2961 ἀνθρωπήιον
1088 2879 1145 2941 καί

148 2966 288 3054 μάλιστα
313 2965 391 3046 τούς
415 2965 504 3062 παρά
532 2973 628 3054 σφίσι
654 2968 783 3039 αότοίσι
808 2976 983 3052 δοκέοντας
1008 2971 1147 3062 όλβίους

150 3065 242 3134 εἶναι.
273 3062 333 3134 τόν
350 3065 411 3152 μέν
427 3074 574 3154 Κροῖσον
592 3078 693 3138 ταῦτα
709 3067 930 3159 ἀπηγέεσθαι,
951 3078 1009 3161 τῆς
1024 3073 1060 3142 δὲ
1076 3099 1141 3141 πυ·

149 3169 208 3250 ρῆς
220 3159 286 3249 ἤδη
301 3159 447 3249 ἁμμένης
463 3170 616 3233 καίεσθαι
635 3166 674 3235 τά
692 3171 894 3254 περιέσχατα.
926 3170 980 3238 καί
994 3194 1055 3238 τον
1068 3178 1145 3240 Κῦ-

147 3284 208 3348 ρον
231 3255 420 3342 ἀκούσαντα
442 3267 510 3329 τῶν
526 3265 698 3352 ἑρμηνέων
721 3264 760 3334 τά
777 3265 846 3335 εἷπε
861 3274 1019 3356 Κροῖσος,
1040 3295 1146 3356 μετα-

127 3353 132 3370 '
146 3355 269 3445 γνόντα
284 3362 387 3427 τεκαὶ
402 3359 609 3450 έννιόσαντα,
630 3363 681 3433 ὅτι
695 3368 749 3432 καὶ
765 3361 865 3443 αι’πὸς
882 3363 1061 3449 ἄνθρωπος
1076 3363 1146 3435 έοάν
1230 3443 1234 3448 ,

146 3451 247 3522 ἀλλον
268 3453 469 3542 ἄνθρωπον,
495 3457 681 3546 γενόμενον
705 3465 831 3529 ἑωυτοῦ
858 3459 1051 3552 εὐδαιμονίη
1079 3461 1146 3534 ὸόκ
