2500 3925
168 204 230 270 154
402 281 407 290 ,
543 203 798 266 οεεοοοτι

162 367 361 456 Ἀμυργίους
375 365 490 443 Σάκας
507 361 664 432 ἐκάλεον·
685 359 770 432 οί
729 387 796 450 γαρ
810 365 937 446 Πέρσαι
954 359 1083 440 πάντας
1097 361 1179 440 τούς

166 469 309 548 Σκύθας
323 470 481 536 καλέουσι
491 463 615 542 Σάκας.
638 469 814 547 Βακτρίων
804 463 861 531 δὲ
872 464 927 530 καλ
938 454 1119 531 Σακέων
1095 487 1178 548 ηρχε

117 589 152 646 65
161 567 344 655 Υστάσπης
359 595 378 636 ο
364 565 543 652 ’Δαρείου
559 589 595 631 τε
607 566 662 632 καὶ
680 560 835 650 Ἀτόσσης
849 569 907 650 της
921 562 1049 650 Κύρου.
1077 559 1178 630 Ἰνδολ

166 673 253 739 db*
221 696 337 757 ειματα
351 669 413 756 μὲν
426 660 674 742 ἐνδεδυκότες’
655 687 720 730 απο
709 659 847 743 ξύλων
860 663 1078 748 πεποιημένα,
1095 661 1179 741 τόξα

166 769 204 837 δέ
217 767 385 855 καλάμινα
403 765 492 852 εἶχον
507 765 562 832 καὶ
575 759 708 841 ὀιστούς
722 768 942 848 καλαμίνους,
959 763 1012 830 ε’πλ
1027 759 1064 829 δὲ
1078 765 1179 848 σίδη-

166 895 224 956 ρος
242 861 296 957 ἦν.
325 866 517 953 ἐσταλμένοι
532 864 594 984 μὲν
608 855 690 949 δὴ
667 883 756 949 ησαν
775 859 864 930 οὕτω
881 858 994 947 Ἰνδοὶ,
1013 881 1178 949 προσετε-

166 969 286 1055 τάχατο
298 967 334 1035 δλ
345 963 646 1050 συστρατευόμενοι
659 962 928 1052 Φαρναζάθρῃ
897 985 942 1028 τω
928 957 1175 1048 Ἀρταβάτεω.

115 1078 151 1134 66
168 1065 277 1155 Ἀριοι
290 1065 327 1133 δλ
340 1064 521 1144 τόξοισιλ
482 1089 505 1149 μ
522 1088 544 1129 ν
563 1052 838 1182 ἐσκευασμένοι
815 1079 902 1147 ησαν
916 1029 1173 1146 Μηδικοῖσι,
1134 1085 1177 1125 τα

165 1165 202 1233 δλ
218 1161 303 1231 άλλα
334 1160 481 1246 κατάπερ
505 1159 672 1248 Βάκτριοι.
704 1156 776 1248 Ἀρί
776 1185 824 1226 ων
843 1149 921 1225 δὲ’
897 1183 979 1246 ηρχε
996 1157 1178 1244 Σισάμνης

164 1291 183 1334 ο
170 1261 377 1350 ’Ὑδάρνεος
400 1261 538 1347 Πάρθοι
548 1259 585 1328 δέ
600 1261 655 1328 καλ
665 1258 865 1380 Χοράσμιοι
862 1260 917 1328 καλ
927 1262 1055 1346 Σόγδοι
1067 1285 1105 1328 τε
1119 1261 1176 1327 καὶ

164 1359 347 1448 Γανδαριοι
358 1355 610 1430 καλΔαδίκαι
574 1385 637 1445 την
648 1383 755 1444 αυτην
765 1353 892 1444 σκευην
902 1357 1078 1445 ἔχοντες
1042 1386 1107 1446 την
1117 1387 1176 1427 και

163 1462 324 1548 Βάκτριοι
337 1459 583 1549 ἐστρατεύοντο.
605 1457 736 1526 τούτων
751 1459 787 1525 δὲ
801 1448 906 1544 ἦρχον
921 1459 1002 1545 οἵδε,
1016 1459 1175 1546 Πάρθων

165 1567 227 1650 μέν
246 1563 302 1631 καὶ
318 1566 520 1648 Χορασμίων
539 1555 734 1644 Ἀρτάβαζος
754 1554 771 1625 δ
793 1555 1005 1644 Φαρνάκεος,
1020 1559 1174 1646 ΙΣόγδων

165 1662 201 1728 δέ
211 1656 347 1745 Ἀζάνης
361 1653 380 1725 ὁ
394 1654 557 1742 Ἀρταίου,
574 1658 773 1740 Γανδαρίων
790 1653 827 1721 δὲ
841 1656 896 1722 καὶ
906 1657 1083 1725 Δαδικέων
1095 1655 1175 1745 Ἀρ.

115 1776 149 1833 67
163 1758 284 1846 τύφιος
297 1753 316 1826 δ
328 1755 542 1845 Ἀρταβάνου.
564 1755 711 1824 Κάσπιοι
723 1753 759 1822 δέ
770 1755 931 1844 σισύρνας
944 1783 980 1825 τε
990 1758 1171 1829 ἐνδεδνκά

164 1883 216 1937 τες
239 1857 294 1925 καὶ
314 1853 393 1936 τόξα
414 1853 572 1941 ἐπιχώρια
591 1852 758 1939 καλάμινα
779 1857 909 1939 ἔχοντες
929 1858 984 1926 καί
1006 1853 1171 1938 άκινάκας

164 1954 409 2045 ἐστρατεύοντο.
422 1946 517 2023 οὗτοι
527 1952 589 2041 μὲν
600 1951 689 2022 ούτω
699 1953 912 2042 ἐσκευάδατο,
923 1951 1072 2044 ἡγεμόνα
1081 1982 1170 2045 παρ-

164 2056 315 2144 ἐχόμενοι
332 2049 552 2140 Ἀριόμαρδον
567 2050 627 2121 τδν
638 2049 818 2140 Ἀρτυφίου
833 2050 1015 2143 άδελφεδν,
1030 2059 1172 2145 Σαράγ-

163 2182 219 2243 γαι
234 2151 318 2220 δέ”
285 2176 402 2236 ειματα
416 2152 457 2237 μέ
458 2176 479 2217 ν
492 2154 684 2240 βεβαμμένα
699 2158 829 2239 ἔχοντες
840 2155 1034 2244 ἐνέπρεπον,
1051 2160 1170 2227 πέδιλα

163 2252 199 2321 δέ
215 2254 248 2329 ἐς
263 2247 350 2335 γόνυ
365 2245 582 2319 ἀνατείνοντα
597 2249 696 2337 εἶχον,
711 2250 790 2333 τόξα
808 2252 844 2320 δέ
858 2255 913 2322 καλ
926 2253 1042 2342 αἰχμάς
1053 2260 1170 2343 Μηδι-

162 2350 232 2429 κάς.
252 2351 460 2434 Σαραγγέων
471 2341 543 2416 δέ
522 2375 601 2437 ηρχε
610 2348 821 2437 Φερενδάτης
835 2347 1076 2441 ὁΜεγαβάζου.
1094 2354 1169 2422 Πά-

162 2475 259 2528 κτυες
274 2449 311 2517 δέ
328 2448 571 2536 σισυρνοφόροι
586 2474 623 2518 τε
637 2440 725 2537 ησαν
740 2451 795 2517 καλ
809 2450 888 2530 τόξα
905 2450 1110 2540 ἐπιχάρια
1079 2474 1166 2538 αχον

161 2552 216 2618 καὶ
233 2551 420 2677 ἐγχειρίδια.
444 2550 598 2628 Πάκτυες
612 2546 686 2617 W
663 2574 807 2634 αρχοντα
822 2548 1035 2636 παρείχοντο’
1031 2551 1170 2635 Λρτύν-

111 2669 147 2724 68
161 2677 222 2739 την
235 2647 296 2718 τόν
313 2646 516 2736 Ἰθαμίτρεω.
552 2648 669 2718 Οὔτιοι
686 2650 722 2717 δὲ
738 2650 792 2716 καὶ
808 2648 924 2716 Μύκοι
939 2674 975 2717 τε
988 2676 1043 2717 και
1033 2652 1168 2733 Παρι-

160 2750 272 2819 κάνιοι
286 2750 522 2835 ἐσκευασμένοι
536 2742 623 2836 ἦσαν
645 2742 791 2831 κατάπερ
806 2747 967 2827 Πάκτυες.
989 2748 1119 2817 τούτων
1130 2750 1166 2817 δὲ

158 2843 264 2937 ἦρχον
278 2848 365 2932 οἵδε,
384 2843 518 2914 Ούτίων
531 2847 594 2933 μὲν
613 2850 668 2915 καὶ
685 2842 818 2915 Μύκων
836 2844 1038 2935 Ἀρσαμένης
1058 2846 1166 2915 ὁΔα-

110 2970 146 3027 ες
161 2956 271 3033 ρείον,
284 2953 502 3033 Παρικανίων
516 2946 552 3015 δὲ
567 2953 771 3035 Σιρομίτρης
785 2944 803 3014 ὁ
822 2946 996 3034 Οίοβάζου.
1016 2944 1163 3037 Ἀράβιοι

160 3048 195 3117 δέ
218 3043 324 3134 ζειράς
340 3044 564 3133 ὑπεζωσμένοι
585 3039 688 3133 ἦσαν,
710 3043 789 3126 τόξα
813 3047 850 3113 δέ
873 3050 1056 3113 παλίντονα
1076 3044 1180 3132 εἶχον,

158 3143 242 3235 πρός
257 3142 364 3231 δεξιά,
381 3144 500 3232 μακρά.
530 3150 694 3225 Αύθίοπες
705 3146 741 3213 δὲ
752 3147 939 3233 παρδαλέας
950 3168 984 3211 τε
998 3145 1053 3213 καὶ
1066 3152 1164 3213 λεον-

157 3246 233 3323 νέας
247 3245 442 3329 ἐναμμένοι,
464 3240 542 3323 τόξα
563 3242 599 3311 δέ
620 3241 709 3328 εἶχον
724 3244 760 3311 ἐκ
782 3249 935 3331 φοίνικος
955 3241 1088 3329 σπάθης
1102 3270 1164 3314 πε-

157 3341 324 3428 ποιημένα
336 3338 464 3428 μακρά,
485 3346 715 3429 τετραπηχέων
731 3340 794 3411 οὐκ
814 3342 959 3429 ἐλάσσω,
982 3342 1035 3410 ἐπὶ
1049 3341 1086 3409 δὲ
1101 3367 1163 3409 κα-

156 3445 318 3525 λαμίνους
335 3436 467 3517 ὀϊστούς
481 3438 660 3527 σμικρούς,
676 3438 750 3509 άντλ
765 3440 801 3509 δὲ
813 3441 954 3529 σιδήρου
965 3440 1049 3526 ἐπῆν
1065 3445 1161 3519 λίθος
