2500 3925
162 207 203 269 34
540 212 791 270 HERODOTI

161 369 255 456 ἱρόν·
283 367 326 440 οά
346 367 411 456 γάρ
433 366 576 456 θεμιτόν
596 376 769 456 Δωριεῦσι
791 374 947 459 παριέναι
962 373 1120 442 ἐνθαῦτα.
1151 373 1174 440 ὁ

161 473 198 538 δέ
214 468 299 538 εἶπε·
329 463 368 536 Ὠ
385 470 503 556 γύναι,
515 466 599 537 Ιἀλλ’
617 466 659 535 οά
670 468 825 554 Δωριεάς
842 476 924 557 είμι,
942 467 1017 538 ἀλλ’
1030 468 1167 556 Ἀχαιός.

160 566 178 638 ὁ
194 570 256 656 μέν
270 567 310 655 δη
331 577 371 658 τῇ
383 567 523 656 κληδόνι
545 564 647 635 οὐδὲν
660 569 841 654 χρεόμενος
855 572 1047 656 ἐπεχείρησέ
1058 592 1094 636 τε
1112 571 1168 635 καλ

159 669 234 735 τότε
250 669 354 737 πάλιν
367 669 517 746 ἐξέπιπτε
532 665 614 752 μετὰ
634 674 704 733 τῶν
718 671 1011 753 Λακεδαιμονίων,
1037 663 1116 745 τοδς
1131 667 1169 732 δέ

159 767 282 846 ἀλλους
293 765 466 852 Ἀθηναῖοι
479 768 666 851 κατέδησαν
677 765 740 852 τὴν
754 768 808 834 ἐπὶ
821 767 976 855 θανάτῳ,
1000 768 1037 834 ἐν
1052 766 1088 832 δέ
1103 763 1165 833 αὐ-

158 879 244 934 τοῑσι
258 868 314 934 καὶ
332 870 537 952 Τιμησίθεον
559 861 620 930 τὸν
634 861 792 949 Δελφόν,
814 871 876 931 τοῦ
897 869 979 947 ἔργα
994 869 1115 948 χειρῶν
1131 887 1167 929 τε

159 968 215 1033 καὶ
229 963 373 1050 λη’ματος
388 959 491 1048 ἔχοιμ’
505 957 549 1029 ἀν
559 972 697 1050 μέγιστα
708 967 892 1042 καταλέξαι.
916 955 1011 1031 οὗτοι
1024 965 1087 1048 μέν
1099 986 1169 1028 νυν

111 1069 145 1126 73
162 1063 333 1147 δεδεμένοι
348 1060 582 1147 ἐτελεύτησαν,
600 1058 784 1145 Ἀθηναῖοι
794 1059 831 1127 δέ
845 1057 928 1146 μετά
946 1065 1051 1128 ταῦτα
1064 1067 1162 1127 Κλει-

159 1161 283 1226 σθένεα
294 1161 350 1224 καὶ
360 1154 402 1224 τά
409 1157 588 1225 ἑπτακόσια
600 1160 729 1226 ἐπίστια
739 1155 780 1225 τά
787 1161 974 1243 διωχθέντα
981 1155 1049 1226 ὑπὸ
1056 1164 1168 1224 Κλεο-

158 1261 275 1344 μένεος
296 1255 589 1342 μεταπεμψάμενοι
607 1258 778 1341 πέμπουσι
799 1254 962 1340 ἀγγέλους
978 1257 1011 1332 ἐς
1025 1254 1166 1338 Σάρδις,

158 1362 348 1443 συμμαχίην
364 1352 566 1441 βουλόμενοι
585 1355 793 1441 ποιήσασθαι
814 1351 899 1440 πρὸς
916 1355 1064 1439 Πέρσας·
1085 1349 1165 1436 ἠπι-

158 1458 274 1524 στέατο
286 1453 352 1541 γάρ
369 1474 430 1540 σφι
449 1450 534 1537 πρὸς
550 1457 837 1540 Λακεδαιμονίους
851 1477 887 1519 τε
902 1453 958 1518 καὶ
974 1444 1166 1535 Κλεομένεα

157 1555 463 1639 ἐκπεπολεμῶσθαι.
493 1549 708 1638 ἀπικομένων
728 1550 771 1618 δέ
782 1575 851 1617 των
872 1547 1024 1634 ἀγγέλων
1047 1549 1081 1625 ἐς
1104 1543 1167 1624 τάς

156 1652 285 1738 Σάρδις
309 1655 364 1718 καὶ
395 1650 565 1737 λεγόντων
589 1649 630 1722 τὰ
655 1653 874 1736 ἐντεταλμένα
896 1647 1120 1734 Ἀρταφέρνης
1144 1634 1165 1712 ὁ

151 1750 351 1828 Υστάσπεος
376 1749 587 1835 Σαρδίων”
562 1775 712 1836 υπαρχος
736 1749 914 1834 ἐπειράτα,
940 1754 1028 1826 τίνες
1052 1744 1164 1822 ἐόντες

158 1849 336 1935 ἅνθρωποι
355 1852 410 1915 καὶ
427 1855 469 1937 κῇ
489 1854 550 1933 γῆς
566 1873 584 1915 ο
586 1851 738 1934 ίκημέυοι
754 1852 883 1916 δεοίατο
896 1847 1056 1929 Περσέων
1076 1842 1165 1927 σόμ·

158 1977 256 2037 μαχοι
270 1951 445 2035 γενέσθαι,
466 1949 662 2035 πυθόμενος
679 1948 715 2017 δέ
734 1945 819 2035 πρὸς
831 1953 901 2016 τῶν
914 1943 1066 2032 ἀγγέλων
1080 1939 1165 2011 ἀπε-

158 2047 314 2132 κορύφου
339 2052 400 2133 σφι
424 2047 519 2115 τάδε·
561 2052 606 2115 El
628 2048 691 2132 μέν
714 2052 847 2115 διδοῦσι
876 2047 1007 2133 βασιλέι·
1028 2048 1164 2131 Δαρείῳ

154 2144 327 2231 Ἀθηναῖοι
343 2151 407 2231 γῆν
427 2172 462 2211 τε
482 2148 537 2212 καὶ
553 2143 665 2231 ὕδωρ,
689 2143 707 2211 ὁ
723 2148 761 2213 δέ
777 2152 966 2232 συμμαχίην
983 2161 1045 2229 σφι
1061 2160 1161 2208 συνε-

155 2250 284 2329 πέθετο,
308 2249 338 2311 εί
358 2241 455 2330 δὲμὴ
478 2248 625 2329 διδοῦσι,
648 2242 924 2313 ἀπαλλάσσεσθαι
945 2240 1068 2319 αάτοδς
1088 2244 1162 2308 ἐκέ-

155 2351 243 2409 λευε.
266 2345 301 2409 οί
313 2340 350 2409 δέ
365 2339 501 2427 ἀγγελοι
515 2344 567 2409 ἐπὶ
581 2343 697 2427 σφέων
711 2340 824 2411 αὐτῶν
834 2342 1016 2430 βαλόμενοι
1029 2337 1164 2407 διδόναι

156 2448 304 2528 ἔφασαν,
327 2442 530 2529 βουλόμενοι
547 2440 609 2527 τὴν
622 2450 813 2530 συμμαχίην
828 2441 1044 2529 ποιήσασθαι.
1066 2430 1163 2505 οὗτοι

109 2554 112 2559 ’
155 2541 273 2631 μὲνδὴ
289 2540 495 2624 ἀπελθόντες
510 2546 542 2625 ἐς
556 2543 618 2631 τὴν
633 2548 768 2613 ἑωυτῶν
781 2550 886 2622 αἰτίας
900 2542 1045 2630 μεγάλας
1061 2538 1161 2624 εἶχον.

108 2654 141 2711 74
241 2646 432 2730 Κλεομένης
447 2643 484 2711 δ
504 2644 721 2729 ἐπιστάμενος
741 2647 982 2729 περιυβρίσθαι
997 2644 1091 2707 ἔπεσι
1105 2639 1162 2703 καλ

157 2746 282 2845 ἔργοισι
297 2736 357 2805 νπ’
376 2735 566 2826 Ἀθηναίων
586 2743 744 2826 συνέλεγε
762 2743 800 2808 ἐκ
817 2739 925 2822 πάσης
942 2734 1162 2820 Πελοποννη-

121 2867 125 2875 ’
157 2858 220 2905 σου
241 2835 398 2924 στρατόν,
422 2836 464 2905 οά
484 2839 621 2924 φράζων
643 2838 727 2917 ἐς
692 2866 730 2906 το
752 2840 922 2921 συλλέγει,
947 2840 1105 2903 τίσασθαι
1122 2830 1162 2898 δε

157 2922 334 3003 ἐθέλων
300 2961 360 3002 τον
376 2940 483 3023 δῆμον
497 2942 566 3003 τῶν
577 2935 768 3023 Ἀθηναίων
781 2962 837 3002 και
825 2933 1020 3052 Ἰσαγόρην
1034 2928 1162 3017 βουλό-

155 3060 255 3122 μενος
268 3035 439 3118 τύραννον
450 3043 667 3122 καταστησαι·
689 3042 875 3122 συνεξῆλθε
888 3034 953 3119 γάρ
968 3023 1052 3100 οί
1010 3054 1108 3108 ουτος
1122 3031 1162 3096 ἐκ

154 3161 212 3221 της
227 3132 437 3217 ἀκροπόλιος.
482 3138 674 3221 Κλεομένης
693 3161 729 3202 τε
749 3132 790 3221 δη
813 3134 921 3223 στόλῳ
935 3130 1068 3219 μεγάλςο
1086 3130 1162 3195 ε’σέ·

154 3241 236 3321 βαλε
251 3235 284 3310 ἐς
294 3230 480 3321 Ἐλευσῖνα,
503 3236 559 3301 καὶ
575 3239 610 3301 οί
620 3237 762 3303 Βοιωτοὶ
783 3230 848 3300 ἀπό
864 3230 1080 3319 συνθήματος
1097 3232 1162 3296 Θί-

154 3332 239 3416 νόην
259 3331 409 3413 αίρέουσι
436 3335 491 3401 καὶ
510 3330 637 3419 Ὑσιάς,
666 3334 793 3420 δήμους
815 3330 895 3411 τοάς
921 3331 1077 3417 ἐσχάτους
1101 3334 1163 3413 τῆς

105 3486 110 3489 .
152 3425 312 3510 Ἀττικῆς,
331 3432 510 3508 Χαλκιδέες
529 3428 638 3499 τεέπὶ
660 3430 701 3498 τά
726 3434 823 3514 ἕτερα
845 3433 994 3498 ἐσίνοντο
1009 3426 1163 3503 ἐπιόντες
