2500 3925
151 186 214 258 ισε
523 157 781 247 οεεοοοιι

149 349 273 419 τεόετο.
297 353 389 428 ἐδοξε
406 339 457 415 ἀν
472 351 519 436 τῷ
532 347 637 432 Ξέρξῃ
657 339 675 414 ὃ
693 350 800 431 χῶρος
814 341 899 412 εἶναι
916 341 1091 430 ἐπιτήδεος
1105 342 1168 410 έν-

150 448 300 528 διατάξαι
310 471 346 514 τε
356 447 412 514 καὶ
423 446 642 531 ἐξαριθμῆσαι
653 438 714 512 τόν
724 440 879 530 στρατόν,
891 444 946 511 καλ
957 444 1067 510 ἐποίεε
1077 445 1168 508 ταῦ·

148 575 198 617 τα.
221 545 280 626 τάς
294 547 357 633 μέν
371 541 411 631 δὴ
429 544 508 622 νέας
525 538 584 621 τάς
597 541 707 616 πάσας
724 539 928 628 ἀπικομένας
939 541 972 619 ἐς
984 544 1164 626 Δορίσκον

149 652 185 716 ot
202 646 366 734 ναύαρχοι
393 643 613 720 κελεύσαντος
634 644 763 726 Ξέρξεω
785 643 818 720 ές
839 637 899 708 τὸν
920 636 1078 726 αίγιαλδν
1101 630 1165 704 τόν

147 748 472 835 προσεχέαΔορίσκφ
482 741 654 829 ἐκόμισαν,
666 744 704 810 ἐν
715 739 863 832 τῷΣάλη
873 765 910 808 τε
920 740 1166 825 Σαμοθρηικίη

147 845 344 915 πεπόλισται
354 842 451 922 πόλις
461 844 517 911 καλ
525 839 635 929 Ζιόνη,
646 847 818 909 τελευταία
829 841 866 908 δὲ
877 837 1166 924 αότοῦΣέρρειον

149 943 235 1032 ἀκρη
249 941 451 1030 οόνομαστή.
474 937 493 1010 ὁ
508 942 546 1009 δέ
554 947 661 1028 χοῖρος
673 933 771 1020 οάτος
784 937 822 1009 τό
837 938 984 1011 παλαιὸν
994 932 1041 1026 ἦν
1051 935 1167 1006 Κικό-

148 1069 227 1113 νων.
257 1045 290 1122 ές
303 1047 424 1109 τοῦτον
438 1038 499 1108 τὸν
515 1037 669 1126 αίγιαλὸυ
685 1039 904 1128 κατασχόντες
914 1036 975 1118 τάς
985 1045 1064 1116 νέας
1078 1033 1165 1104 ἀνέ-

146 1157 257 1229 ψυχον
271 1138 523 1218 ἀνελκύσαντες.
553 1135 627 1209 ὁδέ
647 1143 685 1210 έν
705 1147 751 1232 τςό
772 1147 931 1233 Δορίσκῳ
951 1146 1075 1208 τοῦτον
1098 1135 1167 1206 τόν

98 1259 133 1313 σο
146 1240 272 1329 χρόνον
287 1244 345 1325 τῆς
361 1245 515 1326 στρατιῆς
530 1236 681 1325 ἀριθμόν
700 1243 856 1312 ἐποιέετο.
886 1239 990 1309 Ὅσον
1006 1243 1070 1327 μέν
1093 1259 1161 1306 νντ

147 1342 280 1407 ἕκαστοι
301 1348 459 1423 παρεῖχον
487 1342 636 1424 πλήθεος
667 1335 833 1426 ἀριθμόν,
853 1337 917 1408 οάιι
934 1345 998 1426 ἔχω
1014 1337 1106 1406 εἶπαι
1122 1332 1164 1406 τό

146 1434 281 1524 ἀτρεκές
294 1430 348 1502 ὀἀ
356 1431 421 1522 γάρ
433 1435 561 1521 λέγεται
572 1435 657 1520 πρὸς
668 1434 827 1524 οὐδαμῶν
838 1435 1164 1524 ἀνθράκων·,σάμ-

146 1557 271 1610 παντος
284 1533 321 1600 δέ
336 1537 398 1599 τοῦ
411 1539 554 1620 στρατοῦ
575 1539 636 1601 τοῦ
650 1538 752 1615 πεζοῦ
773 1532 811 1603 τό
826 1542 958 1622 πλῆθος
973 1535 1086 1621 ἐφάνη
1102 1535 1164 1623 ἑβ-

147 1631 336 1721 δομήκοντα
350 1633 405 1699 καλ
421 1627 540 1701 ἐκατδν
553 1632 722 1718 μυριάδες.
753 1635 983 1721 ἐξηρίθμησαν
1004 1636 1041 1702 δέ
1055 1632 1163 1701 τόνδε

145 1730 206 1801 τόν
226 1730 370 1819 τρόπον·
399 1729 648 1817 συναγαγόντες
664 1733 697 1809 ἐς
718 1731 778 1798 ἕνα
796 1739 907 1819 χῶρον
922 1729 1073 1822 μυριάδα
1096 1726 1164 1798 ἀυ-

144 1828 314 1917 θράπων,
328 1831 383 1898 καί
394 1829 618 1910 συννάξαντες
629 1827 755 1915 ταύτην
770 1827 814 1908 ὡς
824 1830 968 1914 μάλιστα
980 1829 1081 1918 εἶχον,
1098 1853 1163 1897 πε-

146 1934 332 2019 ριέγραψαν
345 1933 473 2012 ἔξωθεν
487 1929 631 2013 κόκλον,
649 1928 916 2016 περιγράψαντες
931 1927 968 1998 δέ
982 1930 1038 1997 καὶ
1053 1924 1162 1996 ἀπέν-

87 2064 90 2069 ·
145 2058 197 2110 τες
212 2027 292 2109 τοὺς
305 2035 447 2115 μυρίους
458 2026 618 2115 αἱμασιὴν
632 2031 832 2115 περιέβαλον
843 2026 927 2098 κατά
939 2026 1001 2097 τόν
1015 2028 1162 2112 κύκλον,

147 2131 231 2211 ὕφος
245 2128 441 2216 ἀνήκουσαν
454 2126 554 2215 ἀνδρὶ
567 2129 601 2206 ές
611 2124 672 2195 τόν
684 2124 848 2215 ὀμφαλόν.
869 2129 998 2215 ταύτην
1007 2130 1046 2197 δὲ
1056 2128 1162 2216 ποιη-

147 2247 261 2306 σαντες
272 2226 395 2307 ἀλλους
405 2232 595 2315 ἐσεβίβαζον
605 2229 639 2305 ἐς
649 2225 686 2295 τὸ
698 2232 1055 2315 περιοικοδομημένον,
1063 2230 1163 2314 μέχρι

144 2319 187 2395 οὗ
197 2327 323 2404 πάντας
338 2325 444 2416 τοότφ
457 2331 503 2415 τῷ
517 2325 631 2416 τρόπφ
643 2328 879 2414 έξηρδθμησαν.
904 2323 1163 2415 ἀριθμήσαντες

146 2425 182 2493 δὲ
199 2420 402 2492 κατάιέδνεα
415 2420 599 2492 διέτασσον.

97 2542 128 2597 61
229 2526 275 2591 Ol
294 2524 330 2591 δέ
352 2524 612 2610 στρατευόμενοι
633 2524 703 2590 οἵδε
723 2514 827 2609 ἦσαν·
854 2526 985 2611 Πέρσαι
1008 2523 1072 2610 μὲν
1091 2514 1161 2591 οἶδε

143 2622 399 2707 ἐσκευασμένοι·
419 2624 496 2708 περὶ
509 2622 571 2707 μέν
584 2627 660 2710 τῇσι
675 2628 844 2710 κεφαλῇσι
854 2620 943 2708 εἶχον
958 2623 1077 2711 τιήρας
1095 2650 1161 2691 κοι-

143 2722 341 2805 λεομένους,
363 2724 482 2797 πίλους
498 2716 661 2805 ἀπαγέας,
684 2722 759 2806 περὶ
781 2717 817 2787 δέ
831 2717 869 2787 τό
885 2725 982 2807 σῶμα
1003 2728 1161 2801 κιθῶνας

143 2817 356 2906 χειριδωτοὺς
369 2826 557 2907 ποικίλους,
578 2824 712 2898 λεπίδος
733 2822 888 2906 σιδηρέης
905 2817 987 2900 ὅφιν
1002 2827 1160 2906 ἰχθυοει·

143 2922 233 3005 δέος,
254 2921 331 3004 περὶ
348 2920 385 2987 δέ
401 2916 441 2987 τά
463 2920 580 2987 σκέλεα
601 2914 820 3004 ἀναξυρίδας,
848 2914 923 3007 ἀντὶ
944 2919 981 2986 δὲ
1002 2916 1160 2989 ἀσπίδων

141 3020 263 3106 γέρρα,
280 3014 347 3084 ὑπό
363 3020 400 3085 δέ
415 3023 646 3103 φαρετρεῶνες
661 3017 858 3101 ἐκρέμαντο·
881 3013 1002 3102 αίχμάς
1016 3016 1055 3084 δὲ
1070 3024 1160 3103 βρασ

141 3118 217 3203 χέας
227 3113 326 3202 εἶχον,
340 3116 420 3198 τόξα
432 3118 469 3183 δὲ
480 3114 625 3201 μεγάλα,
643 3109 776 3191 ὀϊστοὺς
788 3111 824 3179 δέ
839 3118 1060 3199 καλαμίνους,
1073 3112 1160 3201 πρὸς

142 3218 179 3285 δέ
193 3218 370 3304 ἐγχειρίδια
386 3213 477 3301 παρὰ
492 3212 554 3281 τόν
567 3208 679 3293 δεξιόν
696 3210 805 3300 μηρόν
819 3209 1107 3300 παραιωρεόμενα
1123 3216 1160 3280 έκ

141 3322 200 3403 τῆς
219 3316 333 3403 ζεόυης.
362 3319 417 3384 καλ
438 3314 583 3401 ἀρχυντα
599 3322 797 3397 παρείχοντο
813 3308 956 3395 Ὀτάνην
973 3310 1036 3379 τὸν
1054 3308 1159 3400 Ἀμή-

141 3431 254 3497 στριος
269 3413 394 3496 πατέρα
407 3418 465 3496 τῆς
475 3411 603 3493 ,Ξέρξεω
615 3408 786 3494 γυναικός.
808 3409 984 3475 ἐκαλέοντο
1000 3410 1039 3475 δέ
1050 3410 1156 3477 πάλαι
