<?xml version="1.0" encoding="UTF-8"?>
<!DOCTYPE html PUBLIC "-//W3C//DTD XHTML 1.0 Transitional//EN"
    "http://www.w3.org/TR/xhtml1/DTD/xhtml1-transitional.dtd">
<html xmlns="http://www.w3.org/1999/xhtml" xml:lang="en" lang="en">
 <head>
  <title>
</title>
<meta http-equiv="Content-Type" content="text/html;charset=utf-8" />
  <meta name='ocr-system' content='tesseract 3.04.00' />
  <meta name='ocr-capabilities' content='ocr_page ocr_carea ocr_par ocr_line ocrx_word'/>
</head>
<body>
  <div class='ocr_page' id='page_1' title='image "./herodotihistori00dietgoog_0164.png"; bbox 0 0 2500 3925; ppageno 0'>
   <div class='ocr_carea' id='block_1_1' title="bbox 175 256 798 317">
    <p class='ocr_par' dir='ltr' id='par_1_1' title="bbox 175 256 798 317">
     <span class='ocr_line' id='line_1_1' title="bbox 175 256 798 317; baseline -0.008 0"><span class='ocrx_word' id='word_1_1' title='bbox 175 256 233 317; x_wconf 80' lang='lat'><em>160</em></span> <span class='ocrx_word' id='word_1_2' title='bbox 548 257 798 314; x_wconf 85' lang='lat' dir='ltr'>HERODOTI</span> 
     </span>
    </p>
   </div>
   <div class='ocr_carea' id='block_1_2' title="bbox 124 409 1198 3586">
    <p class='ocr_par' dir='ltr' id='par_1_2' title="bbox 170 409 1176 1297">
     <span class='ocr_line' id='line_1_2' title="bbox 171 409 1172 505; baseline -0.004 -18"><span class='ocrx_word' id='word_1_3' title='bbox 171 420 226 487; x_wconf 78' lang='grc' dir='ltr'><em>καὶ</em></span> <span class='ocrx_word' id='word_1_4' title='bbox 243 414 354 486; x_wconf 77' lang='grc' dir='ltr'><em>ἁπαλά</em></span> <span class='ocrx_word' id='word_1_5' title='bbox 368 424 472 485; x_wconf 87' lang='grc' dir='ltr'><em>ταῦτα</em></span> <span class='ocrx_word' id='word_1_6' title='bbox 487 419 542 484; x_wconf 79' lang='grc' dir='ltr'><em>καὶ</em></span> <span class='ocrx_word' id='word_1_7' title='bbox 556 409 633 484; x_wconf 83' lang='grc' dir='ltr'><em>αόα,</em></span> <span class='ocrx_word' id='word_1_8' title='bbox 677 413 740 503; x_wconf 91' lang='grc' dir='ltr'><em>τὴν</em></span> <span class='ocrx_word' id='word_1_9' title='bbox 754 414 791 484; x_wconf 72' lang='grc' dir='ltr'><em>δὲ</em></span> <span class='ocrx_word' id='word_1_10' title='bbox 812 416 945 505; x_wconf 79' lang='grc' dir='ltr'><em>βύβλον</em></span> <span class='ocrx_word' id='word_1_11' title='bbox 961 416 1025 505; x_wconf 88' lang='grc' dir='ltr'><em>τὴν</em></span> <span class='ocrx_word' id='word_1_12' title='bbox 1042 419 1172 492; x_wconf 78' lang='grc' dir='ltr'><em>ἐπέτεον</em></span> 
     </span>
     <span class='ocr_line' id='line_1_3' title="bbox 171 514 1172 606; baseline 0 -20"><span class='ocrx_word' id='word_1_13' title='bbox 171 523 354 605; x_wconf 74' lang='grc' dir='ltr'><em>γινομένην</em></span> <span class='ocrx_word' id='word_1_14' title='bbox 377 514 479 586; x_wconf 81' lang='grc' dir='ltr'><em>ἐπεάν</em></span> <span class='ocrx_word' id='word_1_15' title='bbox 504 515 724 586; x_wconf 75' lang='grc' dir='ltr'><em>ἀνασπάσωσι</em></span> <span class='ocrx_word' id='word_1_16' title='bbox 748 518 785 584; x_wconf 76' lang='grc' dir='ltr'><em>ἐκ</em></span> <span class='ocrx_word' id='word_1_17' title='bbox 809 523 878 585; x_wconf 79' lang='grc' dir='ltr'><em>τῶν</em></span> <span class='ocrx_word' id='word_1_18' title='bbox 902 519 1022 606; x_wconf 85' lang='grc' dir='ltr'><em>ἑλέων,</em></span> <span class='ocrx_word' id='word_1_19' title='bbox 1051 517 1092 586; x_wconf 86' lang='grc' dir='ltr'><em>τά</em></span> <span class='ocrx_word' id='word_1_20' title='bbox 1115 520 1172 605; x_wconf 71' lang='grc' dir='ltr'><em>μέν</em></span> 
     </span>
     <span class='ocr_line' id='line_1_4' title="bbox 172 613 1173 707; baseline 0 -22"><span class='ocrx_word' id='word_1_21' title='bbox 172 615 243 685; x_wconf 90' lang='grc' dir='ltr'><em>ἀνω</em></span> <span class='ocrx_word' id='word_1_22' title='bbox 263 613 366 703; x_wconf 79' lang='grc' dir='ltr'><em>αὐτῆς</em></span> <span class='ocrx_word' id='word_1_23' title='bbox 387 613 636 703; x_wconf 78' lang='grc' dir='ltr'><em>ἀποτάμνοντες</em></span> <span class='ocrx_word' id='word_1_24' title='bbox 657 617 690 695; x_wconf 83' lang='grc' dir='ltr'><em>ές</em></span> <span class='ocrx_word' id='word_1_25' title='bbox 711 614 792 685; x_wconf 87' lang='grc' dir='ltr'><em>ἀλλο</em></span> <span class='ocrx_word' id='word_1_26' title='bbox 812 643 844 684; x_wconf 91' lang='grc' dir='ltr'><em>τι</em></span> <span class='ocrx_word' id='word_1_27' title='bbox 868 619 1052 707; x_wconf 87' lang='grc' dir='ltr'><em>τράπουσι,</em></span> <span class='ocrx_word' id='word_1_28' title='bbox 1080 616 1118 688; x_wconf 87' lang='grc' dir='ltr'><em>τό</em></span> <span class='ocrx_word' id='word_1_29' title='bbox 1141 617 1173 685; x_wconf 76' lang='grc' dir='ltr'><em>δὲ</em></span> 
     </span>
     <span class='ocr_line' id='line_1_5' title="bbox 172 708 1174 805; baseline -0.001 -21"><span class='ocrx_word' id='word_1_30' title='bbox 172 716 261 784; x_wconf 86' lang='grc' dir='ltr'><em>κάτω</em></span> <span class='ocrx_word' id='word_1_31' title='bbox 274 708 493 801; x_wconf 83' lang='grc' dir='ltr'><em>λελειμμένον</em></span> <span class='ocrx_word' id='word_1_32' title='bbox 506 713 589 784; x_wconf 84' lang='grc' dir='ltr'><em>ὅσον</em></span> <span class='ocrx_word' id='word_1_33' title='bbox 602 740 639 782; x_wconf 90' lang='grc' dir='ltr'><em>τε</em></span> <span class='ocrx_word' id='word_1_34' title='bbox 654 716 707 783; x_wconf 79' lang='grc' dir='ltr'><em>ἐπί</em></span> <span class='ocrx_word' id='word_1_35' title='bbox 722 721 832 802; x_wconf 84' lang='grc' dir='ltr'><em>πῆχυν</em></span> <span class='ocrx_word' id='word_1_36' title='bbox 851 715 1020 805; x_wconf 75' lang='grc' dir='ltr'><em>τρώγουσι</em></span> <span class='ocrx_word' id='word_1_37' title='bbox 1036 721 1094 786; x_wconf 83' lang='grc' dir='ltr'><em>καὶ</em></span> <span class='ocrx_word' id='word_1_38' title='bbox 1107 741 1174 783; x_wconf 90' lang='grc' dir='ltr'><em>πω-</em></span> 
     </span>
     <span class='ocr_line' id='line_1_6' title="bbox 170 808 1174 904; baseline -0.003 -20"><span class='ocrx_word' id='word_1_39' title='bbox 170 819 293 884; x_wconf 89' lang='grc' dir='ltr'><em>λέουσι.</em></span> <span class='ocrx_word' id='word_1_40' title='bbox 322 820 358 881; x_wconf 78' lang='grc' dir='ltr'><em>οἳ</em></span> <span class='ocrx_word' id='word_1_41' title='bbox 369 815 406 881; x_wconf 75' lang='grc' dir='ltr'><em>δὲ</em></span> <span class='ocrx_word' id='word_1_42' title='bbox 418 808 463 880; x_wconf 86' lang='grc' dir='ltr'><em>ἀν</em></span> <span class='ocrx_word' id='word_1_43' title='bbox 478 815 533 880; x_wconf 81' lang='grc' dir='ltr'><em>καὶ</em></span> <span class='ocrx_word' id='word_1_44' title='bbox 546 814 652 898; x_wconf 86' lang='grc' dir='ltr'><em>κάρτα</em></span> <span class='ocrx_word' id='word_1_45' title='bbox 667 813 856 900; x_wconf 81' lang='grc' dir='ltr'><em>βούλωνται</em></span> <span class='ocrx_word' id='word_1_46' title='bbox 866 823 990 904; x_wconf 80' lang='grc' dir='ltr'><em>χρηστῇ</em></span> <span class='ocrx_word' id='word_1_47' title='bbox 1007 822 1047 904; x_wconf 79' lang='grc' dir='ltr'><em>τῇ</em></span> <span class='ocrx_word' id='word_1_48' title='bbox 1063 816 1174 904; x_wconf 80' lang='grc' dir='ltr'><em>βάβλφ</em></span> 
     </span>
     <span class='ocr_line' id='line_1_7' title="bbox 170 913 1175 1004; baseline 0.001 -22"><span class='ocrx_word' id='word_1_49' title='bbox 170 922 333 1002; x_wconf 85' lang='grc' dir='ltr'><em>χρᾶσθαι,</em></span> <span class='ocrx_word' id='word_1_50' title='bbox 363 916 401 981; x_wconf 83' lang='grc' dir='ltr'><em>έν</em></span> <span class='ocrx_word' id='word_1_51' title='bbox 420 913 570 1004; x_wconf 76' lang='grc' dir='ltr'><em>κλιβάνῳ</em></span> <span class='ocrx_word' id='word_1_52' title='bbox 599 916 758 999; x_wconf 72' lang='grc' dir='ltr'><em>διαφανέι</em></span> <span class='ocrx_word' id='word_1_53' title='bbox 778 918 952 994; x_wconf 81' lang='grc' dir='ltr'><em>πνίξαντες</em></span> <span class='ocrx_word' id='word_1_54' title='bbox 976 914 1066 984; x_wconf 78' lang='grc' dir='ltr'><em>οὕτω</em></span> <span class='ocrx_word' id='word_1_55' title='bbox 1092 916 1175 1000; x_wconf 85' lang='grc' dir='ltr'><em>τρώ-</em></span> 
     </span>
     <span class='ocr_line' id='line_1_8' title="bbox 171 1011 1174 1102; baseline 0 -22"><span class='ocrx_word' id='word_1_56' title='bbox 171 1034 279 1100; x_wconf 89' lang='grc' dir='ltr'><em>γουσι.</em></span> <span class='ocrx_word' id='word_1_57' title='bbox 309 1018 344 1081; x_wconf 91' lang='grc' dir='ltr'><em>οί</em></span> <span class='ocrx_word' id='word_1_58' title='bbox 354 1016 396 1080; x_wconf 78' lang='grc' dir='ltr'><em>δέ</em></span> <span class='ocrx_word' id='word_1_59' title='bbox 408 1037 498 1092; x_wconf 90' lang='grc' dir='ltr'><em>τινες</em></span> <span class='ocrx_word' id='word_1_60' title='bbox 513 1012 763 1094; x_wconf 73' lang='grc' dir='ltr'><em>αὐτῶνξώουσι</em></span> <span class='ocrx_word' id='word_1_61' title='bbox 778 1011 843 1080; x_wconf 84' lang='grc' dir='ltr'><em>ἀπὸ</em></span> <span class='ocrx_word' id='word_1_62' title='bbox 862 1020 930 1082; x_wconf 79' lang='grc' dir='ltr'><em>τῶν</em></span> <span class='ocrx_word' id='word_1_63' title='bbox 946 1012 1079 1102; x_wconf 73' lang='grc' dir='ltr'><em>ίχθάων</em></span> <span class='ocrx_word' id='word_1_64' title='bbox 1094 1013 1174 1100; x_wconf 89' lang='grc' dir='ltr'><em>μοό-</em></span> 
     </span>
     <span class='ocr_line' id='line_1_9' title="bbox 172 1107 1176 1200; baseline -0.001 -22"><span class='ocrx_word' id='word_1_65' title='bbox 172 1137 254 1198; x_wconf 85' lang='grc' dir='ltr'><em>νων,</em></span> <span class='ocrx_word' id='word_1_66' title='bbox 277 1108 357 1189; x_wconf 83' lang='grc' dir='ltr'><em>τοῦς</em></span> <span class='ocrx_word' id='word_1_67' title='bbox 367 1107 470 1178; x_wconf 82' lang='grc' dir='ltr'><em>ίπεάν</em></span> <span class='ocrx_word' id='word_1_68' title='bbox 484 1112 612 1198; x_wconf 82' lang='grc' dir='ltr'><em>λάβωσι</em></span> <span class='ocrx_word' id='word_1_69' title='bbox 623 1113 678 1179; x_wconf 78' lang='grc' dir='ltr'><em>καί</em></span> <span class='ocrx_word' id='word_1_70' title='bbox 691 1114 825 1192; x_wconf 77' lang='grc' dir='ltr'><em>ἐξέλωσι</em></span> <span class='ocrx_word' id='word_1_71' title='bbox 838 1110 901 1200; x_wconf 91' lang='grc' dir='ltr'><em>τὴν</em></span> <span class='ocrx_word' id='word_1_72' title='bbox 916 1119 1058 1199; x_wconf 83' lang='grc' dir='ltr'><em>κοιλίην,</em></span> <span class='ocrx_word' id='word_1_73' title='bbox 1081 1108 1176 1179; x_wconf 89' lang='grc' dir='ltr'><em>αάαί-</em></span> 
     </span>
     <span class='ocr_line' id='line_1_10' title="bbox 173 1206 1137 1297; baseline -0.001 -19"><span class='ocrx_word' id='word_1_74' title='bbox 173 1230 271 1278; x_wconf 91' lang='grc' dir='ltr'><em>νουσι</em></span> <span class='ocrx_word' id='word_1_75' title='bbox 284 1206 370 1295; x_wconf 87' lang='grc' dir='ltr'><em>πρός</em></span> <span class='ocrx_word' id='word_1_76' title='bbox 383 1207 481 1297; x_wconf 88' lang='grc' dir='ltr'><em>ἡλιον</em></span> <span class='ocrx_word' id='word_1_77' title='bbox 495 1213 552 1279; x_wconf 84' lang='grc' dir='ltr'><em>καὶ</em></span> <span class='ocrx_word' id='word_1_78' title='bbox 566 1216 695 1279; x_wconf 79' lang='grc' dir='ltr'><em>ἔπειτεν</em></span> <span class='ocrx_word' id='word_1_79' title='bbox 709 1208 814 1290; x_wconf 81' lang='grc' dir='ltr'><em>αὔους</em></span> <span class='ocrx_word' id='word_1_80' title='bbox 830 1210 946 1291; x_wconf 74' lang='grc' dir='ltr'><em>ἐόντας</em></span> <span class='ocrx_word' id='word_1_81' title='bbox 961 1213 1137 1280; x_wconf 89' lang='grc' dir='ltr'><em>σιτέονται.</em></span> 
     </span>
    </p>

    <p class='ocr_par' dir='ltr' id='par_1_3' title="bbox 124 1303 1198 3586">
     <span class='ocr_line' id='line_1_11' title="bbox 124 1303 1177 1397; baseline -0.009 -16"><span class='ocrx_word' id='word_1_82' title='bbox 124 1323 159 1381; x_wconf 72' lang='grc'><em>98</em></span> <span class='ocrx_word' id='word_1_83' title='bbox 259 1316 303 1378; x_wconf 88' lang='grc' dir='ltr'><em>Οί</em></span> <span class='ocrx_word' id='word_1_84' title='bbox 318 1308 354 1378; x_wconf 75' lang='grc' dir='ltr'><em>δὲ</em></span> <span class='ocrx_word' id='word_1_85' title='bbox 370 1309 486 1395; x_wconf 76' lang='grc' dir='ltr'><em>ίχθόες</em></span> <span class='ocrx_word' id='word_1_86' title='bbox 501 1314 534 1379; x_wconf 83' lang='grc' dir='ltr'><em>οί</em></span> <span class='ocrx_word' id='word_1_87' title='bbox 545 1308 696 1396; x_wconf 74' lang='grc' dir='ltr'><em>ἀγελαῖοι</em></span> <span class='ocrx_word' id='word_1_88' title='bbox 712 1313 749 1378; x_wconf 77' lang='grc' dir='ltr'><em>ἐν</em></span> <span class='ocrx_word' id='word_1_89' title='bbox 762 1314 825 1397; x_wconf 79' lang='grc' dir='ltr'><em>μὲν</em></span> <span class='ocrx_word' id='word_1_90' title='bbox 842 1324 926 1378; x_wconf 77' lang='grc' dir='ltr'><em>τοῖσι</em></span> <span class='ocrx_word' id='word_1_91' title='bbox 943 1323 1122 1396; x_wconf 75' lang='grc' dir='ltr'><em>ποταμοῖσι</em></span> <span class='ocrx_word' id='word_1_92' title='bbox 1139 1303 1177 1373; x_wconf 89' lang='grc' dir='ltr'><em>οό</em></span> 
     </span>
     <span class='ocr_line' id='line_1_12' title="bbox 173 1409 1178 1501; baseline -0.007 -20"><span class='ocrx_word' id='word_1_93' title='bbox 173 1415 262 1501; x_wconf 85' lang='grc' dir='ltr'><em>μάλα</em></span> <span class='ocrx_word' id='word_1_94' title='bbox 279 1419 447 1499; x_wconf 89' lang='grc' dir='ltr'><em>γίνονται,</em></span> <span class='ocrx_word' id='word_1_95' title='bbox 475 1413 679 1499; x_wconf 80' lang='grc' dir='ltr'><em>τρεφόμενοι</em></span> <span class='ocrx_word' id='word_1_96' title='bbox 705 1415 742 1480; x_wconf 69' lang='grc' dir='ltr'><em>δέ</em></span> <span class='ocrx_word' id='word_1_97' title='bbox 762 1413 799 1480; x_wconf 83' lang='grc' dir='ltr'><em>έν</em></span> <span class='ocrx_word' id='word_1_98' title='bbox 819 1418 894 1501; x_wconf 75' lang='grc' dir='ltr'><em>τῇσι</em></span> <span class='ocrx_word' id='word_1_99' title='bbox 915 1418 1051 1500; x_wconf 81' lang='grc' dir='ltr'><em>λίμνῃσι</em></span> <span class='ocrx_word' id='word_1_100' title='bbox 1066 1409 1178 1478; x_wconf 76' lang='grc' dir='ltr'><em>τοιάδε</em></span> 
     </span>
     <span class='ocr_line' id='line_1_13' title="bbox 174 1508 1179 1600; baseline -0.002 -20"><span class='ocrx_word' id='word_1_101' title='bbox 174 1518 323 1580; x_wconf 83' lang='grc' dir='ltr'><em>ποιεῦσι·</em></span> <span class='ocrx_word' id='word_1_102' title='bbox 346 1509 450 1579; x_wconf 89' lang='grc' dir='ltr'><em>ε’πεάν</em></span> <span class='ocrx_word' id='word_1_103' title='bbox 465 1531 569 1597; x_wconf 89' lang='grc' dir='ltr'><em>σφεας</em></span> <span class='ocrx_word' id='word_1_104' title='bbox 584 1514 656 1600; x_wconf 79' lang='grc' dir='ltr'><em>ἐσίῃ</em></span> <span class='ocrx_word' id='word_1_105' title='bbox 674 1509 804 1597; x_wconf 83' lang='grc' dir='ltr'><em>οίστρος</em></span> <span class='ocrx_word' id='word_1_106' title='bbox 818 1517 1036 1597; x_wconf 77' lang='grc' dir='ltr'><em>κυίσκεσθαι,</em></span> <span class='ocrx_word' id='word_1_107' title='bbox 1060 1508 1179 1597; x_wconf 83' lang='grc' dir='ltr'><em>ἀγελη-</em></span> 
     </span>
     <span class='ocr_line' id='line_1_14' title="bbox 174 1607 1180 1698; baseline -0.002 -22"><span class='ocrx_word' id='word_1_108' title='bbox 174 1608 236 1676; x_wconf 79' lang='grc' dir='ltr'><em>ὀόν</em></span> <span class='ocrx_word' id='word_1_109' title='bbox 257 1607 446 1677; x_wconf 84' lang='grc' dir='ltr'><em>ίκπλώουσι</em></span> <span class='ocrx_word' id='word_1_110' title='bbox 467 1611 500 1688; x_wconf 84' lang='grc' dir='ltr'><em>ἐς</em></span> <span class='ocrx_word' id='word_1_111' title='bbox 521 1610 716 1678; x_wconf 83' lang='grc' dir='ltr'><em>θάλασσαν·</em></span> <span class='ocrx_word' id='word_1_112' title='bbox 747 1608 903 1696; x_wconf 79' lang='grc' dir='ltr'><em>ἡγέονται</em></span> <span class='ocrx_word' id='word_1_113' title='bbox 930 1613 966 1680; x_wconf 75' lang='grc' dir='ltr'><em>δὲ</em></span> <span class='ocrx_word' id='word_1_114' title='bbox 991 1616 1025 1679; x_wconf 82' lang='grc' dir='ltr'><em>οί</em></span> <span class='ocrx_word' id='word_1_115' title='bbox 1049 1616 1180 1698; x_wconf 75' lang='grc' dir='ltr'><em>ἔρσενες</em></span> 
     </span>
     <span class='ocr_line' id='line_1_15' title="bbox 174 1709 1181 1799; baseline -0.007 -17"><span class='ocrx_word' id='word_1_116' title='bbox 174 1713 435 1799; x_wconf 80' lang='grc' dir='ltr'><em>ἀπορραίνοντες</em></span> <span class='ocrx_word' id='word_1_117' title='bbox 450 1719 510 1779; x_wconf 88' lang='grc' dir='ltr'><em>τοῦ</em></span> <span class='ocrx_word' id='word_1_118' title='bbox 524 1719 652 1799; x_wconf 77' lang='grc' dir='ltr'><em>θοροῦ,</em></span> <span class='ocrx_word' id='word_1_119' title='bbox 676 1717 713 1780; x_wconf 90' lang='grc' dir='ltr'><em>αί</em></span> <span class='ocrx_word' id='word_1_120' title='bbox 725 1713 761 1780; x_wconf 74' lang='grc' dir='ltr'><em>δὲ</em></span> <span class='ocrx_word' id='word_1_121' title='bbox 775 1714 936 1799; x_wconf 84' lang='grc' dir='ltr'><em>ἑπόμεναι</em></span> <span class='ocrx_word' id='word_1_122' title='bbox 950 1709 1181 1781; x_wconf 83' lang='grc' dir='ltr'><em>ἀνακάπτουσι</em></span> 
     </span>
     <span class='ocr_line' id='line_1_16' title="bbox 173 1809 1181 1910; baseline -0.009 -28"><span class='ocrx_word' id='word_1_123' title='bbox 173 1816 229 1882; x_wconf 79' lang='grc' dir='ltr'><em>καὶ</em></span> <span class='ocrx_word' id='word_1_124' title='bbox 246 1816 279 1893; x_wconf 84' lang='grc' dir='ltr'><em>έξ</em></span> <span class='ocrx_word' id='word_1_125' title='bbox 294 1809 401 1880; x_wconf 80' lang='grc' dir='ltr'><em>αὐτοῦ</em></span> <span class='ocrx_word' id='word_1_126' title='bbox 421 1817 625 1880; x_wconf 86' lang='grc' dir='ltr'><em>κυίσκονται.</em></span> <span class='ocrx_word' id='word_1_127' title='bbox 673 1809 777 1910; x_wconf 72' lang='grc' dir='ltr'><em>έπεάν</em></span> <span class='ocrx_word' id='word_1_128' title='bbox 797 1811 833 1879; x_wconf 76' lang='grc' dir='ltr'><em>ὀὲ</em></span> <span class='ocrx_word' id='word_1_129' title='bbox 854 1811 995 1898; x_wconf 81' lang='grc' dir='ltr'><em>πλήρεες</em></span> <span class='ocrx_word' id='word_1_130' title='bbox 1017 1813 1181 1896; x_wconf 86' lang='grc' dir='ltr'><em>γένωνται</em></span> 
     </span>
     <span class='ocr_line' id='line_1_17' title="bbox 175 1907 1183 2005; baseline -0.01 -22"><span class='ocrx_word' id='word_1_131' title='bbox 175 1919 212 1984; x_wconf 80' lang='grc' dir='ltr'><em>ἐν</em></span> <span class='ocrx_word' id='word_1_132' title='bbox 233 1920 273 2005; x_wconf 77' lang='grc' dir='ltr'><em>τῇ</em></span> <span class='ocrx_word' id='word_1_133' title='bbox 291 1911 465 2001; x_wconf 75' lang='grc' dir='ltr'><em>θαλάσσῃ,</em></span> <span class='ocrx_word' id='word_1_134' title='bbox 489 1909 706 1982; x_wconf 79' lang='grc' dir='ltr'><em>ἀναπλώουσι</em></span> <span class='ocrx_word' id='word_1_135' title='bbox 722 1908 828 1980; x_wconf 87' lang='grc' dir='ltr'><em>ὀπίσω</em></span> <span class='ocrx_word' id='word_1_136' title='bbox 843 1913 875 1991; x_wconf 86' lang='grc' dir='ltr'><em>ές</em></span> <span class='ocrx_word' id='word_1_137' title='bbox 889 1907 976 1998; x_wconf 76' lang='grc' dir='ltr'><em>ἡθεα</em></span> <span class='ocrx_word' id='word_1_138' title='bbox 991 1907 1030 1979; x_wconf 85' lang='grc' dir='ltr'><em>τά</em></span> <span class='ocrx_word' id='word_1_139' title='bbox 1047 1911 1183 1977; x_wconf 77' lang='grc' dir='ltr'><em>ἑωυτῶν</em></span> 
     </span>
     <span class='ocr_line' id='line_1_18' title="bbox 175 2010 1184 2107; baseline -0.004 -25"><span class='ocrx_word' id='word_1_140' title='bbox 175 2019 316 2084; x_wconf 77' lang='grc' dir='ltr'><em>ἕκαστον.</em></span> <span class='ocrx_word' id='word_1_141' title='bbox 355 2012 511 2103; x_wconf 78' lang='grc' dir='ltr'><em>ἡγέονται</em></span> <span class='ocrx_word' id='word_1_142' title='bbox 527 2019 640 2101; x_wconf 83' lang='grc' dir='ltr'><em>μέντοι</em></span> <span class='ocrx_word' id='word_1_143' title='bbox 655 2042 693 2107; x_wconf 88' lang='grc' dir='ltr'><em>γε</em></span> <span class='ocrx_word' id='word_1_144' title='bbox 708 2013 820 2084; x_wconf 85' lang='grc' dir='ltr'><em>οῦκέτι</em></span> <span class='ocrx_word' id='word_1_145' title='bbox 835 2018 868 2083; x_wconf 81' lang='grc' dir='ltr'><em>οἱ</em></span> <span class='ocrx_word' id='word_1_146' title='bbox 882 2010 992 2099; x_wconf 80' lang='grc' dir='ltr'><em>αὐτοὶ,</em></span> <span class='ocrx_word' id='word_1_147' title='bbox 1015 2011 1100 2082; x_wconf 86' lang='grc' dir='ltr'><em>ἀλλά</em></span> <span class='ocrx_word' id='word_1_148' title='bbox 1114 2020 1184 2080; x_wconf 80' lang='grc' dir='ltr'><em>τῶν</em></span> 
     </span>
     <span class='ocr_line' id='line_1_19' title="bbox 174 2110 1183 2201; baseline -0.004 -21"><span class='ocrx_word' id='word_1_149' title='bbox 174 2115 309 2198; x_wconf 81' lang='grc' dir='ltr'><em>θηλέων</em></span> <span class='ocrx_word' id='word_1_150' title='bbox 336 2120 462 2200; x_wconf 91' lang='grc' dir='ltr'><em>γίνεται</em></span> <span class='ocrx_word' id='word_1_151' title='bbox 486 2112 508 2199; x_wconf 88' lang='grc' dir='ltr'><em>ἡ</em></span> <span class='ocrx_word' id='word_1_152' title='bbox 532 2111 703 2201; x_wconf 86' lang='grc' dir='ltr'><em>ἡγεμονίη.</em></span> <span class='ocrx_word' id='word_1_153' title='bbox 749 2112 932 2201; x_wconf 82' lang='grc' dir='ltr'><em>ἡγεόμενοι</em></span> <span class='ocrx_word' id='word_1_154' title='bbox 958 2113 995 2182; x_wconf 76' lang='grc' dir='ltr'><em>δὲ</em></span> <span class='ocrx_word' id='word_1_155' title='bbox 1016 2110 1183 2200; x_wconf 82' lang='grc' dir='ltr'><em>ἀγεληδὸν</em></span> 
     </span>
     <span class='ocr_line' id='line_1_20' title="bbox 175 2204 1185 2305; baseline 0.001 -27"><span class='ocrx_word' id='word_1_156' title='bbox 175 2218 308 2279; x_wconf 87' lang='grc' dir='ltr'><em>ποιεῦσι</em></span> <span class='ocrx_word' id='word_1_157' title='bbox 344 2204 482 2299; x_wconf 82' lang='grc' dir='ltr'><em>οἷόνπερ</em></span> <span class='ocrx_word' id='word_1_158' title='bbox 520 2217 656 2281; x_wconf 89' lang='grc' dir='ltr'><em>έποίενν</em></span> <span class='ocrx_word' id='word_1_159' title='bbox 684 2218 718 2281; x_wconf 90' lang='grc' dir='ltr'><em>οί</em></span> <span class='ocrx_word' id='word_1_160' title='bbox 743 2219 891 2300; x_wconf 83' lang='grc' dir='ltr'><em>ἔρσενες·</em></span> <span class='ocrx_word' id='word_1_161' title='bbox 921 2220 990 2281; x_wconf 80' lang='grc' dir='ltr'><em>τών</em></span> <span class='ocrx_word' id='word_1_162' title='bbox 1014 2213 1079 2302; x_wconf 85' lang='grc' dir='ltr'><em>γάρ</em></span> <span class='ocrx_word' id='word_1_163' title='bbox 1106 2210 1185 2305; x_wconf 79' lang='grc' dir='ltr'><em>ρόών</em></span> 
     </span>
     <span class='ocr_line' id='line_1_21' title="bbox 176 2307 1186 2399; baseline 0.001 -22"><span class='ocrx_word' id='word_1_164' title='bbox 176 2307 419 2395; x_wconf 88' lang='grc' dir='ltr'><em>ἀπορραίνουσι</em></span> <span class='ocrx_word' id='word_1_165' title='bbox 434 2308 508 2377; x_wconf 90' lang='grc' dir='ltr'><em>κατ’</em></span> <span class='ocrx_word' id='word_1_166' title='bbox 525 2308 659 2397; x_wconf 86' lang='grc' dir='ltr'><em>ὀλίγους</em></span> <span class='ocrx_word' id='word_1_167' title='bbox 673 2318 741 2379; x_wconf 86' lang='grc' dir='ltr'><em>τών</em></span> <span class='ocrx_word' id='word_1_168' title='bbox 756 2313 922 2399; x_wconf 86' lang='grc' dir='ltr'><em>κέγχρων,</em></span> <span class='ocrx_word' id='word_1_169' title='bbox 949 2316 983 2381; x_wconf 85' lang='grc' dir='ltr'><em>οί</em></span> <span class='ocrx_word' id='word_1_170' title='bbox 995 2312 1032 2380; x_wconf 76' lang='grc' dir='ltr'><em>δὲ</em></span> <span class='ocrx_word' id='word_1_171' title='bbox 1050 2319 1186 2399; x_wconf 79' lang='grc' dir='ltr'><em>ἔρσενες</em></span> 
     </span>
     <span class='ocr_line' id='line_1_22' title="bbox 176 2402 1184 2495; baseline -0.004 -19"><span class='ocrx_word' id='word_1_172' title='bbox 176 2413 396 2476; x_wconf 85' lang='grc' dir='ltr'><em>καταπίνουσι</em></span> <span class='ocrx_word' id='word_1_173' title='bbox 410 2408 576 2495; x_wconf 84' lang='grc' dir='ltr'><em>ἑπόμενοι.</em></span> <span class='ocrx_word' id='word_1_174' title='bbox 616 2413 680 2479; x_wconf 82' lang='grc' dir='ltr'><em>είσὶ</em></span> <span class='ocrx_word' id='word_1_175' title='bbox 700 2408 736 2477; x_wconf 75' lang='grc' dir='ltr'><em>δὲ</em></span> <span class='ocrx_word' id='word_1_176' title='bbox 750 2414 784 2477; x_wconf 90' lang='grc' dir='ltr'><em>οί</em></span> <span class='ocrx_word' id='word_1_177' title='bbox 796 2413 929 2495; x_wconf 81' lang='grc' dir='ltr'><em>κέγχροι</em></span> <span class='ocrx_word' id='word_1_178' title='bbox 945 2402 1040 2479; x_wconf 87' lang='grc' dir='ltr'><em>οῦτοι</em></span> <span class='ocrx_word' id='word_1_179' title='bbox 1055 2410 1184 2495; x_wconf 73' lang='grc' dir='ltr'><em>ίχθάες.</em></span> 
     </span>
     <span class='ocr_line' id='line_1_23' title="bbox 176 2505 1187 2594; baseline -0.002 -19"><span class='ocrx_word' id='word_1_180' title='bbox 176 2508 212 2575; x_wconf 78' lang='grc' dir='ltr'><em>ἐκ</em></span> <span class='ocrx_word' id='word_1_181' title='bbox 235 2508 271 2574; x_wconf 77' lang='grc' dir='ltr'><em>δὲ</em></span> <span class='ocrx_word' id='word_1_182' title='bbox 291 2514 368 2575; x_wconf 80' lang='grc' dir='ltr'><em>τών.</em></span> <span class='ocrx_word' id='word_1_183' title='bbox 380 2511 647 2594; x_wconf 82' lang='grc' dir='ltr'><em>περιγινομένων</em></span> <span class='ocrx_word' id='word_1_184' title='bbox 669 2512 724 2576; x_wconf 78' lang='grc' dir='ltr'><em>καὶ</em></span> <span class='ocrx_word' id='word_1_185' title='bbox 745 2505 789 2594; x_wconf 91' lang='grc' dir='ltr'><em>μὴ</em></span> <span class='ocrx_word' id='word_1_186' title='bbox 811 2513 1088 2594; x_wconf 83' lang='grc' dir='ltr'><em>καταπινομένων</em></span> <span class='ocrx_word' id='word_1_187' title='bbox 1104 2510 1187 2591; x_wconf 91' lang='grc' dir='ltr'><em>κε’γ-</em></span> 
     </span>
     <span class='ocr_line' id='line_1_24' title="bbox 175 2602 1189 2696; baseline -0.003 -23"><span class='ocrx_word' id='word_1_188' title='bbox 175 2633 267 2692; x_wconf 92' lang='grc' dir='ltr'><em>χρων</em></span> <span class='ocrx_word' id='word_1_189' title='bbox 287 2612 320 2673; x_wconf 91' lang='grc' dir='ltr'><em>οί</em></span> <span class='ocrx_word' id='word_1_190' title='bbox 338 2606 539 2693; x_wconf 88' lang='grc' dir='ltr'><em>τρεφόμενοι</em></span> <span class='ocrx_word' id='word_1_191' title='bbox 560 2607 677 2696; x_wconf 76' lang='grc' dir='ltr'><em>ίχθάες</em></span> <span class='ocrx_word' id='word_1_192' title='bbox 695 2612 854 2692; x_wconf 90' lang='grc' dir='ltr'><em>γίνονται.</em></span> <span class='ocrx_word' id='word_1_193' title='bbox 898 2614 932 2675; x_wconf 78' lang='grc' dir='ltr'><em>οἳ</em></span> <span class='ocrx_word' id='word_1_194' title='bbox 950 2604 981 2673; x_wconf 73' lang='grc' dir='ltr'><em>δ’</em></span> <span class='ocrx_word' id='word_1_195' title='bbox 1005 2602 1048 2672; x_wconf 87' lang='grc' dir='ltr'><em>ἀν</em></span> <span class='ocrx_word' id='word_1_196' title='bbox 1069 2602 1189 2673; x_wconf 81' lang='grc' dir='ltr'><em>αὐτῶν</em></span> 
     </span>
     <span class='ocr_line' id='line_1_25' title="bbox 177 2705 1189 2795; baseline 0 -20"><span class='ocrx_word' id='word_1_197' title='bbox 177 2705 281 2775; x_wconf 78' lang='grc' dir='ltr'><em>ἁλῶσι</em></span> <span class='ocrx_word' id='word_1_198' title='bbox 304 2706 509 2786; x_wconf 74' lang='grc' dir='ltr'><em>ἐκπλώοντες</em></span> <span class='ocrx_word' id='word_1_199' title='bbox 533 2709 566 2786; x_wconf 83' lang='grc' dir='ltr'><em>ἐς</em></span> <span class='ocrx_word' id='word_1_200' title='bbox 585 2709 782 2795; x_wconf 78' lang='grc' dir='ltr'><em>θάλασσαν,</em></span> <span class='ocrx_word' id='word_1_201' title='bbox 811 2714 990 2795; x_wconf 88' lang='grc' dir='ltr'><em>φαίνονται</em></span> <span class='ocrx_word' id='word_1_202' title='bbox 1009 2710 1189 2795; x_wconf 83' lang='grc' dir='ltr'><em>τετριμμέ-</em></span> 
     </span>
     <span class='ocr_line' id='line_1_26' title="bbox 176 2801 1190 2892; baseline 0 -21"><span class='ocrx_word' id='word_1_203' title='bbox 176 2831 230 2872; x_wconf 95' lang='grc' dir='ltr'><em>νοι</em></span> <span class='ocrx_word' id='word_1_204' title='bbox 256 2801 296 2871; x_wconf 83' lang='grc' dir='ltr'><em>τά</em></span> <span class='ocrx_word' id='word_1_205' title='bbox 322 2802 374 2872; x_wconf 84' lang='grc' dir='ltr'><em>ἐπ’</em></span> <span class='ocrx_word' id='word_1_206' title='bbox 402 2802 559 2892; x_wconf 84' lang='grc' dir='ltr'><em>ἀριστερά</em></span> <span class='ocrx_word' id='word_1_207' title='bbox 584 2813 653 2873; x_wconf 80' lang='grc' dir='ltr'><em>τῶν</em></span> <span class='ocrx_word' id='word_1_208' title='bbox 678 2809 868 2892; x_wconf 84' lang='grc' dir='ltr'><em>κεφαλέων,</em></span> <span class='ocrx_word' id='word_1_209' title='bbox 897 2812 932 2874; x_wconf 78' lang='grc' dir='ltr'><em>οἳ</em></span> <span class='ocrx_word' id='word_1_210' title='bbox 955 2803 986 2873; x_wconf 77' lang='grc' dir='ltr'><em>δ’</em></span> <span class='ocrx_word' id='word_1_211' title='bbox 1011 2802 1054 2874; x_wconf 79' lang='grc' dir='ltr'><em>ἀν</em></span> <span class='ocrx_word' id='word_1_212' title='bbox 1076 2802 1190 2874; x_wconf 89' lang='grc' dir='ltr'><em>ὀπίσω</em></span> 
     </span>
     <span class='ocr_line' id='line_1_27' title="bbox 176 2903 1191 2993; baseline 0.002 -22"><span class='ocrx_word' id='word_1_213' title='bbox 176 2903 428 2991; x_wconf 85' lang='grc' dir='ltr'><em>ἀναπλώοντες,</em></span> <span class='ocrx_word' id='word_1_214' title='bbox 450 2903 491 2972; x_wconf 82' lang='grc' dir='ltr'><em>τά</em></span> <span class='ocrx_word' id='word_1_215' title='bbox 512 2908 565 2974; x_wconf 81' lang='grc' dir='ltr'><em>ἐπί</em></span> <span class='ocrx_word' id='word_1_216' title='bbox 593 2904 685 2986; x_wconf 79' lang='grc' dir='ltr'><em>δεξιά</em></span> <span class='ocrx_word' id='word_1_217' title='bbox 714 2912 916 2992; x_wconf 88' lang='grc' dir='ltr'><em>τετρίφαται.</em></span> <span class='ocrx_word' id='word_1_218' title='bbox 960 2905 1127 2993; x_wconf 89' lang='grc' dir='ltr'><em>πάσχουσι</em></span> <span class='ocrx_word' id='word_1_219' title='bbox 1152 2908 1191 2974; x_wconf 80' lang='grc' dir='ltr'><em>δὲ</em></span> 
     </span>
     <span class='ocr_line' id='line_1_28' title="bbox 176 3000 1193 3097; baseline 0.001 -25"><span class='ocrx_word' id='word_1_220' title='bbox 176 3012 280 3073; x_wconf 88' lang='grc' dir='ltr'><em>ταῦτα</em></span> <span class='ocrx_word' id='word_1_221' title='bbox 301 3000 356 3071; x_wconf 81' lang='grc' dir='ltr'><em>διά</em></span> <span class='ocrx_word' id='word_1_222' title='bbox 378 3004 470 3073; x_wconf 79' lang='grc' dir='ltr'><em>τόδε·</em></span> <span class='ocrx_word' id='word_1_223' title='bbox 499 3006 651 3093; x_wconf 91' lang='grc' dir='ltr'><em>ε’χόμενοι</em></span> <span class='ocrx_word' id='word_1_224' title='bbox 672 3013 729 3091; x_wconf 85' lang='grc' dir='ltr'><em>τὴς</em></span> <span class='ocrx_word' id='word_1_225' title='bbox 749 3012 810 3093; x_wconf 86' lang='grc' dir='ltr'><em>γῆς</em></span> <span class='ocrx_word' id='word_1_226' title='bbox 830 3003 881 3073; x_wconf 85' lang='grc' dir='ltr'><em>ἐπ’</em></span> <span class='ocrx_word' id='word_1_227' title='bbox 905 3004 1062 3097; x_wconf 83' lang='grc' dir='ltr'><em>ἀριστερά</em></span> <span class='ocrx_word' id='word_1_228' title='bbox 1080 3032 1193 3075; x_wconf 86' lang='grc' dir='ltr'><em>κοιτα-</em></span> 
     </span>
     <span class='ocr_line' id='line_1_29' title="bbox 176 3101 1198 3191; baseline 0.002 -20"><span class='ocrx_word' id='word_1_229' title='bbox 176 3104 327 3171; x_wconf 87' lang='grc' dir='ltr'><em>πλώουσι</em></span> <span class='ocrx_word' id='word_1_230' title='bbox 340 3105 374 3181; x_wconf 79' lang='grc' dir='ltr'><em>ές</em></span> <span class='ocrx_word' id='word_1_231' title='bbox 389 3102 583 3190; x_wconf 79' lang='grc' dir='ltr'><em>θάλασσαν,</em></span> <span class='ocrx_word' id='word_1_232' title='bbox 608 3104 665 3171; x_wconf 81' lang='grc' dir='ltr'><em>καὶ</em></span> <span class='ocrx_word' id='word_1_233' title='bbox 678 3101 912 3183; x_wconf 87' lang='grc' dir='ltr'><em>ἀναπλώοντες</em></span> <span class='ocrx_word' id='word_1_234' title='bbox 927 3103 1033 3173; x_wconf 87' lang='grc' dir='ltr'><em>ὀπίσω</em></span> <span class='ocrx_word' id='word_1_235' title='bbox 1048 3110 1107 3191; x_wconf 83' lang='grc' dir='ltr'><em>τῆς</em></span> <span class='ocrx_word' id='word_1_236' title='bbox 1121 3101 1198 3173; x_wconf 85' lang='grc' dir='ltr'><em>αῦ-</em></span> 
     </span>
     <span class='ocr_line' id='line_1_30' title="bbox 176 3200 1195 3289; baseline 0.005 -22"><span class='ocrx_word' id='word_1_237' title='bbox 176 3210 233 3287; x_wconf 80' lang='grc' dir='ltr'><em>τὴς</em></span> <span class='ocrx_word' id='word_1_238' title='bbox 257 3200 466 3289; x_wconf 88' lang='grc' dir='ltr'><em>ἀντέχονται,</em></span> <span class='ocrx_word' id='word_1_239' title='bbox 496 3202 773 3289; x_wconf 81' lang='grc' dir='ltr'><em>ἐγχριμπτόμενοι</em></span> <span class='ocrx_word' id='word_1_240' title='bbox 795 3206 851 3271; x_wconf 82' lang='grc' dir='ltr'><em>καὶ</em></span> <span class='ocrx_word' id='word_1_241' title='bbox 871 3204 1038 3285; x_wconf 76' lang='grc' dir='ltr'><em>ψαύοντες</em></span> <span class='ocrx_word' id='word_1_242' title='bbox 1058 3201 1103 3283; x_wconf 75' lang='grc' dir='ltr'><em>ὥς</em></span> <span class='ocrx_word' id='word_1_243' title='bbox 1116 3204 1195 3289; x_wconf 90' lang='grc' dir='ltr'><em>μά-</em></span> 
     </span>
     <span class='ocr_line' id='line_1_31' title="bbox 177 3299 1193 3390; baseline 0.004 -23"><span class='ocrx_word' id='word_1_244' title='bbox 177 3308 287 3385; x_wconf 90' lang='grc' dir='ltr'><em>λιστα,</em></span> <span class='ocrx_word' id='word_1_245' title='bbox 310 3302 368 3366; x_wconf 76' lang='grc' dir='ltr'><em>ἵνα</em></span> <span class='ocrx_word' id='word_1_246' title='bbox 393 3300 433 3386; x_wconf 80' lang='grc' dir='ltr'><em>δὴ</em></span> <span class='ocrx_word' id='word_1_247' title='bbox 460 3299 504 3387; x_wconf 90' lang='grc' dir='ltr'><em>μὴ</em></span> <span class='ocrx_word' id='word_1_248' title='bbox 532 3299 715 3388; x_wconf 77' lang='grc' dir='ltr'><em>ἁμάρτοιεν</em></span> <span class='ocrx_word' id='word_1_249' title='bbox 739 3308 797 3390; x_wconf 83' lang='grc' dir='ltr'><em>τῆς</em></span> <span class='ocrx_word' id='word_1_250' title='bbox 822 3299 907 3370; x_wconf 80' lang='grc' dir='ltr'><em>ὁδοῦ</em></span> <span class='ocrx_word' id='word_1_251' title='bbox 928 3300 984 3371; x_wconf 81' lang='grc' dir='ltr'><em>ὀιά</em></span> <span class='ocrx_word' id='word_1_252' title='bbox 1005 3299 1065 3369; x_wconf 89' lang='grc' dir='ltr'><em>τόν</em></span> <span class='ocrx_word' id='word_1_253' title='bbox 1088 3302 1193 3388; x_wconf 75' lang='grc' dir='ltr'><em>(λόον.</em></span> 
     </span>
     <span class='ocr_line' id='line_1_32' title="bbox 177 3393 1196 3489; baseline 0.006 -26"><span class='ocrx_word' id='word_1_254' title='bbox 177 3393 279 3463; x_wconf 88' lang='grc' dir='ltr'><em>ε’πεάν</em></span> <span class='ocrx_word' id='word_1_255' title='bbox 299 3397 335 3463; x_wconf 77' lang='grc' dir='ltr'><em>δὲ</em></span> <span class='ocrx_word' id='word_1_256' title='bbox 355 3399 572 3483; x_wconf 76' lang='grc' dir='ltr'><em>πληθόεσθαι</em></span> <span class='ocrx_word' id='word_1_257' title='bbox 592 3398 731 3488; x_wconf 86' lang='grc' dir='ltr'><em>ἀρχῃται</em></span> <span class='ocrx_word' id='word_1_258' title='bbox 753 3397 771 3469; x_wconf 86' lang='grc' dir='ltr'><strong><em>ὁ</em></strong></span> <span class='ocrx_word' id='word_1_259' title='bbox 793 3406 933 3489; x_wconf 81' lang='grc' dir='ltr'><em>Νεῖλος,</em></span> <span class='ocrx_word' id='word_1_260' title='bbox 961 3401 1004 3469; x_wconf 88' lang='grc' dir='ltr'><em>τά</em></span> <span class='ocrx_word' id='word_1_261' title='bbox 1026 3426 1062 3469; x_wconf 91' lang='grc' dir='ltr'><em>τε</em></span> <span class='ocrx_word' id='word_1_262' title='bbox 1087 3411 1196 3471; x_wconf 86' lang='grc' dir='ltr'><em>κοῖλα</em></span> 
     </span>
     <span class='ocr_line' id='line_1_33' title="bbox 177 3492 1195 3586; baseline 0.008 -25"><span class='ocrx_word' id='word_1_263' title='bbox 177 3500 234 3579; x_wconf 82' lang='grc' dir='ltr'><em>τῆς</em></span> <span class='ocrx_word' id='word_1_264' title='bbox 256 3499 316 3580; x_wconf 86' lang='grc' dir='ltr'><em>γὴς</em></span> <span class='ocrx_word' id='word_1_265' title='bbox 335 3495 391 3565; x_wconf 79' lang='grc' dir='ltr'><em>καὶ</em></span> <span class='ocrx_word' id='word_1_266' title='bbox 410 3492 450 3562; x_wconf 85' lang='grc' dir='ltr'><em>τά</em></span> <span class='ocrx_word' id='word_1_267' title='bbox 472 3499 612 3584; x_wconf 83' lang='grc' dir='ltr'><em>τέλματα</em></span> <span class='ocrx_word' id='word_1_268' title='bbox 633 3496 673 3566; x_wconf 87' lang='grc' dir='ltr'><em>τά</em></span> <span class='ocrx_word' id='word_1_269' title='bbox 698 3495 789 3583; x_wconf 85' lang='grc' dir='ltr'><em>παρά</em></span> <span class='ocrx_word' id='word_1_270' title='bbox 812 3495 874 3565; x_wconf 90' lang='grc' dir='ltr'><em>τόν</em></span> <span class='ocrx_word' id='word_1_271' title='bbox 894 3495 1047 3586; x_wconf 84' lang='grc' dir='ltr'><em>ποταμόν</em></span> <span class='ocrx_word' id='word_1_272' title='bbox 1067 3506 1195 3585; x_wconf 77' lang='grc' dir='ltr'><em>πρῶτα</em></span> 
     </span>
    </p>
   </div>
   <div class='ocr_carea' id='block_1_3' title="bbox 0 0 1262 3925">
    <p class='ocr_par' dir='ltr' id='par_1_4' title="bbox 0 0 1262 3925">
     <span class='ocr_line' id='line_1_34' title="bbox 0 0 1262 3925; baseline 0 0"><span class='ocrx_word' id='word_1_273' title='bbox 0 0 1262 3925; x_wconf 95' lang='lat' dir='ltr'><em> </em></span> 
     </span>
    </p>
   </div>
  </div>
 </body>
</html>
