2500 3925
214 283 216 286 ¹
339 211 425 267 τιν.
460 210 508 266 vl.
543 208 643 266 οΑΡ.
679 214 821 268 εε-τε.
1045 208 1086 273 83

72 389 134 448 σας
148 374 206 438 nal
224 367 367 458 ἑβδόμας
386 370 566 455 ἱσταμένου
588 372 648 436 τοῦ
662 363 769 454 μηνός
788 370 952 467 δίδοσθαι,
966 371 1003 438 ἐκ
1024 376 1086 439 τοῦ

71 459 237 553 δημοσίοῠ
254 467 366 556 ἱρήιον
384 465 499 534 τέλεον
527 467 670 556 ἑκατέρω
687 466 721 544 ές
731 461 940 546 ’Λπόλλωνος
953 471 1011 536 τιαί
1025 470 1086 554 μέ-

72 571 195 654 διμνον
211 566 362 654 ἀλφίτων
376 570 431 638 καὶ
448 577 546 638 οἱνου
560 565 722 653 τετάρτην
735 572 956 655 Λακωνικήν,
977 570 1033 636 καί
1047 568 1085 636 έν

71 679 159 735 τοῖσι
175 665 280 753 άγύσι
299 673 382 734 πᾶσι
398 670 577 754 προεδρίας
592 665 795 749 ἐξαιρέτους·
817 665 874 733 καί
887 670 1085 750 προξείνους

71 761 318 834 ἀποδεικνύναι
329 764 476 834 τούτοισι
486 763 709 852 προσκέεσθαι
720 758 799 841 τούς
808 756 853 830 άν
864 765 1005 833 ἐθέλωσι
1016 772 1084 834 τόν

71 861 202 949 ἀστῶν,
218 865 444 943 καὶΠυθίους
454 865 629 952 αἱρέεσθαι
641 861 703 929 δύο
716 859 891 946 ἑκάτερον·
914 867 949 932 οἱ
961 863 999 932 δέ
1009 862 1084 932 Πύ-

72 966 152 1029 θιοί
159 968 222 1030 εἰσι
230 962 422 1048 θεοπρόποι
434 957 643 1047 έςΔελφούς,
653 957 838 1047 σιτεόμενοι
848 959 931 1048 μετά
942 970 1011 1032 τόν
1020 971 1084 1052 βα-

72 1063 195 1126 σιλέων
210 1056 250 1128 τά
266 1060 426 1148 δημόσια·
453 1057 497 1148 μή
519 1062 661 1128 ἐλθοῦσι
678 1059 714 1126 δέ
735 1073 820 1128 vom
833 1068 1010 1150 βασιλεῦσι
1031 1065 1084 1132 έπὶ

71 1154 109 1224 τό
123 1160 261 1225 δεῖπνον
272 1155 533 1246 ἀποπέμπεσθαί
540 1177 602 1246 σφι
617 1159 650 1237 ἐς
660 1156 701 1225 τά
713 1163 801 1228 οἰκία
812 1157 963 1247 ἀλφίτων
973 1188 1009 1230 τε
1021 1161 1084 1230 δύο

72 1265 222 1346 χοίνικας
232 1261 374 1351 ἑκατέρω
386 1261 442 1329 καί
453 1269 551 1330 οἱνου
562 1259 726 1346 κοτύλην,
740 1267 904 1346 παρεοῦσι
915 1263 951 1330 δέ
962 1260 1084 1348 διπλή-

73 1360 130 1426 σια
146 1355 255 1426 πάντα
269 1361 443 1428 δίδοσθαι·
465 1355 574 1428 τώυτό
590 1354 627 1428 δέ
641 1365 741 1426 τοῦτο
755 1352 811 1427 καί
824 1358 909 1448 πρός
922 1364 1084 1430 ἰδιωτέων

72 1458 260 1541 κληθέντας
272 1458 324 1526 ἐπὶ
333 1461 471 1526 δεῖπνον
481 1463 662 1544 τιμᾶσθαι·
673 1454 733 1536 τάς
745 1457 950 1546 δέμαντηίας
959 1457 1018 1538 τὰς
1028 1487 1082 1545 γι·

73 1557 217 1641 νομένας
230 1555 371 1635 τούτους
382 1555 579 1643 φυλάσσειν,
598 1555 788 1624 συνειδέναι
802 1557 838 1623 δὲ
850 1554 996 1636 καὶτοὺς
1007 1563 1082 1624 Πυ-

76 1660 188 1733 θίους·
205 1655 351 1736 δικάζειν
363 1656 399 1724 δὲ
407 1653 557 1742 μούνους
565 1651 645 1734 τούς
655 1653 812 1743 βασιλέας
821 1653 943 1722 τοσάδε
953 1661 1081 1743 μούνα·

74 1753 266 1840 πατρούχου
280 1780 316 1822 τε
331 1757 508 1843 παρθένιον
523 1756 616 1842 πέρι,
633 1755 666 1832 ές
682 1749 743 1821 τόν
759 1756 903 1823 ἱκνέεται
917 1759 1022 1842 ἔχειν,
1037 1748 1083 1841 ήν

72 1852 183 1942 μήπερ
209 1851 228 1921 ό
260 1851 370 1945 πατὴρ
393 1851 499 1943 αύτήν
520 1853 683 1944 ἐγγυήσῃ,
706 1856 763 1922 καί
784 1852 875 1923 ὁδῶν
896 1858 1083 1941 δημοσιέων

72 1953 166 2039 πέρι·
187 1953 242 2020 καί
255 1948 299 2039 ήν
309 1979 359 2033 τις
372 1950 478 2023 θετόν
487 1958 590 2023 παῖδα
600 1954 776 2023 ποιέεσθαι
787 1957 899 2045 έθέλη,
916 1957 1082 2045 βασιλέων

74 2053 231 2119 ἐναντίον
245 2055 437 2122 ποιέεσθαι·
466 2054 522 2121 καὶ
537 2059 688 2142 παρίζειν
701 2054 906 2141 βουλεύουσι
924 2068 1010 2124 τοῖσι
1024 2058 1081 2143 γε’-

73 2169 189 2237 ρουσι,
207 2150 300 2239 έούσι
315 2153 408 2217 δυῶν
424 2150 537 2219 δέουσι
550 2149 738 2240 τριήκοντα.
767 2147 811 2239 ἢν
829 2156 865 2223 δέ
880 2151 926 2241 μή
945 2159 1082 2239 ἔλθωσι,

73 2245 154 2327 τούς
167 2246 312 2335 μάλιστά
328 2270 389 2336 σφι
409 2257 477 2318 τῶν
497 2250 669 2338 γερόντων
688 2251 920 2341 προσήκοντας
934 2257 1021 2340 ἔχειν
1041 2252 1082 2322 τά

73 2354 142 2416 τόν
154 2349 320 2432 βασιλέων
337 2351 453 2437 γέρεα,
467 2348 531 2435 δύο
541 2349 678 2437 ψήφους
687 2353 902 2438 τιθεμένους,
916 2355 1031 2437 τρίτην
1046 2350 1083 2418 δὲ

73 2442 136 2531 τήν
151 2445 295 2515 ἑωυτόν.
337 2451 450 2513 Ταῦτα
470 2444 532 2531 μέν
548 2447 669 2526 ζύουσι
685 2460 771 2514 τοῖσι
790 2452 965 2533 βασιλεῦσι
986 2450 1082 2514 δέδο-
1095 2460 1129 2515 58

74 2569 129 2611 ται
140 2545 176 2611 έκ
186 2548 250 2609 τού
257 2549 375 2611 κοινοῦ
385 2550 453 2610 τῶν
460 2545 710 2631 Σπαρτιητέων,
718 2541 932 2612 ἀποθανοῦσι
942 2542 1081 2611 δὲτάδε·

75 2642 188 2720 ἱππέες
201 2643 479 2728 περιαγγέλλουσι
495 2638 532 2709 τό
551 2639 691 2728 γεγονὸς
707 2639 790 2710 κατὰ
806 2649 918 2709 πᾶσαν
932 2638 995 2729 τήν
1010 2649 1084 2713 Λα-

74 2744 239 2829 κωνικήν,
255 2738 386 2811 κατά-δέ
401 2738 463 2831 τήν
476 2742 578 2811 πόλιν
589 2748 947 2830 γυναίκεςπεριιούσαι
960 2743 1082 2832 λέβητα

74 2845 255 2931 κροτέουσι.
281 2840 383 2913 ἐπεάν
399 2836 448 2913 τόν
464 2852 563 2913 τούτο
578 2847 713 2932 γένηται
727 2850 876 2931 τοιοῦτο,
899 2841 1029 2932 ἀνάγκη
1047 2848 1082 2925 ἐξ

75 2950 178 3028 οἰκίης
190 2942 328 3031 ἑκάστης
339 2944 542 3030 ἐλευθέρους
553 2943 615 3013 δύο
628 2948 915 3030 καταμιαίνεσθαι,
928 2942 1036 3031 άνδρα
1046 2968 1083 3009 τε

64 3046 128 3111 καὶ
141 3057 302 3130 γυναῖκα·
323 3042 368 3133 μή
385 3043 543 3133 ποιήσασι
559 3046 595 3113 δὲ
609 3050 707 3113 τοῦτο
729 3048 837 3131 ζημίαι
851 3041 994 3128 μεγάλαι
1009 3042 1082 3107 έπι-

74 3144 195 3209 κέαται.
217 3142 321 3228 νόμος
336 3144 372 3211 δὲ
391 3156 478 3211 τοῖσι
492 3146 787 3230 Λακεδαιμονίοισι
801 3138 885 3211 κατὰ
900 3147 969 3208 τῶν
983 3145 1081 3227 βασι-

74 3242 157 3309 λέων
167 3236 246 3317 τούς
252 3240 425 3322 θανάτους
432 3245 499 3312 έστὶ
508 3239 615 3324 ὡντός
626 3244 681 3311 καὶ
688 3255 773 3328 τοῖσι
783 3238 985 3329 βαρβάροισι
996 3250 1083 3307 τοῖσι

74 3342 110 3409 έν
129 3348 169 3427 τῇ
185 3337 292 3431 Ἀσίη
319 3342 465 3433 τῶνγὰρ
490 3336 538 3413 τόν
555 3344 737 3433 βαρβάρων
753 3346 787 3410 οἱ
804 3346 946 3419 πλεῦνες
965 3335 1082 3431 τώυτῷ

74 3441 164 3531 νόμςο
175 3444 328 3527 χρέονται
338 3439 422 3511 κατά
432 3440 511 3523 τούς
522 3442 695 3521 θανάτους
706 3447 774 3509 τῶν
784 3442 960 3568 βασιλέωμ.
977 3436 1080 3507 ἐπεάν

740 3546 749 3565 ·
894 3538 912 3593 6
