2500 3925
125 296 165 359 14
310 262 316 275 “
500 296 753 355 κεκουονι

122 464 342 547 στραμμένων
364 459 401 528 δὲ
423 458 554 528 τούτων
569 462 625 527 καὶ
645 458 966 546 προσεπικτεομένου
978 463 1127 545 Κροίσου

122 565 281 649 Λυδοῖσι,
307 558 523 629 ἀπικνέονται
549 564 582 639 ἐς
602 559 731 644 Σάρδις
755 556 966 644 ἀκμαζούσας
992 557 1127 648 πλούτῳ

122 664 216 735 ἄλλοι
231 689 267 731 τε
285 667 319 731 οί
331 660 453 740 πύντες
467 666 558 729 ἐκ
518 688 577 748 της
585 660 743 740 Ἑλλάδος
757 659 931 749 σοφισταί,
952 668 988 729 οἳ
1004 667 1127 729 τούτου

121 762 181 833 τόν
201 761 325 848 χρόνον
348 759 532 847 ἐτύγχανον
551 757 727 846 ἐόντες,ω
702 760 977 925 ωήέκαστοςἩ
917 758 1031 829 αὐτῶν
1047 757 1128 827 ἄπι-

121 891 164 932 κι
166 866 268 946 εὀιτο,
284 863 339 929 καὶ
356 857 396 947 δὴ
411 861 467 927 καί
480 856 637 928 Σόλων’
618 855 704 945 ανὴρ
751 856 940 944 θηναῖος,“
920 884 957 937 υς
968 857 1128 946 Ἀθηναί-

122 981 189 1029 οισι
209 959 336 1047 νόμους
357 959 534 1027 κελεύσασι
557 958 699 1045 ποιήσας
721 954 914 1045 ἀπεδήμησε
938 964 1013 1025 ἔτεα
1035 960 1126 1042 δέκα,

121 1054 205 1126 κατὰ
219 1061 365 1143 θεωρίης
380 1057 554 1143 πρόφασιν
569 1056 758 1143 ἐκπλεύσας,
775 1060 833 1125 ἵνα
848 1056 889 1145 δή
905 1057 951 1146 μή
967 1082 1043 1125 τινα
1058 1062 1127 1123 τῶν

121 1156 237 1244 νόμων
251 1152 452 1245 ἀναγκασθῇ
462 1162 561 1224 λῦσαι
571 1162 640 1223 τῶν
657 1161 763 1223 ἐθετο.
793 1154 888 1224 αύτοὶ
903 1155 970 1243 γὰρ
984 1154 1048 1224 ούκ
1061 1151 1130 1223 οἷοί

121 1286 156 1328 τε
170 1251 259 1345 ἦσαν
272 1253 354 1323 ούτό
370 1263 506 1344 ποιήσαι
517 1253 707 1343 Ἀθηναῖοι·
723 1254 865 1340 ὁρκίοισι
876 1254 941 1343 γὰρ
952 1256 1122 1344 μεγύλοισι

121 1362 311 1443 κατείχοντο
334 1357 415 1423 δέκα
429 1360 503 1425 ἔτεα
523 1355 709 1442 χρήσεσθαι
729 1356 879 1441 νόμοισι,
901 1353 980 1435 τούς
1000 1355 1045 1423 ἅν
1064 1375 1125 1441 σφι

79 1456 245 1528 δοΣόλων
265 1459 375 1541 θῆται.
413 1452 536 1522 Αὐτῶν
561 1451 601 1541 δὴ
625 1446 674 1521 όν
697 1454 828 1522 τούτων
841 1458 896 1524 καί
909 1462 968 1543 τής
981 1462 1126 1542 θεωρίης

123 1552 309 1642 ἐκδημήσας
324 1550 342 1622 ὁ
359 1552 481 1621 Σόλων
503 1556 631 1621 εἵνεκεν
647 1558 680 1633 ἐς
694 1563 870 1641 Αίγοπτον
886 1551 1020 1623 ιἰπίκετο
1035 1551 1125 1638 παρὰ

114 1654 256 1741 ’Ἄμασιν
269 1656 325 1721 καὶ
345 1650 386 1739 δή
402 1656 457 1722 καί
471 1656 504 1731 ἐς
518 1652 647 1735 Σύρδις
667 1653 758 1741 παρὰ
773 1663 930 1740 Κροίσου.
963 1645 1122 1740 ύπικόμε-

122 1781 180 1833 νος
195 1752 231 1821 δὲ
246 1754 414 1832 ἐξεινίζετο
433 1754 470 1819 ἐν
483 1766 568 1819 τοῖσι
584 1760 786 1840 βασιληίοισι
799 1751 867 1820 ὑπό
881 1761 943 1821 τοῦ
957 1758 1121 1840 Κροίσου·

122 1848 203 1938 μετὰ
219 1848 271 1935 δὲ,
292 1846 400 1938 ἡμέρη
416 1855 509 1939 τρίτη
523 1845 544 1937 ἡ
560 1851 716 1938 τετύρτη,
738 1850 959 1931 κελεύσαντος
974 1857 1124 1935 Κροίσου

122 1950 182 2021 τὸν
192 1950 336 2020 Σόλωνα
346 1950 554 2036 θεράποντες
562 1958 724 2041 περιῆγον
733 1950 817 2021 κατα
828 1951 907 2033 τούς
918 1956 1123 2041 θησαυρούς,

122 2055 177 2120 καὶ
201 2055 440 2119 ἐπεδείκνυσαν
464 2051 574 2119 πάντα
600 2051 699 2119 ἐόντα
724 2052 852 2139 μεγάλα
876 2077 912 2119 τε
936 2054 992 2119 καὶ
1016 2049 1122 2138 ὄλβια.

122 2151 339 2239 θηησύμενου
365 2153 404 2218 δέ
421 2176 481 2236 μιν
499 2147 540 2217 τὰ
561 2150 671 2219 πάντα
690 2154 746 2220 καὶ
766 2152 996 2238 σκεψόμενον,
1026 2148 1071 2230 ὥς
1093 2155 1127 2220 οί

121 2246 206 2318 κατὰ
226 2245 349 2332 κνιρόν
369 2239 432 2334 ήν,
456 2257 563 2333 είρετο
585 2248 603 2317 ὁ
621 2258 766 2333 Κροῖσος
780 2252 876 2319 τόδε·
908 2256 1004 2328 Ξετνε
1021 2248 1122 2336 Ἀθη·

122 2362 210 2431 ναῖε,
229 2343 304 2431 παρ’
319 2341 422 2433 ἡμέας
435 2343 500 2431 γὰρ
516 2350 592 2432 περὶ
607 2351 662 2416 σέο
676 2348 777 2434 λόγος
787 2347 921 2416 ἀπῖκται
932 2344 1055 2427 πολλὸς
1068 2351 1123 2414 καὶ

122 2451 241 2532 σοφίης
255 2447 384 2512 εἵνεκεν
396 2451 454 2532 τής
470 2453 530 2534 σῆς
544 2450 599 2516 καὶ
613 2447 758 2533 πλύνης,
774 2445 819 2527 ὡς
832 2449 1046 2534 φιλοσοφέων
1058 2455 1123 2533 γῆν

121 2541 250 2630 πολλήν
269 2548 415 2629 θεωρίης
436 2547 565 2613 εἵνεκεν
591 2547 816 2633 ἐπελήλυθας·
850 2553 916 2612 νῦν
937 2538 986 2614 τόν
1008 2547 1122 2631 ἵμερος
1163 2619 1166 2624 ,

121 2648 317 2728 ἐπείρεσθαί
324 2669 381 2728 μοι
393 2646 529 2732 ἐπῆλθε,
546 2656 580 2715 εί
584 2671 661 2714 τινα
669 2645 733 2734 ήδη
748 2646 885 2714 πόντων
900 2643 983 2724 εἶδες
999 2642 1122 2731 ὀλβιό-

121 2768 237 2810 τατον·
271 2739 307 2808 ‘0
332 2741 394 2828 μὲν
421 2744 560 2824 ἐλπίζων
592 2743 677 2812 εἶναι
703 2742 899 2830 ἀνθρώπων
923 2742 1123 2830 ὀλβιώτατος

121 2846 224 2908 ταῦτα
240 2838 422 2931 έπειριότα,
446 2841 569 2910 Σόλων
584 2842 621 2911 δὲ
634 2839 735 2910 οὐδέν
750 2840 1014 2928 ὑποθωπεύσας,
1037 2839 1121 2911 ἀλλὰ

120 2944 166 3029 τῷ
184 2935 274 3004 ἐόντι
288 2937 494 3025 χρησόμενος
508 2943 613 3028 λέγει·
642 2935 681 3009 Ὠ
696 2948 851 3028 βασιλεῦ,
878 2944 1002 3010 Τέλλον
1019 2939 1123 3027 Ἀθη-

121 3049 226 3104 ναίον.
277 3030 519 3123 Ἀποθωμύσας
534 3039 570 3107 δὲ
584 3048 728 3125 Κροῖσος
741 3038 779 3108 τό
795 3038 916 3126 λεχθὲν
927 3049 1032 3125 είρετο
1049 3043 1122 3107 ἐπι-

121 3137 304 3220 στρεφέως
340 3141 426 3222 Κοίη
448 3133 488 3220 δὴ
510 3143 636 3221 κρίνεις
655 3138 827 3207 Τέλλονί
796 3164 882 3205 ευαι
899 3136 1121 3258 ὀλβιώτατον,

116 3231 151 3301 0
177 3231 213 3300 δε
240 3229 325 3298 εἶπε·
361 3235 471 3322 Τέλλφ
495 3259 594 3302 τουτο
616 3262 679 3320 μεν
698 3242 756 3320 τῆς
778 3235 893 3314 πόλιος
914 3229 955 3303 εὖ
973 3232 1121 3324 ἡκούσης

121 3322 270 3408 παῖδες
247 3350 336 3418 ησαν
349 3339 448 3399 καλοί
459 3359 494 3401 τε
508 3331 663 3421 κύγαθοι,
679 3343 738 3402 καί
748 3356 807 3421 σφι
824 3333 927 3403 εἷδε”
904 3356 1008 3404 απασι
1021 3340 1121 3404 τέκνα

33 3495 35 3500 ,
121 3427 322 3516 ἐκγενόμενα
336 3431 391 3496 καί
406 3429 516 3497 πύυτα
529 3439 790 3520 παραμείναντα,
804 3434 955 3502 τουτοδὲ
970 3460 1031 3501 του
1016 3440 1121 3521 βίου

120 3520 160 3594 εύ
173 3524 306 3613 ήκοντι,
329 3553 373 3605 ως
387 3524 427 3591 τὰ
442 3524 516 3613 παρ’
532 3525 629 3616 ἡμῖν,
650 3529 785 3618 τελευτή
800 3557 862 3598 του
846 3536 952 3617 βίου
967 3540 1120 3616 λαμπρο
