2500 3925
134 279 195 342 100
456 270 473 298 ’
504 272 760 334 HERODOTI

135 440 248 510 θαῦτά
262 443 297 509 οί
308 444 376 507 τῦν
395 461 445 516 τις
458 436 578 523 ίρῦυ”
562 455 677 502 ιππων
695 436 765 500 τῦν
784 427 955 500 λευκῦν“
936 423 1003 498 υπὸ
1019 424 1137 516 ὕβριος

51 568 58 582 ·
136 537 236 628 ἐσβὰς
261 540 294 617 ές
316 534 378 605 τόν
397 531 549 621 ποταμὸν
575 537 764 620 διαβαίνειν
788 525 995 618 έπειρῦτο,’
979 555 998 598 ο
1021 531 1060 596 δέ
1079 552 1138 614 μιν

1 628 4 633 ’
136 634 312 724 συμψήσας
325 632 537 754 ὑποβρύχιον
550 631 686 718 οἰχώκεε
700 631 824 716 φέρων
845 621 1137 714 κάρτατεδήέχα-
1248 627 1249 650 ³

135 738 273 803 λέπαινε
293 738 340 798 τῦ
360 737 497 822 ποταμώ
517 728 537 799 6
560 736 675 815 Κῦρος
695 734 794 796 τοῦτο
814 725 1007 815 ὑβρίσαντι,
1029 730 1089 794 καί
1107 726 1139 791 οί

136 835 336 919 ἐπηπείλησε
358 828 448 898 οὕτω
468 830 512 918 δή
533 856 592 916 μιν
612 825 760 896 άσθενέα
778 823 949 913 ποιήσειν,
972 823 1057 892 ὥστε
1077 826 1140 890 τοῦ

137 937 258 999 λοιποῦ
272 932 327 1000 καλ
341 932 504 1018 γυναῖκάς
522 958 582 1020 μιν
600 925 809 1008 εὐπετέως
774 954 812 996 το
831 925 920 1013 γόνυ
935 923 977 994 οῦ
996 923 1140 1046 βρεχού-

137 1048 197 1107 σας
221 1031 450 1120 διαβήσεσθαι.
472 1028 554 1119 μετά
580 1026 669 1098 δέ
632 1054 695 1116 την
719 1023 859 1114 άπειλήυ
873 1020 1040 1148 μετεὶς
1003 1049 1067 1111 την
1087 1023 1141 1090 ἐπὶ

136 1133 324 1213 Βαβυλῶνα
334 1128 533 1213 στράτευσιν
543 1123 713 1215 διαίρεε
678 1152 740 1213 την
749 1121 908 1213 στρατιήν
919 1129 1003 1211 δίχα,
1018 1116 1142 1192 διελάν

138 1225 351 1295 δὲκατέτεινε
367 1230 596 1314 σχοινοτενέας
606 1224 770 1305 ὑποδέξας
786 1223 953 1311 διάρυχας
967 1217 1143 1308 ὀγδωκον-

137 1345 178 1388 τα
192 1323 278 1390 καὶ
261 1320 380 1392 εκατὺυ
401 1347 468 1411 παρ
473 1319 709 1411 ’έκάτερον
675 1348 712 1389 το
730 1329 835 1408 χείλος
854 1345 916 1388 του
902 1319 1071 1388 Γύνδεω
1086 1341 1143 1384 τε-

137 1421 326 1505 τραμμένας
356 1420 467 1490 πάντα
494 1422 639 1509 τρόπον,
673 1418 827 1500 διατάξας
850 1418 887 1486 δὲ
910 1412 973 1487 τὺν
996 1412 1144 1503 στρατὸν

138 1512 298 1602 ὀρύσσειν
320 1520 459 1590 ἐκέλευε.
491 1517 545 1588 οἷα
570 1520 607 1588 δὲ
627 1515 748 1606 ὁμίλου
769 1525 897 1588 πολλοῦ
917 1518 1144 1606 ἐργαζομένου

137 1612 236 1702 ἤνετο
257 1617 321 1701 μὲν
339 1613 376 1685 τὸ
399 1623 519 1705 ἔργον,
541 1616 631 1705 ὅμως
655 1619 769 1703 μέντοι
792 1612 855 1703 τήν
873 1611 1010 1700 θέρειαυ
1029 1618 1145 1682 πάσαν

73 1731 124 1787 190
139 1709 245 1781 αὑτοῦ
257 1715 362 1804 ταύτη
372 1719 547 1803 διέτριψαν
560 1714 784 1803 ἐργαζόμενοι.
814 1711 874 1792 Ὡς
884 1713 921 1780 δὲ
931 1709 994 1782 τὸν
1003 1708 1146 1795 Γύνδην

139 1808 292 1898 ποταμὸν
305 1815 432 1882 ἐτίσατο
443 1823 557 1903 Κῦρος
567 1817 600 1894 ἐς
612 1817 803 1902 τριηκοσίας
817 1813 872 1880 καλ
886 1809 1046 1898 ἐξήκοντα
1068 1863 1073 1900 ,
1089 1830 1148 1889 μιν

141 1909 311 1997 διάρυχάς
347 1911 534 2002 διαλαβῦν,
556 1915 612 1983 καλ
631 1908 668 1981 τό
691 1910 851 1998 δεύτερον
872 1914 931 1997 ἐαρ
957 1905 1146 1991 ὑπέλαμπε,

120 2008 230 2076 ὀὑτω
244 2006 285 2094 δή
307 2007 432 2094 ήλαυνε
453 2014 506 2079 ἐπὶ
526 2010 589 2099 τήν
603 2014 800 2097 Βαβυλῶνα.
831 2011 865 2075 oc
877 2002 1147 2093 δὲβαβυλάνιοι

141 2107 460 2193 ἐκστρατευσάμενοι
474 2116 595 2195 έμενον
615 2106 730 2176 αὑτόν
758 2108 829 2175 έπελ
843 2107 880 2174 δὲ
895 2106 1026 2193 ἐγένετο
1043 2100 1148 2171 έλαύ-

140 2230 212 2271 υων
222 2200 326 2291 ἀγχοῦ
340 2212 397 2291 τῆς
410 2206 544 2294 πόλιος,
565 2204 754 2294 συνέβαλόν
766 2230 802 2272 τε
817 2208 851 2273 oc
859 2201 1076 2327 Βαβυλώνιοι
1091 2202 1150 2268 καὶ

140 2306 404 2394 ἑσσωθέντεςπή
422 2306 511 2395 μάχη
529 2306 777 2393 κατειλήθησαν
797 2298 881 2383 ἐς
847 2328 884 2371 το
902 2299 997 2370 άστυ.
1034 2295 1090 2367 οἷα
1111 2301 1149 2368 δέ

141 2399 388 2487 ἐξεπιστάμενοι
408 2409 456 2471 ἐτι
470 2399 691 2525 πρότερον
656 2428 717 2471 τον
733 2409 851 2489 Κῦρον
871 2398 935 2469 ούκ
950 2381 1151 2488 ἀτρεμίζον-

140 2521 196 2580 τα,
218 2493 293 2566 ἀλλ’
308 2494 516 2582 ορέουτες
473 2527 580 2570 αυτον
589 2502 690 2570 παντλ
702 2505 799 2569 έθνεσ
807 2495 930 2585 ομοίως
941 2500 1152 2587 ἐπιχειρέον-

141 2620 196 2678 τα,
218 2595 444 2682 προεσάξαντο
465 2606 553 2667 σιτία
573 2601 674 2668 ἐτέων
692 2598 800 2685 κάρτα
820 2604 964 2666 πολλῶν.
995 2601 1153 2667 ἐνθαῦτα

141 2688 236 2764 οὑτοι
248 2697 312 2783 μέν
324 2697 427 2786 λύγου
443 2697 531 2786 εἶχον
544 2707 600 2788 τῆς
615 2704 807 2786 πολιορκίης
823 2694 963 2782 οὐδένα,
980 2704 1098 2785 Κῦρος
1114 2697 1154 2767 δέ

142 2790 299 2884 ἀπορίῃσι
318 2800 458 2885 ἐνείχετο
482 2796 540 2866 άτε
553 2798 680 2885 χρόνου
702 2822 738 2865 τε
760 2797 980 2882 ἐγγινομένου
1006 2803 1154 2883 συχνοῦ,

78 2903 123 2959 191
142 2888 298 2981 ἀνωτέρω
309 2919 344 2963 τε
355 2892 534 2964 οῦδέντῦν
545 2896 750 2985 πρηγμάτων
761 2898 1058 2982 προκοπτομένων.
1071 2904 1156 2965 Είτε

144 2988 184 3078 δή
206 2985 256 3059 ύν
270 2990 371 3073 άλλος
396 3000 430 3063 οί
451 2994 630 3083 άπορέοντι
645 2993 857 3081 ὑπεθήκατο,
883 3003 948 3063 είτε
968 2998 1027 3065 καὶ
1047 2994 1158 3077 αὐτὸς

143 3096 251 3174 ἔμαθε
263 3089 301 3158 τδ
315 3096 472 3179 ποιητέον
487 3098 522 3161 oc
532 3087 593 3181 ήν,
616 3095 724 3162 ἐποίεε
738 3089 778 3179 δή
792 3091 942 3161 τοιόνδε·
970 3093 1074 3175 τάξας
1088 3092 1159 3182 τήν

143 3187 303 3309 στρατιήν
326 3188 461 3260 ἅπασαν
485 3195 518 3274 ἐξ
544 3195 684 3280 ἐμβολῆς
703 3198 765 3259 τοῦ
785 3196 955 3278 ποταμοῦ,
983 3198 1025 3281 τῇ
1039 3194 1075 3272 ές
1089 3190 1160 3282 τήν

143 3284 244 3355 πόλιν
259 3286 428 3405 ἐσβάλλει,
444 3288 535 3359 καθ’
513 3300 637 3359 οπισθε
653 3284 747 3369 αὖτις
761 3298 819 3377 τῆς
832 3289 950 3410 πάλιος
963 3290 1068 3374 τάξας
1082 3296 1161 3363 ἑτέ-

144 3411 241 3472 ρους,
263 3391 303 3475 τή
326 3388 404 3468 ἐξίει
429 3392 465 3457 ἐκ
489 3396 547 3475 τῆς
570 3385 726 3467 πύλιος’
710 3415 727 3457 ο
750 3384 914 3476 ποταμὸς,
936 3402 1082 3478 προεῖπε
1110 3398 1162 3485 τῷ

144 3489 289 3575 στρατῷ,
312 3482 395 3555 ὅταν
408 3485 568 3577 διαβατὸν
582 3514 619 3555 το
609 3485 781 3576 ῥέεθρον
795 3491 933 3559 ίδωνται
948 3490 1159 3579 γενόμενον,
