2500 3925
258 241 345 299 ωε.
378 242 448 300 τοι
481 240 580 299 οΑν.
609 246 824 313 ωσι-ιω.
986 240 1048 305 285

30 408 250 491 Αθηναίους,
267 396 541 487 ἀναμνησθέντες
551 406 619 467 τῶν
630 405 753 485 λογίων
766 399 810 479 ὥς
821 421 925 487 σφεας
939 400 1047 488 χρεῶν

29 506 109 572 ἐστι
127 500 196 588 ἅμα
209 513 295 569 τοῖσι
310 497 440 568 ἀλλοισι
451 504 622 581 Δωριεῦσι
640 500 810 568 ἐκπίπτειν
825 502 861 569 έκ
872 509 1048 572 Πελοπον-

29 601 149 688 νήσου
164 597 231 667 ὑπὺ
246 598 379 684 Μήδων
391 622 428 665 τε
442 599 498 664 καί
510 592 719 683 Ἀθηναίων,
740 597 846 685 κάρτα
865 626 901 668 τε
916 604 1048 669 ἔδεισαν

29 699 81 787 μή
96 697 329 787 ὁμολογήσωσι
340 696 506 787 τῶΠέρση
517 691 701 782 Ἀθηναῖοι,
709 692 828 765 αὐτίκα
838 702 878 767 τέ
885 719 946 785 σφι
957 702 1048 779 ἔδοξε

29 803 185 885 πέμπειν
199 795 370 884 ἀγγέλους.
398 797 454 863 καὶ
469 791 510 880 δή
526 797 708 863 συνέπιπτε
728 792 812 863 ῶστε
833 793 919 882 ὁμοῦ
933 798 1048 883 σφέων

29 904 197 983 γίνεσθαι
210 894 273 984 τήν
283 894 494 964 κατάστασιν.
518 896 741 981 ἐπανέμειναν
750 892 816 983 γὰρ
831 900 866 964 οί
872 894 1046 983 Ἀθηναῖοι

29 1000 277 1083 διατρίβοντες,
293 986 333 1061 εὑ
344 992 556 1080 ἐπιστάμενοι
571 991 622 1062 ὅτι
635 999 774 1080 ἔμελλον
785 994 1046 1081 Λακεδαιμόνιοι

28 1093 227 1161 πεύσεσθαι
236 1090 363 1180 ήκοντα
374 1087 465 1175 παρά
476 1098 538 1159 τοῦ
550 1091 727 1179 βαρβάρου
738 1089 882 1178 ἀγγελον
897 1090 949 1160 ἐπ’
963 1089 1046 1179 ὁμο-

28 1198 145 1281 λογίη,
163 1191 356 1279 πυθόμενοί
366 1215 401 1260 τε
415 1192 559 1278 πέμψειν
572 1186 657 1259 κατά
668 1190 766 1277 τάχος
781 1188 951 1279 ἀγγέλους.
973 1193 1046 1260 ἐπί-

28 1298 134 1380 τηδες
150 1285 199 1360 ῶν
213 1294 365 1377 ε’ποίευν,
381 1289 633 1378 ἐνδεικνύμενοι
651 1304 736 1359 τοῖσι
751 1296 1044 1378 Λακεδαιμονίοισι

28 1390 100 1479 τήν
114 1392 249 1459 ἑωυτῶν
268 1388 418 1477 γνῶμην.
452 1386 510 1469 Ὡς
527 1388 565 1457 δὲ
583 1389 750 1457 ἐπαύσατο
767 1390 876 1477 λέγων
892 1386 1045 1469 Ἀλέξαν-
1064 1395 1113 1451 142

28 1497 134 1578 δρος,
167 1490 399 1578 διαδεξάμενοι
426 1496 543 1576 ἔλεγον
566 1494 601 1557 οί
621 1486 688 1556 ἀπδ
709 1488 868 1576 Σπάρτης
893 1486 1045 1575 ἀγγελοι·

28 1592 154 1676 Ἡμέας
174 1590 211 1657 δὲ
233 1594 385 1676 ἔπεμψαν
404 1586 666 1674 Λακεδαιμόνιοι
687 1589 910 1673 δεησομένους
932 1583 1045 1672 ὑμέων

29 1689 120 1777 μήτε
133 1689 299 1773 νεῶτερον
312 1690 440 1756 ποιέειν
455 1690 561 1774 μηδέν
570 1682 654 1755 κατά
670 1682 731 1772 τήν
740 1683 882 1753 Ἑλλάδα
893 1682 975 1773 μήτε
985 1684 1045 1754 λό-

29 1812 119 1875 γους
134 1788 331 1856 ένδέκεσθαι
344 1783 435 1874 παρά
451 1793 512 1854 τοῦ
527 1784 711 1874 βαρβάρου.
742 1781 819 1853 οὑτε
834 1781 898 1871 γάρ
914 1788 1045 1867 δίκαιον

30 1883 209 1972 οὐδαμῶς,
228 1881 305 1952 οὑτε
319 1884 448 1972 κόσμον
463 1886 569 1971 φέρον
580 1880 623 1950 οὑ
638 1887 673 1949 τί
684 1907 722 1970 γε
736 1878 867 1951 ἀλλοισι
875 1879 1044 1970 Ἑλλήνων

30 1981 229 2069 οὐδαμοῖσι,
252 1980 335 2070 ὑμῖν
352 1981 445 2071 δέδὴ
466 1985 521 2051 καὶ
541 1980 597 2050 διδ
618 1980 756 2050 πάντων
772 1980 890 2067 ἥκιστα
910 1987 1045 2050 πολλῶν

32 2086 181 2149 εἵνεκεν·
215 2077 369 2168 ἠγείρατε
382 2080 448 2169 γὰρ
468 2081 567 2150 τόνδε
580 2077 641 2147 τὸν
661 2078 809 2166 πόλεμον
829 2079 923 2167 ὑμεῖς
944 2077 1045 2147 οὐδέν

32 2178 148 2266 ἡμέων
163 2184 391 2268 βουλομένων,
406 2184 463 2250 καί
475 2181 618 2268 περὶτῆς
628 2176 790 2265 ὑμετέρης
804 2175 906 2266 ἀρχῆς
921 2176 938 2246 ὁ
951 2175 1044 2265 ἀγὼν

32 2278 182 2362 ἐγένετο·
205 2283 272 2344 νῦν
285 2280 322 2346 δὲ
339 2281 435 2365 φέρει
450 2283 505 2346 καί
519 2281 553 2357 ές
565 2284 678 2345 πᾶσαν
691 2275 753 2363 τήν
762 2275 912 2346 Ἑλλάδα.
936 2275 1044 2357 ἄλλως

34 2374 215 2444 τετούτων
231 2374 392 2445 ἁπάντων
412 2383 538 2456 αίτίονς
553 2379 713 2462 γενέσθαι
735 2376 944 2464 δουλοσύνης
958 2389 1044 2444 τοῖσι

34 2473 172 2559 Ἕλλησι
183 2471 384 2558 Ἀθηναίους
401 2473 557 2561 οὐδαμῶς
567 2472 763 2561 ἀνασχετόν,
779 2477 900 2552 οἵτινες
915 2477 1044 2542 αἰεὶκαὶ

35 2570 74 2640 τδ
89 2572 192 2640 πάλαι
204 2580 369 2657 φαίνεσθε
379 2572 526 2652 πολλοὺς
536 2572 826 2658 ἐλευθερώσαντες
837 2570 1040 2659 ἀνθρώπων.

36 2674 258 2756 πιεζομένοισι
272 2672 386 2756 μέντοι
400 2668 481 2756 ὑμίν
496 2671 751 2758 συναχθόμεθα,
767 2674 823 2739 καί
837 2669 888 2740 ὅτι
904 2678 1042 2760 καρπῶν

36 2768 237 2856 ἐστερήθητε
247 2773 349 2848 διξῶν
358 2765 433 2857 ήδη,
446 2774 501 2838 καὶ
513 2769 564 2838 ὅτι
575 2769 832 2857 οἰκοφθόρησθε
842 2771 967 2857 χρόνον
977 2770 1042 2860 ήδη

36 2864 171 2934 πολλόν.
200 2862 275 2934 ἀντὶ
295 2865 426 2934 τούτων
447 2866 483 2936 δὲ
503 2865 585 2955 ὑμῖν
601 2870 865 2957 Λακεδαιμόνιοί
883 2876 995 2952 τεκαὶ
1011 2879 1046 2943 οί

37 2964 203 3049 σύμμαχοι
220 2965 480 3052 ἐπαγγέλλονται
492 2967 656 3053 γυναῖκάς
672 2993 708 3035 τε
723 2968 829 3037 καὶτὰ
845 2975 878 3050 ές
894 2973 1043 3094 πόλεμον

37 3060 182 3146 ἀχρηστα
198 3066 385 3131 οίκετέων’
368 3064 510 3152 εγάμενα
523 3065 633 3134 πάντα
649 3069 863 3190 ἐπιθρέψειν,
880 3067 987 3140 ἔστ”1
966 3069 1041 3139 αυὸ

38 3157 180 3243 πόλεμος
194 3157 252 3226 ὅδε
267 3163 464 3253 συνεστήκῃ
486 3167 570 3251 μηδὲ
584 3163 708 3253 ὑμέας’
703 3169 942 3257 Αλέξανδρος
928 3199 945 3239 ο
961 3179 1043 3240 Μα-

39 3251 186 3324 κεδῶν’
162 3260 360 3350 αναγνῶση,
376 3262 498 3350 λεήνας
510 3261 572 3332 τὺν
586 3270 787 3353 Μαρδονίου
798 3267 911 3354 λογον
934 3295 1041 3364 τουτφ

38 3354 148 3444 μὲν
109 3382 173 3445 γαρ
188 3365 291 3428 ταῦτα
297 3364 443 3484 ποιητέα
457 3366 528 3434 ἐστί
525 3366 718 3453 ,τύραννος
730 3364 795 3456 γάρ
807 3365 874 3438 ἐῶν
883 3371 1041 3492 τυράννφ

37 3458 343 3563 συγκατεργάζεται,
361 3459 443 3548 ὑμῖν
457 3466 497 3533 δέ
507 3490 547 3551 γε
561 3491 603 3533 ου
592 3461 764 3553 ’ποιητέος
783 3475 817 3536 εί
827 3492 890 3546 περ
906 3461 946 3537 εὑ
959 3495 1039 3556 τυγ
