2500 3925
342 257 427 313 ωε.
459 257 494 311 ν.
529 255 629 313 οΑι».
661 263 836 319 ιιι-ιω.
1052 251 1103 320 57-

86 411 172 499 ἐκέερ
185 420 253 482 τάν
264 418 407 485 πυλέων.
428 414 639 500 κρεμαμένης
653 412 690 481 δέ
700 421 759 501 τῆς
767 423 914 503 κεφαλῆς
924 420 980 485 καλ
990 415 1095 504 ούσης

85 508 149 599 ἤδη
164 517 277 597 κοίλης
292 509 391 598 ἐσμός
405 512 589 598 μελισσέων
605 508 705 590 ἐσδύς
724 517 758 590 ἐς
771 511 879 601 αὐτὴν
892 523 1020 604 κηρίων
1035 543 1095 604 μιν

85 612 280 698 ἐνέπλησαν.
298 610 422 678 τούτου
433 608 470 677 δὲ
480 609 668 694 γενομένου
678 611 836 680 τοιούτου
849 615 1016 700 ’ἐχρέοντο
1028 612 1094 701 γάρ

85 714 161 796 περὶ
176 709 279 799 αὐτῆς
293 715 328 779 οί
343 707 578 796 Ἀμαθούσιοι·
597 708 787 798 ἐμαντεύθη
804 729 866 796 σφι
883 712 946 800 τήν
960 715 1023 800 μέν
1033 743 1095 782 -κε-

85 809 197 900 φαλὴν
218 810 418 888 κατελόντας
432 808 560 893 θύραι,
580 803 742 898 Ὀνησίλῳ
762 811 800 877 δέ
820 811 923 879 θύειν
943 810 989 891 ὡς
1007 811 1096 902 ἥρωι

85 907 150 977 ἀνά
166 917 235 976 πᾶν
250 914 338 994 ἔτος,
360 913 420 975 καί
430 925 491 993 σφι
505 911 639 974 ποιεῦσι
659 912 765 972 ταῦτα
786 906 927 994 ἀμεινον
939 917 1096 980 συνοίσε-

86 1018 177 1075 σθαι.
215 1003 432 1092 Ἀμαθούσιοι
450 1005 512 1090 μέν
529 1028 596 1070 νυν
609 1005 746 1071 ἐποίευν
759 1011 864 1073 ταῦτα
878 1011 934 1076 καί
947 1005 985 1077 τό
1000 1011 1095 1095 μέχρι
1112 1025 1164 1081 115

85 1103 301 1193 έμεῦ,”Ιωνες
313 1105 349 1172 δέ
361 1109 395 1172 οί
404 1107 441 1172 ἐν
452 1104 581 1195 Κύπρῳ
593 1104 867 1192 ναυμαχήσαντες
885 1107 993 1174 ἐπείτε
1013 1113 1094 1194 έμα-

84 1216 152 1274 θον
165 1200 207 1271 τά
221 1201 399 1290 πρήγματα
409 1199 450 1269 τά
462 1199 638 1288 Ὀνησίλου
652 1205 885 1291 διεφθαρμένα
894 1206 950 1273 καί
960 1204 1019 1284 τάς
1029 1205 1094 1274 πό-

85 1311 137 1382 λις
154 1306 224 1368 τῶν
253 1305 418 1388 Κυπρίων
432 1302 717 1387 πολιορκευμένας
729 1298 789 1380 τάς
803 1300 905 1380 ἀλλος
921 1303 1010 1389 πλὴν
1020 1313 1094 1370 Σα-

85 1410 233 1488 λαμῖνος,
248 1399 374 1485 ταύτην
390 1399 426 1467 δέ
437 1398 557 1490 Γόργῳ
568 1405 614 1489 τῷ
625 1403 776 1491 προτέρῳ
788 1404 920 1487 βασιλέι
930 1400 1010 1480 τούς
1020 1411 1075 1470 Σα

87 1504 259 1584 λαμινίους
273 1496 500 1584 παραδόντας,
517 1494 637 1565 αὐτίκα
653 1498 822 1583 μαθόντες
838 1504 873 1567 οί
881 1497 995 1578 Ἴωνες
1010 1506 1094 1568 ταύ-
1171 1524 1174 1528 ’

85 1623 125 1664 τα
141 1594 319 1664 ἀπέπλωον
334 1597 367 1672 ἐς
382 1592 444 1680 τὴν
462 1591 602 1680 Ἰωνίην.
636 1603 705 1663 τῶν
719 1598 757 1664 δὲ
770 1599 809 1665 ἐν
824 1595 953 1688 Κύπρῳ
967 1603 1095 1666 πολίων

87 1696 223 1783 ἀντέσχε
254 1695 379 1782 χρόνον
408 1697 461 1762 ἐπὶ
493 1704 651 1765 πλεῖστον
686 1699 952 1783 πολιορκεομένη
979 1695 1093 1780 Σόλοι,

86 1795 148 1884 τὴν
169 1798 263 1878 πέριξ
286 1791 537 1880 ὑπορύσσοντες
558 1791 596 1862 τό
617 1807 723 1880 τεῖχος
745 1797 881 1884 πέμπτῳ
900 1796 980 1879 μηνὶ
1004 1788 1094 1861 εἷλον

88 1900 122 1965 ol
133 1896 270 1981 Πέρσαι,
1015 1913 1019 1919 ’

171 1992 320 2078 Κύπριοι
332 1991 395 2076 μέν
405 1989 445 2077 δὴ
458 1987 615 2059 ἐνιαυτόν
626 1990 801 2079 ἐλεύθεροι
812 1988 988 2076 γενόμενοι
1002 1980 1097 2066 αὖτις
1111 2001 1162 2057 116

87 2096 124 2163 ἐκ
136 2095 214 2177 νέης
224 2089 526 2157 κατεδεδούλωντο·
537 2095 712 2177 Δαυρίσης
723 2090 760 2157 δὲ
770 2095 855 2175 έχων
864 2093 1015 2177 Δαρείου
1025 2096 1095 2154 θο-

84 2194 209 2282 γατέρα
222 2189 412 2272 καὶὙμαίης
420 2214 456 2255 τε
464 2186 662 2275 καλὈτάνης
675 2192 731 2257 καὶ
741 2187 836 2257 ἀλλοι
847 2191 977 2274 Πέρσαι
992 2205 1095 2272 στρα-

85 2292 191 2378 τηγοί,
207 2294 336 2374 ἔχοντες
346 2289 401 2356 καί
412 2279 507 2355 οὗτοι
517 2294 668 2375 Δαρείου
681 2291 881 2374 θυγατέρας,
896 2284 1094 2364 ἐπιδιώξαν-

85 2416 139 2467 τες
155 2384 234 2465 τούς
248 2390 282 2464 ές
295 2386 423 2473 Σάρδις
437 2389 747 2473 στρατευσαμένους
764 2384 887 2454 Ἰαόνων
901 2385 957 2451 καὶ
971 2380 1094 2467 ἐσαρά-

87 2488 200 2568 ξαντές
215 2504 320 2571 σφεας
335 2485 368 2561 ἐς
382 2480 441 2562 τάς
458 2487 551 2571 νέας,
572 2491 612 2573 τῇ
627 2484 715 2573 μάχη
731 2482 776 2564 ὡς
789 2483 1034 2570 ἐπεκράτησαν,
1054 2473 1093 2546 τό

86 2586 248 2653 ἐνθεῦτεν
263 2580 506 2667 ἐπιδιελόμενοι
520 2580 579 2661 τὰς
594 2585 691 2661 πόλις
706 2583 884 2668 ἐπόρθεον.
920 2586 1094 2667 Δαυρίσης
1111 2593 1161 2650 117

85 2686 149 2771 μὲν
164 2681 373 2770 τραπόμενος
387 2680 472 2768 πρός
488 2681 547 2762 τάς
558 2686 595 2751 ἐν
604 2681 835 2775 Ἑλλησπόντῳ
846 2683 943 2762 πόλις
954 2677 1020 2751 εἷλε
1030 2683 1092 2767 μέν
1203 2670 1209 2682 “

85 2780 286 2865 Δάρδανον,
308 2776 374 2849 εἷλε
388 2784 426 2849 δέ
436 2780 585 2871 ’Ἄβυδόν
604 2810 642 2851 τε
655 2786 711 2851 καί
724 2782 908 2867 Περκώτην
927 2783 984 2849 καί
996 2789 1095 2866 Λάμ-

85 2894 197 2963 ψακον
213 2882 269 2947 καὶ
282 2878 431 2947 Παισόν·
454 2881 577 2959 ταύτας
593 2882 656 2967 μὲν
671 2878 723 2949 ἐπ’
748 2877 855 2967 ἡμέρη
886 2875 1006 2965 έκάστη
1038 2878 1093 2943 αἵ-

86 3005 159 3067 ρεε,
175 2975 240 3046 ἀπό
256 2982 293 3046 δέ
303 2984 436 3047 Παισοῦ
451 2980 632 3048 ἐλαύνοντί
642 2985 677 3049 οέ
685 2982 738 3049 ἐπὶ
746 2979 880 3067 Πάριον
893 2976 994 3045 πόλιν
1006 2966 1093 3060 ἦλθε

87 3074 224 3163 ἀγγελίη
240 3072 319 3154 τοὺς
334 3082 450 3164 Κᾶρας
467 3073 574 3145 τώυτό
584 3075 677 3146 Ἴωσι
694 3077 928 3165 φρονήσαντας
950 3069 1094 3139 ἀπεστύ-

86 3204 144 3246 ναι
161 3173 226 3243 ἀπὸ
239 3180 408 3263 Περσέων.
435 3173 646 3264 ἀποστρέψας
662 3171 711 3245 ἀν
725 3179 762 3244 ἐκ
778 3182 839 3243 τοῦ
847 3169 1094 3258 Ἑλλησπόντου

86 3275 213 3364 ἤλαυνε
222 3272 283 3342 τόν
294 3273 437 3362 στρατόν
447 3280 500 3345 ἐπὶ
508 3276 718 3367 τὴνΚαρίην.
739 3282 810 3345 Καί
816 3301 883 3354 κως
894 3279 998 3341 ταῦτα
1009 3285 1095 3338 τοῖσι
1115 3284 1166 3337 118

86 3377 197 3459 Καρσὶ
211 3376 393 3461 ἐξηγγέλθη
431 3374 596 3465 πρότερον
620 3373 643 3463 ἢ
672 3377 733 3445 τόν
759 3378 938 3460 Δαυρίσην
978 3368 1095 3439 ἀπικέ-

87 3482 179 3542 σθαι.
202 3471 394 3557 πυθόμενοι
405 3473 442 3541 δέ
453 3479 487 3542 ολ
495 3482 606 3563 Κᾶρες
618 3477 838 3561 συνελέγοντο
849 3475 902 3541 ἐπὶ
912 3469 1045 3549 Λευκάς
1058 3494 1095 3538 τε
