2500 3925
157 229 220 295 178
535 234 790 293 ΗΒΒΟΒΟῊ

155 419 227 462 νων
243 398 395 472 τίσοντας
423 397 559 481 λέγουσι
575 396 611 462 δὲ
626 391 758 462 αύτοίσι
771 401 876 463 ταῦτα
886 398 1009 482 Ξέρξης
1022 391 1090 463 ὑπὸ
1111 419 1168 481 με·

154 495 413 581 γαλοφροσύνης
429 492 491 562 ούιι
503 500 566 580 ἔφη
579 490 695 579 όμοῑος
710 499 847 563 ἔσεσθαι
858 500 1171 582 Λακεδαιμονίοισι·

154 594 304 670 ἐκείνους
315 593 377 678 μέν
387 589 453 679 γάρ
469 594 605 678 συγχέαι
615 588 657 661 τά
672 592 810 659 πάντων
822 589 1018 679 ἀνθρώπων
1029 594 1173 679 νόμιμα,

155 686 416 769 ἀποκτείναντας
430 690 594 778 κήρυκας,
610 686 713 769 αύτὸς
728 691 764 758 δὲ
778 686 818 759 τά
834 692 991 758 ἐκείνοισι
1005 690 1173 777 ἐπιπλήσ-

156 809 224 874 σει,
251 786 419 856 ταῦταού
441 788 612 875 ποιήσειν,
637 785 711 857 οὐδ’
735 786 996 874 ἀνταποκτείνας
1018 790 1174 866 ἐκείνους

90 898 138 953 137
155 884 339 957 ἀπολύσειν
354 892 641 973 Λακεδαιμονίους
655 893 713 972 τῆς
728 893 841 973 αίτίης
873 884 1008 974 Οὕτωή
1028 894 1173 955 Ταλθυ-

156 994 234 1073 βίου
245 992 343 1072 μῆνις
354 986 409 1053 καὶ
422 1012 527 1054 ταντα
540 986 756 1105 ποιησάντων
766 988 1007 1073 Σπαρτιητέων
1018 985 1174 1053 έπαύσα·

156 1108 194 1151 το
207 1080 245 1150 τὸ
260 1091 465 1170 παραυτίκα,
489 1080 652 1169 καίπερ’
632 1084 937 1171 απουοστησάντων
954 1087 987 1165 ές
1002 1085 1175 1173 Σπάρτην

156 1182 338 1269 Σπερθίεύ
350 1209 386 1250 τε
403 1186 459 1253 καί
477 1184 630 1264 Βούλιος.
659 1184 770 1275 χρόνῳ
792 1185 828 1254 δὲ
846 1194 1035 1273 μετέπειτεν
1054 1192 1174 1276 πολλῷ

157 1284 326 1368 ἐπηγέρθη
337 1280 421 1350 κατά
431 1280 492 1351 τόν
501 1291 787 1371 Πελοποννησίων
798 1286 853 1353 καὶ
864 1282 1055 1371 Ἀθηναίων
1066 1254 1175 1351 πόλε-

156 1406 232 1467 μον,
248 1378 292 1460 ὡς
306 1383 441 1466 λέγουσι
452 1382 722 1468 Λακεδαιμόνιοι.
745 1380 847 1449 τοῦτό
857 1408 914 1468 μοι
925 1383 966 1453 έν,
972 1394 1059 1449 τοῖσι
1070 1380 1175 1449 θειό-

155 1505 256 1547 τατον
270 1486 423 1566 φαίνεται
438 1482 607 1566 γενέσθαι.
631 1479 682 1549 ὅτι
698 1478 839 1566 μὲνγὰρ
858 1481 1043 1565 κατέσκηψε
1055 1481 1090 1557 ές
1109 1474 1169 1563 ἀμ

155 1584 274 1670 μέλους
284 1579 306 1669 ή
317 1589 514 1669 Ταλθυβίου
524 1589 623 1669 μῆνις
634 1579 714 1650 ούδδ
724 1582 902 1667 ἐπαύσατο,
911 1575 1022 1666 πρὶνή
1034 1580 1174 1665 ἐξῆλθε,

155 1677 193 1747 τό
208 1684 339 1748 δίκαιον
353 1678 441 1766 οὕτω
456 1686 567 1767 ἔφερε·
591 1679 630 1747 τό
649 1683 686 1748 δὲ
703 1692 886 1764 συμπεσεῖν
901 1679 933 1756 ές
946 1674 1027 1756 τούς
1045 1681 1174 1754 παῖδας

153 1784 222 1846 τῶν
242 1775 377 1866 ἀνδρῶν
396 1778 528 1847 τούτων
546 1785 615 1846 τῶν
635 1775 836 1865 ἀναβάντων
856 1774 940 1863 πρὸς
955 1776 1098 1864 βασιλέα
1115 1772 1173 1842 διά

153 1874 215 1964 τήν
226 1883 339 1964 μῆνιν,
351 1878 385 1955 ές
395 1877 574 1945 Νικόλεύν
583 1904 619 1944 τε
631 1874 692 1945 τόν
702 1876 846 1955 Βούλιος
858 1878 914 1943 καί
924 1878 957 1954 ές
968 1873 1176 1962 Ἀνήριστον

153 1975 214 2045 τόν
228 1984 425 2066 Σπερθίεω,
441 1974 478 2057 ὃς
493 1973 559 2046 είλε
569 1975 696 2056 Ἀλιέας
711 1973 790 2055 τούς
808 1979 844 2044 ἐκ
862 1983 1031 2063 Τίρυνθος
1047 1974 1173 2044 ὁλκάδι

154 2077 372 2156 κατακλύσας
384 2077 504 2163 πλήρεϊ
514 2075 660 2164 ἀνδρῶν,
669 2080 773 2163 δῆλον
785 2067 833 2142 ἀν
845 2101 901 2160 μοι
925 2073 976 2142 ὅτι
986 2083 1088 2141 θεῖον
1096 2075 1175 2158 ἐγέ-

153 2200 229 2243 νετο
247 2171 285 2242 τό
306 2183 442 2262 πρῆγμα
456 2178 492 2243 έκ
505 2182 563 2261 τῆς
578 2176 705 2262 μήνιος,
736 2179 770 2242 οί
782 2171 847 2261 γάρ
870 2171 1083 2259 πεμφθέντες
1100 2169 1173 2241 ὑπὸ

153 2276 430 2358 Λακεδαιμονίων
450 2271 587 2359 ἄγγελοι
603 2275 637 2352 ές
650 2271 713 2360 τήν
730 2269 859 2357 Ἀσίην,
884 2272 1117 2356 προδοθέντες
1136 2269 1173 2338 δὲ

154 2367 221 2436 ὑπὸ
236 2371 410 2439 Σιτάλκεω
430 2378 491 2439 τοῦ
510 2373 626 2459 Τήρεω
641 2377 799 2458 Θρηίκων
819 2373 972 2458 βασιλέος
993 2370 1049 2437 καὶ
1064 2377 1175 2457 Νυμ-

155 2469 316 2558 φοδώρου
330 2477 392 2538 τού
408 2472 535 2540 Πυθέω
555 2468 680 2555 ἀνδρὸς
691 2469 904 2559 Ἀβδηρίτεω,
927 2468 1065 2557 ἥλωσαν
1081 2469 1173 2539 κατά

154 2570 332 2657 Βισάνθην
350 2569 413 2657 τήν
433 2573 470 2639 έν
486 2570 735 2664 Ἑλλησπόντῳ,
754 2574 809 2640 καὶ
826 2569 1031 2658 ἀπαχθέντες
1053 2573 1086 2651 ές
1105 2571 1175 2660 τὴν

150 2667 301 2756 Ἀττικήν
322 2668 497 2739 ἀπέθανον
517 2669 581 2738 ὑπ’
603 2669 810 2758 Ἀθηναίων,
832 2667 913 2757 μετά
930 2669 965 2738 δὲ
980 2666 1097 2736 αὐτῶν
1115 2676 1174 2742 καὶ

150 2763 317 2856 Ἀριστέης
331 2765 349 2837 ὁ
361 2766 579 2856 Ἀδειμάντου
594 2777 779 2858 Κορίνθιος
794 2766 890 2855 ἀνήρ.

242 2874 354 2936 Ταῦτα
371 2871 433 2956 μέν
449 2895 516 2936 νυν
528 2877 680 2937 πολλοῖσι
696 2874 780 2936 ἔτεσι
796 2865 939 2954 ὕστερον
955 2867 1087 2954 ἐγένετο
1107 2880 1173 2938 τοῦ

153 2968 306 3054 βασιλέος
326 2968 466 3054 στόλου,
491 2967 646 3053 ἐπάνειμι
663 2969 698 3036 δὲ
714 2969 768 3035 έκὶ
786 2964 847 3035 τὸν
866 2965 1032 3053 πρότερον
1049 2966 1168 3054 λόγον.

90 3065 191 3134 138Ἡ
209 3069 245 3134 δὲ
266 3075 486 3156 στρατηλασίη
506 3067 527 3157 ἡ
545 3073 699 3157 βασιλέος
713 3068 843 3156 οὕνομα
860 3067 925 3186 μὲν
946 3067 1027 3157 εἶχε,
1050 3067 1096 3150 ὡς
1114 3072 1171 3140 ἐπ’

150 3162 296 3251 Ἀθήνας
311 3167 460 3254 ἐλαύνει,
476 3175 604 3238 κατίετο
616 3171 653 3238 δὲ
666 3173 698 3248 ές
709 3175 821 3237 πᾶσαν
831 3165 893 3253 τήν
902 3165 1052 3236 Ελλάδα.
1076 3197 1170 3240 πυν-

154 3263 341 3348 θαυόμενοι
354 3267 504 3334 δὲταῦτα
514 3292 579 3351 προ
568 3265 719 3335 πολλοῦ
729 3271 764 3335 οί
773 3263 929 3366 Έλληνες
940 3291 1002 3334 ουκ
1010 3263 1076 3334 έν
1060 3275 1171 3362 ομοίφ

155 3358 277 3436 πάντες
292 3361 483 3428 ἐποιεῦντο·
510 3367 544 3430 οί
556 3363 673 3449 μὲν
556 3390 698 3452 μγαρ
714 3362 827 3432 αύτύν
847 3363 962 3443 δύντες
976 3371 1042 3452 μήν
1057 3393 1093 3434 τε
1113 3371 1168 3438 καί

155 3452 248 3538 ύδωρ
260 3481 305 3522 τω
291 3458 430 3544 ’Πέρση
446 3456 534 3544 εἶχον
548 3460 710 3549 θάρσος’
690 3489 734 3542 ως
748 3461 850 3532 ούδδν
860 3463 1055 3552 πεισόμενοι
1065 3465 1169 3554 ἄχαρι
