2500 3925
175 260 237 322 ωε
562 240 814 331 εεαοοοτι

176 427 289 508 Κῦρος
306 423 447 505 μοῦνος·
475 409 582 500 τούτῳ
603 401 670 491 γάρ
694 397 804 475 ούδελς
817 392 975 479 Περσέων
990 384 1115 475 ἠξίωσέ
1128 405 1166 447 κο

176 515 303 587 ἑαυτὸν
318 520 511 602 συμβαλεῖν.
557 503 717 578 πολλάκις
732 496 769 565 δὲ
779 503 927 581 Δαρεῖον
943 492 1075 574 λέγεται
1088 480 1167 569 γνώ

176 643 244 705 μην
254 614 354 701 τήνδε
365 609 608 689 ἀποδέξασθαι,
624 598 669 678 ὡς
682 595 839 686 βούλοιτο
854 586 897 658 ἀν
908 586 1079 670 Ζώπυρον
1094 577 1168 647 εἶναι

177 714 311 783 ἀπαθέα
322 717 380 798 τῆς
390 706 533 790 ἀεικείης
544 708 672 789 μάλλον
682 690 704 781 ἢ
713 687 920 779 Βαβυλῶνάς
930 688 965 751 οί
976 691 1084 751 είκοσι
1098 672 1169 760 πρὸς

177 819 217 902 τῇ
233 810 335 899 έούση
356 804 613 894 προσγενέσθαι.
647 798 776 879 ἐτίμησε
798 788 836 855 δέ
855 810 914 871 μιν
935 778 1107 868 μεγάλως·
1127 773 1171 839 καὶ

179 906 241 999 γάρ
265 905 357 992 δῶρά
375 908 409 972 οί
429 898 494 969 ἀνά
516 904 584 966 πᾶν
604 900 678 971 ἔτος
699 889 814 956 ἐδίδου
835 887 956 963 ταῦτα,
976 872 1019 944 τά
1032 872 1172 957 Πέρσησί

179 1010 247 1075 ε’στι
265 1002 456 1089 τιμιώτατα,
468 1000 532 1079 ,καὶ
546 992 608 1081 τὴν
617 982 807 1077 Βαβυλῶνά
824 985 859 1048 οί
869 981 973 1047 έδωκε
990 970 1111 1040 ἀτελέα
1127 965 1172 1031 νέ-

180 1112 302 1191 μεσθαι
323 1102 417 1185 μέχρι
436 1102 494 1183 της
518 1095 649 1160 ἐκείνου
670 1085 763 1170 ζόης,
792 1079 848 1147 καί
869 1074 953 1146 ἀλλα
975 1064 1086 1139 πολλὰ
1110 1065 1173 1132 ἐπέ-

180 1206 275 1267 δωκε.Δ
319 1194 487 1280 Ζωπύρου
508 1191 544 1257 δὲ
563 1185 687 1255 τούτου
703 1188 829 1268 γίνεται
847 1170 1068 1259 Μεγάβυζος,
1092 1159 1129 1241 ὃς
1146 1162 1174 1227 έν

180 1296 340 1385 Αἰγύπτῳ
357 1290 453 1359 ἀντία
463 1287 654 1373 Ἀθηναίων
670 1282 808 1347 καὶτῶν
823 1270 1008 1359 συμμάχων
1026 1256 1169 1345 ε’στρατη

178 1417 276 1485 γησε·
304 1390 510 1489 Μεγαβύζου
533 1384 570 1453 δὲ
595 1381 720 1450 τούτου
740 1382 868 1462 γίνεται
889 1368 1075 1449 Ζώπυρος,
1098 1356 1134 1437 ὃς
1152 1358 1177 1432 ἐς

175 1494 322 1579 Ἀθήνας
337 1486 545 1573 αύτομύλησε
561 1485 597 1551 ίκ
614 1479 783 1565 Περσέων.
1012 1467 1016 1471 ”

576 1717 763 1731 ...-.-------
768 1716 781 1722 .-

469 1951 903 2047 HPOAOTOY

659 2120 711 2155 m

246 2207 618 2284 ΑΛΙΚΑΡΝΗΣΕΟΣ
638 2197 878 2272 ΙΣΊὈΡΙΩΝ
904 2192 1134 2265 ΊΕΤΑΡΤΗ

338 2334 706 2392 εαινναοοαεακ
728 2321 1045 2382 mmmmm.

606 2469 767 2482 ..-.---

155 2600 166 2650 1
183 2580 232 2660 Μ
238 2593 268 2653 Ε
278 2591 342 2650 ΤΑ
356 2581 391 2650 δὲ
405 2579 468 2667 τὴν
478 2584 681 2666 Βαβυλῶνος
696 2576 828 2660 αἵρεσιν
838 2571 970 2655 ἐγένετο
983 2565 1040 2632 ἐπὶ
1051 2561 1192 2634 Σκύθας

185 2683 289 2753 αὐτοῦ
300 2686 448 2768 Δαρείου
460 2685 577 2756 ἔλασις.
595 2673 767 2760 ἀνθούσης
777 2670 843 2758 γάρ
854 2675 913 2755 τῆς
926 2665 1040 2751 Ἀσίης
1051 2660 1192 2747 ἀνδράσι

185 2783 240 2848 καὶ
253 2778 430 2866 χρημάτων
442 2777 597 2863 μεγάλων
609 2772 799 2840 συνιόντων
810 2765 1006 2849 ἐπεθύμησε
1018 2759 1038 2829 ὁ
1051 2772 1195 2847 Δαρεῖος

185 2888 341 2948 τίσασθαι
357 2877 515 2960 Σκύθας,
538 2874 590 2942 ὅτι
613 2877 735 2940 ἐκεῖνοι
755 2869 914 2953 πρότερον
937 2861 1148 2948 ἐσβαλόντες
1169 2857 1195 2931 ἐς

184 2977 247 3063 την
261 2970 421 3060 Μηδικὴν
442 2975 497 3039 καὶ
518 2970 715 3054 νικήσαντες
737 2967 825 3054 μάχη
846 2960 927 3040 τούς
952 2957 1197 3043 ἀυτιευμένους

186 3073 339 3158 ὑπῆρξαν
363 3068 499 3154 ἀδικίης.
534 3073 591 3152 τῆς
610 3064 675 3153 γάρ
700 3065 771 3134 ἀνω
790 3063 899 3148 Ἀσίης
919 3052 1051 3146 ἦρξαν,
1077 3051 1126 3133 ὡς
1147 3053 1196 3118 καὶ

188 3166 353 3252 πρότερόν
367 3191 423 3249 μοι
441 3173 583 3248 είρηται,
605 3164 743 3231 Σκύθαι
758 3168 832 3231 ἔτεα
848 3164 941 3226 δυῶν
960 3157 1087 3223 δέοντα
1106 3149 1215 3238 τραγ-ι

188 3287 299 3331 κοντα·
344 3265 547 3345 Κιμμερίους
567 3256 633 3343 γάρ
653 3262 887 3335 ἐπιδιώκοντες
901 3257 1070 3341 ἐσέβαλον
1088 3253 1127 3329 ἐς
1142 3230 1215 3333 τὴνί

184 3355 305 3472 Ἀσίην,
336 3357 605 3432 καταπαύσαντες
621 3363 679 3442 τῆς
699 3356 802 3444 ἀρχῆς
821 3353 987 3441 Μήδους
1012 3342 1116 3418 οὗτοι
1140 3343 1215 3435 γάρς

188 3452 304 3533 πρλνη
327 3451 468 3526 Σκύθας
491 3449 671 3520 ἀπικέσθαι
696 3448 802 3539 ἦρχον
822 3460 879 3538 τῆς
898 3450 1021 3535 Ἀσίης.
1060 3446 1151 3528 τούς
1173 3446 1215 3512 δὲ·
