2500 3925
345 257 429 314 ιιο
458 258 505 314 w.
539 258 638 317 οιν.
669 261 755 322 οι
768 268 814 326 ιο
1008 266 1084 337 ,τις

82 414 145 496 οίης
155 406 364 502 Ἀρτέμιδος,
378 418 478 502 χωρὶς
495 414 570 498 ένδς
584 424 688 490 λίθου
703 414 818 509 (οὗτος
828 425 865 495 δδ
877 436 1082 552 κατελείφθη

81 506 161 595 σαρδ
181 518 245 579 τοῦ
258 514 437 583 Διονύσου
456 514 518 585 τόν
539 516 624 605 νηόν
639 522 678 589 έν
691 529 863 643 Βυζαντίῳ
877 530 1083 617 γραμμάτων

79 604 254 695 ’ίσσυρίονν
268 613 395 701 πλέος),
409 640 471 683 του
456 618 522 684 δὲ
535 616 747 708 Βοσπόρου“
732 648 751 691 ο
765 630 883 712 χόρος,
898 624 960 695 τόν
974 632 1081 711 ἔζευξε

79 706 230 800 βασιλεύς
243 709 451 800 Δαρεῖος,
428 738 473 794 ας
488 716 561 802 ἐμοὶ
576 720 708 787 δοκέειν
723 724 1006 815 συμβαλλομένῳ,
1021 725 1082 811 μς.

81 827 136 877 σον
149 810 218 877 ἐστὶ
232 816 421 891 Βυζαντίου
434 838 471 883 τε
484 816 540 883 καί
556 841 618 885 του
603 818 686 887 ’ἐπὶ
699 818 868 905 στόματιί
865 827 938 909 ροῦ.

157 918 302 994 Δαρεῖος
318 912 354 981 δὲ
369 910 451 999 μετά
465 921 570 989 ταῦτα
586 912 705 1003 ἡσθεὶς
724 944 765 1007 τη
751 917 942 1009 ’σχεδίη
908 946 969 989 τον
985 920 1081 1010 άρχι-
1092 948 1128 1003 ςς

78 1010 210 1076 τέκτονα
221 1005 325 1098 αὐτῆς
337 1012 610 1099 Μανδροκλέα
576 1040 637 1085 τον
647 1017 782 1104 Σάμιον
795 1020 986 1110 ἐδωρήσατο
998 1030 1081 1091 πᾶσι

77 1108 200 1177 δέκα.’
180 1107 241 1178 απ’
260 1102 309 1179 ών
323 1109 363 1200 δη
377 1112 654 1201 Μανδροκλέης’
635 1141 806 1205 απαρχην,
823 1124 889 1211 ζῷα
905 1119 1080 1209 γραψάμε-

76 1232 129 1287 νος
142 1214 256 1276 πᾶσαν
268 1206 333 1297 τὴν
349 1216 458 1293 ζεῦξιν
467 1238 529 1281 του
515 1215 721 1303 ’Βοσπόρου
734 1218 791 1287 καλ
804 1222 944 1306 βασιλέα
957 1246 994 1289 τε
1005 1229 1080 1289 Δα·

74 1320 163 1391 ρεῑου
183 1311 222 1377 έν
244 1315 406 1401 προεδρίῃ
431 1312 619 1401 κατήμενον
641 1313 756 1383 καί
716 1340 782 1385 τον
807 1316 952 1405 στρατόν
972 1316 1079 1387 αύτοῦ

59 1414 308 1499 διαβαίνοντα,
324 1418 429 1481 ταῦτα
438 1414 654 1501 γραψάμενος
668 1412 816 1504 άυέ-δηκε
830 1415 912 1497 ές
877 1443 914 1486 το
927 1416 1077 1504 Ἡραῖον,

72 1508 258 1597 ἐπιγράψας
272 1511 369 1581 τάδε·

110 1656 292 1743 Βόσπορον
308 1658 488 1745 ἰχθυόεντα
503 1659 704 1781 γεφυρώσας
719 1656 866 1747 άυέθηκε

154 1758 418 1846 Μανδροκλέης
418 1758 496 1849 Ἠρη
510 1758 732 1847 μνημόσυνον
741 1762 886 1846 σχεδίης,

111 1855 212 1949 Αδτῷ
227 1860 292 1945 μὲν
307 1862 476 1946 στέφανον
491 1862 659 1948 περιθεὶς,
684 1866 844 1947 Σαμίοισι
858 1858 896 1926 δὲ
910 1862 1023 1944 κῦδος,

151 1927 304 2046 Δαρείου
319 1961 473 2047 βασιλέος
487 1961 658 2039 ἐκτελέσας
674 1954 758 2029 κατά
774 1964 869 2026 νοῦν.

74 2112 170 2173 ταῦτα
185 2107 250 2192 μέν
271 2131 338 2173 νυν
355 2112 417 2174 τοῦ
433 2106 606 2188 ζεύξαντος
622 2103 685 2193 την
704 2107 860 2193 γέφυραν
876 2104 1077 2192 μνημόσυνα

72 2204 218 2290 ἐγένετο,
233 2213 379 2290 Δαρεῖος
392 2207 430 2273 δέ
440 2204 678 2291 δωρησάμενος
688 2208 915 2290 Μανδροκλέα
930 2205 1077 2292 διέβαινε
1087 2226 1123 2282 ὃς

72 2304 99 2379 ἐς
113 2298 175 2389 τὴν
185 2298 378 2389 Ειδρώπην,
395 2317 481 2372 τοῖσι
492 2301 582 2373 Ἴωσι
597 2309 822 2390 παραγγείλας
836 2303 963 2372 πλώειν
974 2305 1007 2382 ές
1016 2298 1078 2371 τόν

72 2400 200 2469 Πόντου
214 2405 311 2488 μέχρι
323 2399 457 2486 Ἴστρου
477 2408 648 2489 ποταμοῦ,
670 2399 773 2469 ἐπεάν
793 2402 829 2469 δὲ
845 2399 1029 2471 ἀπίκωνται
1044 2402 1077 2478 ές

70 2497 283 2587 τὸνἼστρον,
300 2502 449 2568 ἐνθαῦτα
460 2497 566 2568 αύτδν
577 2503 787 2587 περιμένειν,
803 2499 1005 2587 ζευγνύντας
1015 2494 1076 2565 τόν

69 2597 230 2686 ποταμόν.
254 2597 291 2668 τό
304 2598 369 2686 γὰρ
380 2596 421 2686 δὴ
436 2597 600 2668 ναυτικόν
612 2590 699 2686 ἦγον
704 2598 816 2678 Ἴωνές
826 2625 862 2666 τε
872 2602 928 2666 καί
938 2597 1074 2673 Αἰολέες

70 2702 120 2766 καὶ
128 2696 391 2787 Ἑλλησπόντιοι.
415 2697 433 2770 ὁ
448 2701 512 2788 μὲν
525 2697 566 2788 δη
582 2695 741 2779 ναυτικὸς
756 2696 895 2787 στρατός
909 2694 968 2778 τὰς
978 2705 1054 2766 Κυα

70 2801 146 2877 νέας
161 2799 372 2878 διεκπλώσας
387 2805 493 2869 ἔπλασε
507 2796 569 2868 ἰθύ
583 2805 644 2867 τοῦ
652 2797 802 2885 Ἴστρου,
824 2796 1024 2874 ἀναπλώσας
1038 2793 1075 2862 δὲ

70 2895 131 2965 ἀνά
149 2895 213 2966 τόν
228 2898 380 2985 ποταμόν
401 2905 495 2967 δυαυ
515 2896 669 2986 ἡμερέων
689 2896 797 2968 πλόον
817 2893 882 2964 άπδ
899 2893 1075 2978 θαλάσσης

72 3004 128 3065 τοῦ
142 3005 296 3085 ποταμοῦ
317 2996 377 3065 τὸν
398 2995 598 3084 αύχένα,ἐκ
578 3003 684 3065 κτοῦ
704 3003 844 3084 σχίζεται
865 2991 906 3062 τά
927 2993 1074 3077 στόματα

71 3102 126 3162 τοῦ
134 3095 300 3215 Ἴστρου,
305 3098 471 3182 ἐζεύγνυε.
499 3106 645 3182 Δαρεῖος
655 3092 726 3164 δὲ
704 3122 749 3175 ως
759 3097 853 3182 διεβη
868 3088 929 3160 τόν
938 3089 1074 3158 Βόσπο-

72 3216 128 3276 ρον
142 3191 227 3261 κατά
219 3219 301 3286 την
313 3198 463 3281 σχεδίην,
479 3195 659 3279 ἐπορεύετο
675 3191 731 3264 διδ
745 3200 804 3280 της
814 3183 1015 3278 Θρηίκης,
996 3210 1076 3254 W·

71 3291 208 3380 κόμενος
223 3293 260 3363 δὲ
283 3293 335 3363 έπδ
352 3294 484 3382 Τεάρου
504 3300 657 3382 ποταμοῦ
674 3289 733 3371 τδς
752 3287 862 3377 πηγάς
876 3290 1076 3375 ἐστρατοπε-

71 3391 208 3459 δεύοντο
228 3389 356 3480 ἡμέρας
375 3406 474 3479 τρεῖς.
513 3390 549 3462 0
573 3391 609 3462 δδ
628 3395 752 3477 Τέαρος
772 3384 935 3474 λέγεται
917 3382 985 3454 υπδ
1005 3390 1121 3464 τῶνςρ

71 3491 313 3572 αεριοίκωνΠ
262 3519 313 3560 ειν
314 3519 349 3560 αι
364 3499 523 3578 ποταμῶν
539 3490 675 3576 άριστος
697 3486 738 3556 τά
757 3513 788 3554 τε
806 3485 890 3554 άλλα
907 3482 980 3564 ίς”
958 3502 1074 3551 ακεσιυ
