2500 3925
174 255 235 319 104
545 253 793 314 HERODOTI

172 424 293 506 λίμνην
308 415 345 485 ἐκ
365 419 426 482 τοῦ
441 420 592 500 ποταμοῦ
609 409 694 501 πρός
710 414 834 501 βορέην
848 437 884 479 τε
904 417 959 482 καί
973 414 1057 503 πρὸς
1077 417 1174 488 ἐσπί-

171 543 235 604 ρην
246 509 297 602 (τό
309 507 374 599 γάρ
386 507 470 597 πρός
480 507 542 598 τὴν
555 507 605 598 ἧῦ
616 508 717 590 αὐτὸς
731 507 749 578 ὁ
762 519 884 592 Νεῖλος
898 508 1059 602 ἀπέργει),
1075 523 1172 585 τοῦτο

171 614 206 683 δὲ
221 620 281 682 τοῦ
296 609 482 698 Ἡφαίστου
495 607 533 678 τό
549 607 626 698 ίρὸν
641 607 845 696 ίδρόσασθαι
859 613 896 678 έν
911 607 1006 701 αὐτῇ,
1022 608 1079 680 έδν
1090 613 1174 700 μέγα

105 734 154 788 100
171 738 206 782 τε
220 715 275 785 καὶ
289 708 603 797 ἀξιαπηγητότατον.
649 705 746 777 Mn&
763 705 800 776 δὲ
814 715 936 777 τοῦτον
949 712 1129 796 κατέλεγον
1144 713 1175 777 οί

170 815 255 900 ίρέες
269 812 305 880 έκ
319 816 438 898 βίβλου
453 806 564 877 ἀλλων
578 805 744 894 βασιλέων
757 811 957 894 τριηκοσίων
967 833 1002 874 τε
1012 811 1067 874 καί
1079 805 1174 894 τριή-

170 938 272 982 κοντα
294 906 474 996 οάνόματα.
511 909 548 976 ἐν
568 905 748 1027 τοσαότησι
769 903 805 974 δὲ
826 913 959 995 γενεῇσι
979 901 1174 994 ἀνθρώπων
1229 946 1230 953 1

170 1006 395 1078 ὀκτωκαίδεκα
409 1006 471 1091 μὲν
484 994 684 1082 Αἰθίοπες
662 1022 765 1090 ησαν,
788 1010 846 1089 μία
859 1001 894 1072 δὲ
904 1031 991 1092 γυνη
979 1000 1173 1092 ἐπιχωρίη,

170 1109 204 1174 oc
216 1104 253 1172 δὲ
270 1101 365 1171 ἀλλοι
381 1101 500 1191 ἀνδρες
510 1101 699 1188 Αίγύπτιοι.
725 1128 765 1190 τη
750 1099 816 1170 δὲ
826 1103 1017 1188 γυναικί”
975 1129 1105 1192 ουυομα
1119 1097 1174 1199 ἦν

171 1228 241 1290 ητις
263 1203 471 1288 ἐβασίλευσε,
506 1199 607 1289 τόπερ
648 1226 688 1288 τη
707 1206 923 1290 Βαβυλωνίη,
950 1201 1173 1285 Νίτωκρις.

170 1298 231 1390 την
246 1307 361 1386 ἔλεγον
378 1299 607 1385 τιμωρέουσαν
619 1295 790 1387 ἀδελφεῷ,
810 1293 872 1364 τόν
882 1297 1061 1384 Αίγύπτιοι
1076 1305 1175 1386 βασι-

170 1397 312 1466 λεύοντα
342 1397 457 1481 σφέων
482 1391 698 1481 ἀπέκτειναν,
730 1391 984 1514 ἀποκτείναντες
1015 1397 1051 1465 δὲ
1085 1395 1174 1464 οὕτω

171 1499 280 1585 έκείνη
304 1493 473 1563 ἀπέδοσαν
496 1518 558 1580 την
582 1497 778 1579 βασιληίην,
811 1491 918 1584 τούτῳ
943 1497 1175 1582 τιμωρέουσαν
1231 1533 1232 1540 1

170 1591 315 1673 πολλους
325 1597 519 1680 Αἰγυπτίων
531 1596 726 1675 διαφθεῖραι
742 1587 838 1680 δόλω.
864 1591 1155 1678 ποιησαμέυην’
1109 1618 1176 1679 γαρ

170 1718 228 1780 μιν
243 1699 364 1779 οίκημα
378 1684 587 1778 περίμηκες
569 1685 737 1772 υπόγαιον
753 1693 894 1754 καινοῦν
907 1695 952 1778 τῷ
972 1687 1079 1780 λόγῳ,
1105 1690 1176 1778 νόῳ

170 1793 206 1860 δὲ
222 1789 305 1859 ἀλλα
320 1794 549 1877 μηχανᾶσθαι·
574 1787 761 1885 καλέσασαν
775 1786 815 1852 δέ
820 1809 879 1871 μιν
889 1791 1085 1872 Αἰγυπτίων
1095 1786 1177 1865 τούς

170 1890 312 1978 μάλιστα
337 1891 522 1975 μεταιτίους
546 1877 608 1952 τοῦ
618 1882 730 2003 φόνου
754 1879 846 1972 ᾔδεε,
880 1879 1025 1962 πολλοῦς
1051 1887 1176 1970 ίστιᾱν,

172 1989 401 2073 δαινυμένοισι
419 1987 455 2053 δὲ
475 1979 652 2052 έπείναι
617 2007 678 2050 τον
694 1976 845 2066 ποταμόν
860 1976 904 2047 δι’
922 1976 1074 2059 αὐλῶνος
1088 2006 1177 2067 κρυ-

171 2108 256 2152 πτου
241 2081 428 2203 μεγάλου.
455 2080 577 2166 ταύτης
588 2078 655 2195 μὲν
670 2079 745 2164 πέρι
765 2081 909 2143 τοσαῦτα
924 2080 1055 2163 ἔλεγον,
1084 2078 1176 2165 πλην

171 2179 222 2248 ότι
245 2176 352 2267 αὐτην
375 2203 451 2263 μιν,
479 2173 523 2254 ὡς
542 2182 640 2243 τοῦτο
666 2178 856 2260 ἐξέργαστο,
882 2175 975 2259 δίψαν
996 2177 1029 2252 ές
1049 2184 1177 2264 οίκημα
1233 2248 1234 2259 ,

107 2281 152 2333 101
170 2281 298 2346 σποδοῦ
314 2276 427 2359 πλέον,
442 2270 897 2360 όκωςάτιμόρητοςγένηται.
925 2278 1000 2339 Τῶν
1012 2274 1047 2340 δὲ
1059 2271 1178 2343 ἀλλων
1233 2276 1234 2281 ’

170 2376 352 2462 βασιλέων,
379 2368 421 2439 οά
444 2368 509 2459 γάρ
536 2376 653 2457 ἔλεγον
679 2367 839 2455 οὐδεμίαν
866 2374 974 2456 ἔργων
1001 2368 1178 2459 ἀπόδεξιν,

171 2470 243 2538 κατ’
261 2468 363 2537 οὐδέν
379 2466 464 2546 εἶναι
483 2468 727 2555 λαμπρότητος,
752 2464 841 2553 πλην
855 2463 930 2545 ἑνός
950 2474 1010 2535 τοῦ
1031 2470 1179 2556 έσχάτου

171 2565 284 2634 αὐτῶν
304 2572 493 2652 Μοίριος.
530 2572 653 2633 τοῦτον
670 2565 706 2632 δὲ
726 2561 952 2643 ἀποδέξασθαι
971 2568 1180 2653 μνημόσυνα

171 2671 231 2734 τοῦ
239 2663 424 2749 Ἡφαίστου
438 2659 479 2731 τά
494 2660 578 2747 πρός
591 2663 716 2749 βορέην
730 2658 856 2748 ἀνεμον
866 2666 1072 2751 τετραμμένα
1086 2691 1180 2755 προ-

171 2762 312 2846 πύλαια,
337 2766 458 2848 λίμνην
481 2786 517 2828 τε
539 2757 674 2848 όρόξαι,
698 2766 755 2846 τῆς
776 2757 797 2847 ἡ
819 2764 972 2846 περίοδος
993 2760 1084 2831 όσων
1106 2768 1181 2835 έστὶ

171 2855 358 2926 σταδίων”
334 2876 476 2943 υστερον
490 2859 646 2945 δηλόσω,
672 2862 859 3008 πυραμίδας
873 2883 909 2926 τε
928 2858 1021 2927 ἐν’
980 2868 1063 2951 αντη
1080 2869 1182 2932 οίκο-

170 3053 400 3141 ἐπιμνήσομαι.
425 3059 546 3121 τοῦτον
560 3053 622 3139 μὲν
636 3060 781 3122 τοσαῦτα
794 3051 1036 3142 ἀποδέξασθαι,
1051 3064 1124 3127 τῶν
1141 3064 1183 3131 δὲ

106 3172 152 3225 ιον
169 3155 280 3224 ἀλλων
295 3152 418 3223 οὐδένα
433 3152 543 3223 οὐδέν.
574 3146 918 3275 Παραμειιγάμενος
891 3182 941 3222 ων
954 3154 1095 3236 τούτους
1111 3168 1183 3226 τοῦ

171 3255 224 3322 ε’πδ
247 3252 396 3321 τούτοισι
419 3253 604 3340 γενομένου
627 3256 797 3341 βασιλέος,
819 3260 865 3343 τῷ
887 3252 1015 3341 οὔνομα
1036 3282 1082 3343 ην
1099 3261 1183 3326 Σέ-

171 3368 367 3438 σωστρις,
391 3351 515 3420 τούτου
538 3352 674 3440 μνήμην
699 3350 888 3439 ποιήσομαι.
917 3349 978 3421 τὸν
998 3359 1119 3440 ἔλεγον
1144 3360 1186 3426 ol

172 3452 256 3530 ίρέες
271 3455 404 3533 πρῶτον
423 3452 485 3535 μετ’
505 3457 649 3520 πλοίοισι
671 3464 825 3535 μακροῖσι
847 3446 1037 3535 ὁρμηθέντα
1056 3454 1094 3539 ἐκ
1113 3462 1182 3521 τοῦ
