2500 3925
174 204 241 271 810
547 205 799 263 HERODOTI
871 271 876 275 ‚

174 376 235 458 γῆς
248 366 427 456 περιόδους
440 365 636 452 γράψαντας
645 361 792 445 πολλοὺς
801 363 878 453 ήδη,
892 366 949 435 καί
958 363 1083 436 οόέένα
1097 366 1166 436 νόον

174 466 315 554 έχόντως
326 463 585 552 ἐξηγησάμενον.
608 469 645 532 οἳ
654 461 819 533 'Azan-651»
827 489 864 533 τε
878 466 999 552 βωντα
1010 466 1167 553 γρέγουτι

174 568 268 653 πέριξ
282 562 346 654 τήν
358 571 440 653 γῆν,
463 566 587 633 έοῦσαν
600 565 804 650 κυκλοτερέα
818 560 864 642 ὡς
878 560 944 633 άπό
959 565 1104 652 τόρνον,
1124 568 1169 633 καὶ

174 665 237 755 τήν
248 664 361 751 Ἀσίην
374 672 415 755 τῇ
425 662 576 754 Εόριόπη
589 663 780 733 ποιούντων
794 672 883 750 ίσην.
907 666 945 734 έν
958 662 1103 753 ὀλίγοισι
1114 662 1168 752 γάρ

175 762 240 852 έγιό
261 764 402 852 όηλόσω
423 763 571 851 μέγαθός
587 788 623 831 τε
642 762 783 850 ἑκάστης
807 760 954 850 αὐτέων,
975 767 1033 833 καί
1057 770 1112 853 οἵη
1129 773 1168 843 τίς

175 868 244 934 ἑστι
259 868 293 945 ές
306 862 443 954 γραφήν
461 865 591 951 ἑκάστη,

128 984 161 1041 37
259 969 388 1055 Πέρσαι
403 968 551 1033 οίκέουσι
563 962 765 1052 κατήκοντες
777 966 831 1033 ἐπὶ
844 962 907 1053 τήν
914 972 1035 1054 νοτίην
1049 967 1168 1037 &Am

176 1084 240 1133 σαν
254 1062 317 1151 τήν
328 1060 498 1152 Ἐρυθρὴν
511 1068 735 1151 καλεομένην·
756 1064 888 1133 τοάτων
899 1063 932 1134 6’
944 1064 1169 1156 ὑπεροικέουσι

174 1160 259 1250 πρὸς
282 1163 391 1246 βορέω
411 1161 538 1249 ἀνέμου
552 1166 678 1251 Μῆδοι,
694 1162 827 1251 Μήλαν
844 1165 881 1234 66
893 1165 1094 1256 Σάσπειρες,
1108 1176 1171 1237 Σο·
1213 1159 1218 1170 “

175 1268 323 1347 σπείρων
336 1267 373 1331 66
384 1264 525 1351 Κόλχοι,
542 1264 743 1352 κατήκοντες
751 1266 806 1334 έπλ
816 1262 879 1353 τήν
890 1273 1035 1355 βορηίην
1047 1267 1170 1337 βάλασ-

175 1380 256 1445 σαυ,
272 1364 305 1441 ές
315 1358 377 1451 τήν
387 1369 494 1443 Φᾶσις
504 1360 652 1449 ποταμός
663 1364 796 1432 έκόιέοί.
812 1370 917 1433 ταῦτα
927 1367 1066 1449 τέσσερα
1076 1372 1171 1437 ἔθνεα
1216 1367 1220 1448 η

126 1470 161 1528 ³8
175 1463 276 1531 οίκέει
292 1463 329 1529 έκ
342 1461 516 1549 θαλάσσης
527 1461 759 1541 έςθάλασσαυ,
799 1458 979 1533 Ἐνθεῦτεν
996 1458 1082 1533 66v6
1096 1461 1171 1551 πρὸς
1218 1507 1220 1540 1

175 1562 315 1646 ἑσπέρης
331 1556 428 1631 άκταλ
446 1559 602 1647 διφάσιαι
616 1557 676 1628 ἄπ’
694 1557 798 1653 αὐτῆς
812 1567 1045 1632 κατατείνουσι
1063 1562 1173 1643 έςθά-
1218 1601 1220 1642 Ι

174 1669 320 1747 λασσαν,
336 1658 395 1740 τάς
406 1657 470 1748 έγεό
482 1657 704 1749 ἀπηγήσομαι.
727 1665 831 1728 ένβεν
841 1658 938 1749 μὲνή
954 1658 1038 1749 ἀκτή
1052 1659 1073 1750 ή
1085 1663 1172 1746 ἑτέρη

173 1761 215 1833 τά
233 1760 316 1851 πρὸς
336 1766 462 1853 βορέην
485 1759 551 1831 άπὸ
568 1762 695 1843 Φάσιος
716 1760 884 1851 άρξαμέυη
905 1767 1126 1851 παρατέταται
1145 1765 1174 1840 ἐς
1217 1793 1220 1838 ι

172 1862 351 1935 θάλασσαν
372 1861 464 1954 παρά
485 1888 521 1930 τε
543 1859 605 1931 τόν
624 1862 760 1932 Πόντον
779 1866 835 1932 καί
853 1860 916 1931 τόν
931 1860 1173 1951 Ἑλλήσποντον
1218 1925 1220 1938 ,

100 2031 108 2046 ,
173 1966 269 2053 μέχρι
285 1972 425 2053 Σιγείου
447 1973 508 2034 τοῦ
528 1969 700 2055 Τρωικοῦ,
720 1958 762 2033 τά
777 1961 815 2034 66
833 1960 919 2055 πρός
933 1960 1037 2031 νότου
1057 1956 1173 2050 ήαῦτὴ
1218 1996 1220 2041 ι

174 2064 259 2151 αὕτη
284 2062 366 2153 άκτή
392 2062 457 2133 άπὸ
479 2073 540 2134 τοῦ
562 2070 826 2156 Μυριανίρικοῦ
848 2065 978 2136 κόλπου
1004 2068 1067 2134 τοῦ
1094 2058 1173 2148 πρὸς
1218 2106 1220 2137 ι

173 2169 315 2252 Φοινίκη
329 2168 486 2250 κειμένου
499 2170 600 2234 τείνει
614 2193 655 2233 τα
644 2163 703 2245 ές
712 2165 891 2235 θάλασσαν
904 2169 1000 2252 μέχρι
1015 2168 1220 2251 Τριοπίου
1218 2203 1220 2237 ι

173 2260 285 2348 ἄκρης.
320 2263 420 2330 οίκέει
443 2260 476 2329 6’
505 2265 543 2330 έν
562 2271 602 2352 τῇ
628 2261 711 2354 άιιτῇ
730 2263 836 2384 ταότη
857 2269 961 2333 ἔθνεα
981 2259 1174 2346 ἀνθρώπων
1218 2301 1220 2333 ε

122 2369 157 2425 39
171 2357 358 2446 τριήκοντα.
382 2358 468 2447 αὕτη
484 2364 547 2447 μέν
562 2387 663 2450 νυνη
650 2360 773 2452 ἑτέρη
789 2371 858 2433 τῶν
873 2362 1021 2448 άιιτέων,
1044 2359 1119 2450 ήέὲ
1134 2352 1174 2444 δη
1218 2378 1220 2471 ρ

172 2452 302 2574 ἑτέρη’
283 2479 348 2525 απο
337 2452 523 2546 Περσέων
540 2455 709 2547 ἄρξαμένη
725 2464 945 2548 παρατέταται
959 2459 1044 2541 ές
1007 2488 1071 2549 την
1082 2458 1174 2548 Ἐρν·
1218 2491 1220 2531 ι

170 2550 263 2642 θρήυ
275 2553 515 2642 θάλασσαυ,”
492 2587 514 2648 η
529 2584 566 2627 τε
564 2559 729 2681 Περσική
746 2559 840 2649 καλή
860 2559 928 2630 άπὸ
942 2561 1067 2649 ταύτης
1083 2563 1174 2630 ἐκβε-

170 2649 316 2739 κομένη’
311 2660 464 2742 Ασσυρίη
483 2655 571 2725 κάλ’
552 2654 618 2728 από
631 2655 841 2785 Ἀσσυρίηςή
855 2657 1007 2748 Ἀραβίη·
1029 2661 1123 2750 λήγει
1137 2660 1175 2726 δὲ

171 2751 272 2840 αὕτη,
295 2779 338 2822 ου
326 2751 498 2842 ληγουσα
514 2757 593 2826 εί
551 2786 597 2846 μη
612 2761 723 2851 νόμω,
741 2760 820 2841 ές
785 2789 846 2830 τον
859 2762 989 2831 κόλπον
1000 2761 1062 2830 τόν
1073 2757 1176 2848 Ἀρά-

169 2860 262 2940 βιον,
286 2850 374 2932 ἐς
339 2878 400 2920 του
415 2862 560 2941 Δαρεῖος
580 2859 694 2927 ἕκτου
679 2866 837 2930 Νείλου
856 2863 1006 2949 διώρυχα
1024 2861 1172 2951 ἐσήγαγε

170 2951 264 3035 μέχρι
280 2953 343 3035 μέν
357 2976 423 3018 νυν
435 2951 625 3041 Φοινίκης’
605 2981 672 3023 απο
660 2953 843 3047 Περσέων
856 2986 964 3046 χωρος
978 2961 1107 3040 πλατὺς
1120 2960 1175 3028 καὶ
1218 2984 1220 3035 Ι

171 3046 294 3125 πολλός
308 3046 447 3133 ἐστι,
413 3073 451 3115 το
468 3047 537 3117 δ”
517 3049 583 3118 απὸ
600 3061 761 3144 Φοινίκης
774 3059 918 3145 παρήκει
931 3057 989 3127 διὰ
1001 3063 1157 3148 τῆσδε
1118 3078 1220 3179 ιηςρ

169 3141 379 3230 θαλάσσης’
359 3172 382 3231 η
403 3141 485 3230 άκτή
504 3145 588 3234 αὕτη
603 3152 695 3237 παρά
716 3179 752 3221 τε
767 3161 902 3242 Συρίην
916 3152 979 3242 τήν
992 3160 1171 3226 Παλαιστί-
1218 3188 1220 3243 5

170 3263 236 3324 νην
255 3244 310 3308 καί
330 3249 523 3330 Αίγυπτου,
545 3245 634 3324 ές
597 3274 661 3333 την
680 3259 834 3341 τελευτᾷ,
857 3256 896 3320 έν
917 3261 957 3343 τῇ
978 3254 1086 3325 ἔθνεά
1107 3250 1220 3322 έστι“
1218 3298 1220 3349 Ι

169 3339 244 3414 τρία
259 3343 378 3418 μοῦνα.
411 3348 516 3408 ταῦτα
534 3342 637 3427 μέν’
617 3343 683 3413 απὸ
697 3351 858 3435 Περσέων
876 3348 918 3419 τά
932 3349 1020 3439 πρὸς
1038 3354 1220 3436 ἑσπέρης

120 3445 156 3500 40
170 3437 227 3518 τῆς
243 3428 352 3520 Ἀσίης
368 3437 485 3522 ἔχοντά
502 3440 587 3526 έστι,
609 3442 651 3510 τά
672 3446 710 3512 66
729 3449 923 3533 κατύπερθε
937 3456 1103 3536 Περσέων
1119 3452 1175 3519 καλ
