2500 3925
171 250 233 313 212
544 252 796 311 HERODOTI

171 410 233 497 μὲν
246 406 288 477 ού
301 406 339 477 τό
355 410 596 496 στρατόπεδον·
622 407 704 491 τούς
722 409 788 498 γάρ
803 415 868 478 έσω
881 414 1120 499 τεταγμένους
1135 416 1195 477 τοῦ

170 514 308 609 τείχεος,
330 507 366 579 τδ
385 508 643 595 ἀνορθώσαντες
664 508 752 596 εἶχον
768 511 806 577 ἐν
821 516 972 601 φυλακῇ,
994 506 1064 579 οὐκ
1083 505 1147 579 οἷό
1161 532 1193 577 τε

170 601 214 696 ἦν
228 608 439 678 κατιδέσθαι·
450 606 481 679 ό
499 612 536 679 δὲ
551 608 632 688 τούς
647 614 708 690 ἔξω
724 607 912 696 έμάνθανε,
932 622 1020 678 τοῖσι
1037 604 1114 697 πρὸ
1133 612 1193 675 τοῦ

170 712 293 794 τείχεος
302 705 342 776 τά
358 708 444 778 ὅπλα
456 712 572 778 έκέετο.
590 714 708 795 ἔτυχον
720 706 756 775 δὲ
767 713 889 775 τοῦτον
898 704 959 775 τόν
969 706 1110 793 χρόνον
1122 714 1192 774 Λα-

171 807 378 894 κεδαιμόνιοι
392 812 454 889 ἔξω
468 812 671 896 τεταγμένοι.
695 804 775 886 τούς
788 808 851 893 μὲν
865 802 906 893 δὴ
922 804 994 895 ὥρα
1009 810 1192 893 γυμγαζο·

171 906 293 992 μένους
312 912 380 974 τῶν
397 904 549 995 ἀνδρῶν,
571 904 651 986 τούς
666 906 701 974 δὲ
723 900 781 984 τάς
796 904 901 991 κόμας
914 906 1189 991 κτενιζομένους.

170 1009 274 1071 ταῦτα
289 1000 330 1090 δὴ
347 1000 535 1091 θηεύμενος
561 1000 708 1091 έθόμαζε
726 1006 781 1072 καί
794 999 832 1072 τό
847 1008 979 1089 πλῆθος
993 1001 1189 1089 έμάνθανε.

171 1098 294 1187 μαθῶν
311 1104 347 1170 δὲ
368 1103 477 1172 πάντα
494 1102 657 1189 ἀτρεκέως
677 1102 850 1191 ἀπήλαυνε
871 1098 977 1170 όπίσω
998 1099 1080 1169 κατ’
1102 1098 1191 1188 ἡσυ-

171 1204 262 1284 χίην·
284 1196 361 1267 ούιε
376 1201 440 1289 γάρ
458 1228 506 1281 τις
532 1202 650 1271 ἐδίωκε
677 1199 813 1287 ἀλογίης
827 1224 863 1267 τε
878 1199 1021 1287 ἐκύρησε
1036 1206 1190 1286 πολλῆς·

172 1294 334 1365 ἀπελθόν
354 1298 390 1367 δὲ
410 1305 510 1386 ἔλεγε.
524 1299 608 1388 πρός
623 1300 746 1387 Ξέρξεα
777 1296 881 1386 τόπερ
906 1294 1042 1366 όπιόπεε
1059 1298 1189 1365 πάντα.

104 1418 156 1473 209
168 1396 318 1468 Ἀκούων
331 1402 368 1468 δὲ
379 1403 502 1489 Ξέρξης
513 1400 576 1470 ούκ
591 1400 656 1489 εἶχε
666 1401 897 1487 συμβαλέσθαι
910 1395 948 1466 τδ
963 1399 1034 1484 έόν,
1052 1395 1112 1466 ὄτι
1124 1422 1190 1465 πα-

173 1499 430 1587 ρασκευάζοιντο
447 1498 492 1579 ὡς
507 1497 733 1587 ἀπολεόμενοί
745 1523 782 1567 τε
799 1499 854 1565 καί
872 1494 1078 1576 ἀπολέοντες
1103 1494 1190 1565 κατὰ

172 1597 336 1682 δύναμιν·
357 1594 432 1667 ἀλλ’
449 1596 539 1692 αὐτῷ
550 1607 662 1686 γελοία
677 1595 742 1686 γάρ
755 1598 933 1683 ἐφαίνοντο
945 1598 1091 1679 ποιέειν,
1108 1622 1187 1682 μετ.

173 1697 339 1782 επέμψατο
355 1697 562 1785 Δημάρητον
574 1694 636 1765 τδν
648 1694 845 1783 Ἀρίστωνος
859 1692 957 1765 ἐόντα
968 1696 1006 1762 έν
1016 1700 1066 1785 τῷ
1081 1715 1188 1781 στρα·

171 1798 308 1887 τοπέδω.
337 1793 544 1883 ἀπικόμενον
560 1798 600 1865 δέ
610 1822 670 1882 μιν
685 1794 804 1881 είρότα
820 1796 943 1882 Ξέρξης
957 1795 1087 1860 ἕκαστα
1106 1794 1188 1861 τού·

171 1920 256 1980 των,
277 1894 406 1964 ἐθέλων
419 1904 543 1983 μαθεῖν
556 1892 594 1962 τό
612 1892 816 1981 ποιεύμενον
830 1889 914 1982 πρδς
927 1898 997 1960 τοῖν
1011 1896 1183 1961 Λακεδαι-

171 1997 307 2078 μονίων.
330 1988 443 2060 όδδ
413 2018 499 2061 ειπε·
512 1992 682 2072 Ἤκουσας
695 1995 758 2079 μέν
767 2019 832 2081 μευ
844 1991 1093 2079 καὶπρότερον,
1112 1987 1190 2060 εὖτε

172 2089 341 2178 ὡρμίομεν
357 2091 467 2160 ἐπὶ
431 2119 494 2180 την
509 2091 650 2162 Ἑλλάδα
658 2096 762 2180 ,περὶ
784 2099 853 2162 τῶν
874 2091 1010 2181 ἀνδρῶν
1032 2095 1189 2162 τούτων·

171 2185 320 2267 ἀκούσας
333 2188 370 2257 δὲ
383 2181 510 2275 γέλωτά
524 2217 565 2277 με
580 2197 657 2260 ἔθεο
676 2189 815 2277 λέγοντα
832 2197 939 2280 τῇπερ
955 2187 1063 2278 ὥρεον
1084 2194 1191 2280 ἐκβη-

172 2288 298 2374 σομενα
309 2287 485 2377 πρηγματα
496 2317 608 2358 ταυτα
634 2289 757 2378 ἐμοὶ
717 2317 782 2380 γαρ
793 2317 855 2378 την
866 2289 1065 2378 αλὴθειαν
1045 2296 1191 2361 ασκεειν

171 2383 269 2454 ἀντία
284 2392 361 2472 σεῦ,
383 2413 409 2455 ω
397 2379 614 2476 ’βασιλεῦ,’
595 2386 690 2476 αγάν
703 2388 856 2476 μέγιστός
870 2391 948 2457 ἐστι.
978 2386 1139 2458 ἀκουσον
1154 2394 1191 2459 δὲ

171 2487 226 2554 καὶ
239 2492 315 2553 νῦν.
331 2487 366 2554 οί
374 2479 549 2614 ἀνδρες
506 2511 600 2554 ουτοι
612 2485 768 2556 ἀπίκαται
779 2488 1000 2576 μαχεσόμενοι
1011 2485 1099 2578 ἡμῖν
1110 2494 1191 2576 περὶ

172 2610 228 2670 της
242 2584 379 2672 έσόδου,
395 2586 450 2655 καὶ
464 2591 568 2653 ταῦτα
581 2586 899 2673 παρασκευάζονται.
923 2586 1029 2674 νόμος
1040 2589 1112 2676 γάρ
1125 2609 1191 2674 σφι

172 2679 261 2748 οὕτω
281 2688 366 2768 ἔχειν
385 2685 468 2752 ἐστι’·
494 2681 597 2752 έπεάν
616 2686 760 2771 μέλλωσι
785 2687 1002 2755 κινδυνεύειν
1016 2693 1059 2777 τῇ
1082 2694 1191 2776 ψυχῇ,

171 2779 246 2848 τότε
256 2777 316 2858 τάς
326 2779 474 2867 κεφαλάς
485 2786 691 2868 κοσμέονται
716 2786 771 2854 έπί
756 2792 871 2854 ίστασο
884 2787 979 2873 δὲ,ί
948 2812 964 2855 ε
964 2788 1145 2868 τούτους
1155 2815 1191 2856 τε

172 2877 278 2947 καί
243 2905 280 2946 το
303 2877 474 2965 ὑπομένον
491 2882 527 2948 ἐν
544 2881 686 3002 Σπάρτη
706 2837 963 2972 καταστρέύεάι,
985 2891 1057 2954 δστι
1081 2883 1190 2955 ούδεν

170 2974 251 3045 ἀλλο
266 2981 367 3055 ἔθνος
378 2973 584 3065 ἀνθρώπων,
599 2979 638 3048 τό
649 2999 698 3068 σε,
710 2987 860 3069 βασιλεῦ,
875 2977 1056 3069 ὑπομενέει
1071 2999 1190 3072 χεῖρας

170 3071 447 3160 ἀνταειρόμενον·
477 3083 544 3144 νῦν
562 3077 629 3164 γάρ
650 3076 735 3164 πρὸς
754 3086 933 3167 βασιληίην
946 3107 982 3149 τε
998 3091 1190 3171 καλλίστην
1240 3141 1241 3144 ,

169 3199 237 3241 των
253 3175 290 3240 έν
296 3170 429 3262 Ἕλλησι
444 3182 650 3263 προσφέρεαι
665 3181 720 3248 καί
735 3177 1038 3268 ἀνδραςάρίστους.
1063 3186 1190 3274 Κάρτα

169 3297 206 3338 τε
223 3268 297 3357 δη”
275 3291 396 3340 απιστα
407 3279 513 3364 Ξέρξη
525 3276 727 3361 ἐφαίνετο
691 3305 731 3346 τα
742 3279 907 3366 λεγόμενα
919 3277 1015 3368 εἶναι,
1034 3287 1093 3351 καὶ
1106 3284 1189 3351 δεύ-

69 3431 74 3438 .
170 3391 250 3452 τερα
265 3368 443 3458 ε’πειριότα,
459 3371 576 3441 ὅντινα
590 3373 718 3459 τρόπον
741 3382 894 3446 τοσοῦτοι
911 3378 1025 3459 ἐόντες
1038 3389 1082 3470 τῇ
1098 3385 1186 3450 έωυ-
1239 3417 1240 3422 ¹

171 3472 232 3533 τοῦ
243 3487 379 3559 στρατιη
364 3475 595 3559 μαχέσονται.
617 3473 684 3544 ὁδὶ
695 3476 780 3546 είπε
798 3471 837 3546 Ὠ
849 3485 1001 3567 βασιλεῦ,
1013 3482 1090 3567 έμοδ
1102 3488 1189 3570 γρᾶ-
1239 3475 1240 3496 ²
