<?xml version="1.0" encoding="UTF-8"?>
<!DOCTYPE html PUBLIC "-//W3C//DTD XHTML 1.0 Transitional//EN"
    "http://www.w3.org/TR/xhtml1/DTD/xhtml1-transitional.dtd">
<html xmlns="http://www.w3.org/1999/xhtml" xml:lang="en" lang="en">
 <head>
  <title>
</title>
<meta http-equiv="Content-Type" content="text/html;charset=utf-8" />
  <meta name='ocr-system' content='tesseract 3.04.00' />
  <meta name='ocr-capabilities' content='ocr_page ocr_carea ocr_par ocr_line ocrx_word'/>
</head>
<body>
  <div class='ocr_page' id='page_1' title='image "./herodotihistori00dietgoog_0306.png"; bbox 0 0 2500 3925; ppageno 0'>
   <div class='ocr_carea' id='block_1_1' title="bbox 193 240 831 305">
    <p class='ocr_par' dir='ltr' id='par_1_1' title="bbox 193 240 831 305">
     <span class='ocr_line' id='line_1_1' title="bbox 193 240 831 305; baseline -0.009 -2"><span class='ocrx_word' id='word_1_1' title='bbox 193 240 256 305; x_wconf 75' lang='grc'><strong><em>304</em></strong></span> <span class='ocrx_word' id='word_1_2' title='bbox 581 240 831 299; x_wconf 81' lang='lat' dir='ltr'>HERODOTI</span> 
     </span>
    </p>
   </div>
   <div class='ocr_carea' id='block_1_2' title="bbox 63 398 1215 3562">
    <p class='ocr_par' dir='ltr' id='par_1_2' title="bbox 63 398 1215 3562">
     <span class='ocr_line' id='line_1_2' title="bbox 195 398 1183 493; baseline -0.002 -22"><span class='ocrx_word' id='word_1_3' title='bbox 195 402 346 493; x_wconf 80' lang='grc' dir='ltr'><strong><em>ἡμερέων</em></strong></span> <span class='ocrx_word' id='word_1_4' title='bbox 365 406 602 471; x_wconf 84' lang='grc' dir='ltr'><strong><em>πεντεκαίδεκα</em></strong></span> <span class='ocrx_word' id='word_1_5' title='bbox 623 398 723 486; x_wconf 80' lang='grc' dir='ltr'><strong><em>ὁδόν,</em></strong></span> <span class='ocrx_word' id='word_1_6' title='bbox 745 406 858 468; x_wconf 80' lang='grc' dir='ltr'><strong><em>πᾶσαν</em></strong></span> <span class='ocrx_word' id='word_1_7' title='bbox 877 403 1002 469; x_wconf 83' lang='grc' dir='ltr'><strong><em>έοῦσαν</em></strong></span> <span class='ocrx_word' id='word_1_8' title='bbox 1019 400 1122 489; x_wconf 71' lang='grc' dir='ltr'><strong><em>ψιλήν</em></strong></span> <span class='ocrx_word' id='word_1_9' title='bbox 1138 404 1183 469; x_wconf 78' lang='grc' dir='ltr'><strong><em>καί</em></strong></span> 
     </span>
     <span class='ocr_line' id='line_1_3' title="bbox 195 497 1182 593; baseline -0.003 -20"><span class='ocrx_word' id='word_1_10' title='bbox 195 504 323 593; x_wconf 85' lang='grc' dir='ltr'><strong><em>ἀγρίαν</em></strong></span> <span class='ocrx_word' id='word_1_11' title='bbox 337 506 392 572; x_wconf 80' lang='grc' dir='ltr'><strong><em>καί</em></strong></span> <span class='ocrx_word' id='word_1_12' title='bbox 405 498 541 589; x_wconf 76' lang='grc' dir='ltr'><strong><em>ἡμέραν</em></strong></span> <span class='ocrx_word' id='word_1_13' title='bbox 557 502 743 586; x_wconf 77' lang='grc' dir='ltr'><strong><em>δενδρέου·</em></strong></span> <span class='ocrx_word' id='word_1_14' title='bbox 766 497 1002 585; x_wconf 72' lang='grc' dir='ltr'><strong><em>ὑπεροικέουσι</em></strong></span> <span class='ocrx_word' id='word_1_15' title='bbox 1015 502 1053 569; x_wconf 79' lang='grc' dir='ltr'><strong><em>δέ</em></strong></span> <span class='ocrx_word' id='word_1_16' title='bbox 1065 502 1182 570; x_wconf 82' lang='grc' dir='ltr'><strong><em>τούτου</em></strong></span> 
     </span>
     <span class='ocr_line' id='line_1_4' title="bbox 195 598 1181 693; baseline -0.009 -17"><span class='ocrx_word' id='word_1_17' title='bbox 195 608 355 693; x_wconf 75' lang='grc' dir='ltr'><strong><em>δευτέρην</em></strong></span> <span class='ocrx_word' id='word_1_18' title='bbox 370 602 467 683; x_wconf 79' lang='grc' dir='ltr'><strong><em>λάξιν</em></strong></span> <span class='ocrx_word' id='word_1_19' title='bbox 477 606 606 687; x_wconf 77' lang='grc' dir='ltr'><strong><em>ἔχοντες</em></strong></span> <span class='ocrx_word' id='word_1_20' title='bbox 618 602 795 685; x_wconf 78' lang='grc' dir='ltr'><strong><em>Βουδῖνοι,</em></strong></span> <span class='ocrx_word' id='word_1_21' title='bbox 809 605 874 685; x_wconf 81' lang='grc' dir='ltr'><strong><em>γῆν</em></strong></span> <span class='ocrx_word' id='word_1_22' title='bbox 888 598 1069 686; x_wconf 88' lang='grc' dir='ltr'><strong><em>νεμόμενοι</em></strong></span> <span class='ocrx_word' id='word_1_23' title='bbox 1083 607 1181 670; x_wconf 85' lang='grc' dir='ltr'><strong><em>πᾶσαν</em></strong></span> 
     </span>
     <span class='ocr_line' id='line_1_5' title="bbox 147 698 1181 789; baseline -0.007 -16"><span class='ocrx_word' id='word_1_24' title='bbox 147 734 180 789; x_wconf 72' lang='grc' dir='ltr'><strong><em>ης</em></strong></span> <span class='ocrx_word' id='word_1_25' title='bbox 195 707 319 773; x_wconf 79' lang='grc' dir='ltr'><strong><em>δασέαν</em></strong></span> <span class='ocrx_word' id='word_1_26' title='bbox 333 700 399 789; x_wconf 85' lang='grc' dir='ltr'><strong><em>ύλη</em></strong></span> <span class='ocrx_word' id='word_1_27' title='bbox 412 706 562 789; x_wconf 87' lang='grc' dir='ltr'><strong><em>παντοίη.</em></strong></span> <span class='ocrx_word' id='word_1_28' title='bbox 593 703 771 769; x_wconf 81' lang='grc' dir='ltr'><strong><em>Βουδίνων</em></strong></span> <span class='ocrx_word' id='word_1_29' title='bbox 784 701 821 766; x_wconf 77' lang='grc' dir='ltr'><strong><em>δέ</em></strong></span> <span class='ocrx_word' id='word_1_30' title='bbox 835 700 1029 783; x_wconf 84' lang='grc' dir='ltr'><strong><em>κατύπερθε</em></strong></span> <span class='ocrx_word' id='word_1_31' title='bbox 1037 698 1123 787; x_wconf 80' lang='grc' dir='ltr'><strong><em>πρός</em></strong></span> <span class='ocrx_word' id='word_1_32' title='bbox 1132 707 1181 786; x_wconf 77' lang='grc' dir='ltr'><strong><em>βο-</em></strong></span> 
     </span>
     <span class='ocr_line' id='line_1_6' title="bbox 193 794 1181 891; baseline -0.008 -20"><span class='ocrx_word' id='word_1_33' title='bbox 193 806 274 891; x_wconf 90' lang='grc' dir='ltr'><strong><em>ρέην</em></strong></span> <span class='ocrx_word' id='word_1_34' title='bbox 294 804 362 869; x_wconf 82' lang='grc' dir='ltr'><strong><em>έστὶ</em></strong></span> <span class='ocrx_word' id='word_1_35' title='bbox 382 799 498 888; x_wconf 90' lang='grc' dir='ltr'><strong><em>πρώτη</em></strong></span> <span class='ocrx_word' id='word_1_36' title='bbox 519 807 581 885; x_wconf 80' lang='grc' dir='ltr'><strong><em>μὲν</em></strong></span> <span class='ocrx_word' id='word_1_37' title='bbox 602 800 723 885; x_wconf 81' lang='grc' dir='ltr'><strong><em>έρήμος</em></strong></span> <span class='ocrx_word' id='word_1_38' title='bbox 743 794 796 865; x_wconf 79' lang='grc' dir='ltr'><strong><em>ἐπ’</em></strong></span> <span class='ocrx_word' id='word_1_39' title='bbox 818 795 971 884; x_wconf 77' lang='grc' dir='ltr'><strong><em>ἡμερέαν</em></strong></span> <span class='ocrx_word' id='word_1_40' title='bbox 992 795 1076 866; x_wconf 83' lang='grc' dir='ltr'><strong><em>έπτά</em></strong></span> <span class='ocrx_word' id='word_1_41' title='bbox 1100 794 1181 881; x_wconf 81' lang='grc' dir='ltr'><strong><em>ὁδόν,</em></strong></span> 
     </span>
     <span class='ocr_line' id='line_1_7' title="bbox 192 892 1182 989; baseline -0.008 -20"><span class='ocrx_word' id='word_1_42' title='bbox 192 900 272 989; x_wconf 87' lang='grc' dir='ltr'><strong><em>μετά</em></strong></span> <span class='ocrx_word' id='word_1_43' title='bbox 294 900 330 969; x_wconf 73' lang='grc' dir='ltr'><strong><em>δέ</em></strong></span> <span class='ocrx_word' id='word_1_44' title='bbox 344 898 407 985; x_wconf 76' lang='grc' dir='ltr'><strong><em>τήν</em></strong></span> <span class='ocrx_word' id='word_1_45' title='bbox 421 902 546 987; x_wconf 86' lang='grc' dir='ltr'><strong><em>έρῆμον</em></strong></span> <span class='ocrx_word' id='word_1_46' title='bbox 566 896 782 964; x_wconf 76' lang='grc' dir='ltr'><strong><em>ἀποκλίνοντι</em></strong></span> <span class='ocrx_word' id='word_1_47' title='bbox 796 901 925 981; x_wconf 82' lang='grc' dir='ltr'><strong><em>μᾶλλον</em></strong></span> <span class='ocrx_word' id='word_1_48' title='bbox 943 892 1030 983; x_wconf 78' lang='grc' dir='ltr'><strong><em>πρός</em></strong></span> <span class='ocrx_word' id='word_1_49' title='bbox 1044 892 1182 981; x_wconf 82' lang='grc' dir='ltr'><strong><em>ἀπηλιώ-</em></strong></span> 
     </span>
     <span class='ocr_line' id='line_1_8' title="bbox 190 996 1184 1089; baseline -0.005 -20"><span class='ocrx_word' id='word_1_50' title='bbox 190 1028 253 1089; x_wconf 89' lang='grc' dir='ltr'><strong><em>την</em></strong></span> <span class='ocrx_word' id='word_1_51' title='bbox 276 999 403 1087; x_wconf 76' lang='grc' dir='ltr'><strong><em>ἄνεμον</em></strong></span> <span class='ocrx_word' id='word_1_52' title='bbox 423 1004 580 1086; x_wconf 85' lang='grc' dir='ltr'><strong><em>νέμονται</em></strong></span> <span class='ocrx_word' id='word_1_53' title='bbox 601 1000 830 1083; x_wconf 81' lang='grc' dir='ltr'><strong><em>Θυσσαγέται,</em></strong></span> <span class='ocrx_word' id='word_1_54' title='bbox 859 1002 964 1076; x_wconf 78' lang='grc' dir='ltr'><strong><em>ἔθνος</em></strong></span> <span class='ocrx_word' id='word_1_55' title='bbox 986 996 1115 1066; x_wconf 84' lang='grc' dir='ltr'><strong><em>πολλδν</em></strong></span> <span class='ocrx_word' id='word_1_56' title='bbox 1137 999 1184 1064; x_wconf 81' lang='grc' dir='ltr'><strong><em>καί</em></strong></span> 
     </span>
     <span class='ocr_line' id='line_1_9' title="bbox 192 1096 1183 1184; baseline -0.004 -16"><span class='ocrx_word' id='word_1_57' title='bbox 192 1105 296 1168; x_wconf 84' lang='grc' dir='ltr'><strong><em>ίδιον·</em></strong></span> <span class='ocrx_word' id='word_1_58' title='bbox 320 1098 440 1179; x_wconf 73' lang='grc' dir='ltr'><strong><em>ζώουσι</em></strong></span> <span class='ocrx_word' id='word_1_59' title='bbox 461 1102 498 1165; x_wconf 76' lang='grc' dir='ltr'><strong><em>δέ</em></strong></span> <span class='ocrx_word' id='word_1_60' title='bbox 520 1096 586 1165; x_wconf 86' lang='grc' dir='ltr'><strong><em>ἀπό</em></strong></span> <span class='ocrx_word' id='word_1_61' title='bbox 608 1098 728 1184; x_wconf 86' lang='grc' dir='ltr'><strong><em>θήρης.</em></strong></span> <span class='ocrx_word' id='word_1_62' title='bbox 760 1101 914 1183; x_wconf 77' lang='grc' dir='ltr'><strong><em>συνεχέες</em></strong></span> <span class='ocrx_word' id='word_1_63' title='bbox 933 1097 971 1165; x_wconf 74' lang='grc' dir='ltr'><strong><em>δέ</em></strong></span> <span class='ocrx_word' id='word_1_64' title='bbox 989 1099 1139 1181; x_wconf 80' lang='grc' dir='ltr'><strong><em>τούτοισι</em></strong></span> <span class='ocrx_word' id='word_1_65' title='bbox 1153 1100 1183 1165; x_wconf 85' lang='grc' dir='ltr'><strong><em>έν</em></strong></span> 
     </span>
     <span class='ocr_line' id='line_1_10' title="bbox 191 1195 1183 1283; baseline -0.004 -16"><span class='ocrx_word' id='word_1_66' title='bbox 191 1213 276 1267; x_wconf 77' lang='grc' dir='ltr'><strong><em>τοῖσι</em></strong></span> <span class='ocrx_word' id='word_1_67' title='bbox 296 1196 426 1267; x_wconf 77' lang='grc' dir='ltr'><strong><em>αύτοίσι</em></strong></span> <span class='ocrx_word' id='word_1_68' title='bbox 446 1198 578 1266; x_wconf 86' lang='grc' dir='ltr'><strong><em>τόποισι</em></strong></span> <span class='ocrx_word' id='word_1_69' title='bbox 598 1202 831 1283; x_wconf 79' lang='grc' dir='ltr'><strong><em>κατοικημένοι</em></strong></span> <span class='ocrx_word' id='word_1_70' title='bbox 852 1198 930 1283; x_wconf 78' lang='grc' dir='ltr'><strong><em>είσλ,</em></strong></span> <span class='ocrx_word' id='word_1_71' title='bbox 951 1211 1038 1265; x_wconf 82' lang='grc' dir='ltr'><strong><em>τοίσι</em></strong></span> <span class='ocrx_word' id='word_1_72' title='bbox 1064 1195 1183 1282; x_wconf 82' lang='grc' dir='ltr'><strong><em>ούνομα</em></strong></span> 
     </span>
     <span class='ocr_line' id='line_1_11' title="bbox 189 1290 1183 1388; baseline -0.002 -23"><span class='ocrx_word' id='word_1_73' title='bbox 189 1312 293 1366; x_wconf 74' lang='grc' dir='ltr'><strong><em>κεῖται</em></strong></span> <span class='ocrx_word' id='word_1_74' title='bbox 304 1295 444 1383; x_wconf 79' lang='grc' dir='ltr'><strong><em>Ἰύρκαι,</em></strong></span> <span class='ocrx_word' id='word_1_75' title='bbox 460 1300 515 1364; x_wconf 79' lang='grc' dir='ltr'><strong><em>καί</em></strong></span> <span class='ocrx_word' id='word_1_76' title='bbox 529 1290 623 1364; x_wconf 77' lang='grc' dir='ltr'><strong><em>οὗτοι</em></strong></span> <span class='ocrx_word' id='word_1_77' title='bbox 638 1293 705 1363; x_wconf 82' lang='grc' dir='ltr'><strong><em>ἀπὸ</em></strong></span> <span class='ocrx_word' id='word_1_78' title='bbox 718 1296 829 1383; x_wconf 91' lang='grc' dir='ltr'><strong><em>θήρης</em></strong></span> <span class='ocrx_word' id='word_1_79' title='bbox 842 1296 982 1376; x_wconf 77' lang='grc' dir='ltr'><strong><em>ζώοντες</em></strong></span> <span class='ocrx_word' id='word_1_80' title='bbox 995 1296 1110 1388; x_wconf 73' lang='grc' dir='ltr'><strong><em>τρόπςο</em></strong></span> <span class='ocrx_word' id='word_1_81' title='bbox 1122 1322 1183 1364; x_wconf 88' lang='grc' dir='ltr'><strong><em>τοι·</em></strong></span> 
     </span>
     <span class='ocr_line' id='line_1_12' title="bbox 189 1392 1183 1488; baseline -0.002 -24"><span class='ocrx_word' id='word_1_82' title='bbox 189 1401 268 1488; x_wconf 77' lang='grc' dir='ltr'><strong><em>ῷδε·</em></strong></span> <span class='ocrx_word' id='word_1_83' title='bbox 291 1402 372 1485; x_wconf 78' lang='grc' dir='ltr'><strong><em>λοχᾷ</em></strong></span> <span class='ocrx_word' id='word_1_84' title='bbox 387 1397 439 1465; x_wconf 79' lang='grc' dir='ltr'><strong><em>έπλ</em></strong></span> <span class='ocrx_word' id='word_1_85' title='bbox 459 1397 619 1478; x_wconf 86' lang='grc' dir='ltr'><strong><em>δένδρεον</em></strong></span> <span class='ocrx_word' id='word_1_86' title='bbox 639 1393 767 1482; x_wconf 76' lang='grc' dir='ltr'><strong><em>ἀναβὰς</em></strong></span> <span class='ocrx_word' id='word_1_87' title='bbox 786 1392 842 1484; x_wconf 88' lang='grc' dir='ltr'><strong><em>(τά</em></strong></span> <span class='ocrx_word' id='word_1_88' title='bbox 857 1397 899 1463; x_wconf 86' lang='grc' dir='ltr'><strong><em>δέ</em></strong></span> <span class='ocrx_word' id='word_1_89' title='bbox 915 1397 984 1467; x_wconf 85' lang='grc' dir='ltr'><strong><em>έστι</em></strong></span> <span class='ocrx_word' id='word_1_90' title='bbox 997 1393 1112 1464; x_wconf 85' lang='grc' dir='ltr'><strong><em>πυκνά</em></strong></span> <span class='ocrx_word' id='word_1_91' title='bbox 1127 1394 1183 1464; x_wconf 80' lang='grc' dir='ltr'><strong><em>ἀνί</em></strong></span> 
     </span>
     <span class='ocr_line' id='line_1_13' title="bbox 188 1494 1183 1585; baseline -0.001 -20"><span class='ocrx_word' id='word_1_92' title='bbox 188 1504 300 1565; x_wconf 82' lang='grc' dir='ltr'><strong><em>πᾶσαν</em></strong></span> <span class='ocrx_word' id='word_1_93' title='bbox 312 1495 375 1584; x_wconf 86' lang='grc' dir='ltr'><strong><em>τήν</em></strong></span> <span class='ocrx_word' id='word_1_94' title='bbox 387 1496 534 1584; x_wconf 89' lang='grc' dir='ltr'><strong><em>χώρην),</em></strong></span> <span class='ocrx_word' id='word_1_95' title='bbox 555 1500 657 1574; x_wconf 85' lang='grc' dir='ltr'><strong><em>ίππος</em></strong></span> <span class='ocrx_word' id='word_1_96' title='bbox 675 1494 714 1563; x_wconf 77' lang='grc' dir='ltr'><strong><em>δέ</em></strong></span> <span class='ocrx_word' id='word_1_97' title='bbox 733 1494 859 1585; x_wconf 77' lang='grc' dir='ltr'><strong><em>έκάστρε</em></strong></span> <span class='ocrx_word' id='word_1_98' title='bbox 880 1498 1119 1582; x_wconf 77' lang='grc' dir='ltr'><strong><em>δεδιδαγμένος</em></strong></span> <span class='ocrx_word' id='word_1_99' title='bbox 1138 1497 1183 1563; x_wconf 60' lang='lat' dir='ltr'><strong><em>iai</em></strong></span> 
     </span>
     <span class='ocr_line' id='line_1_14' title="bbox 186 1594 1184 1685; baseline -0.005 -20"><span class='ocrx_word' id='word_1_100' title='bbox 186 1600 330 1685; x_wconf 77' lang='grc' dir='ltr'><strong><em>γαστέρα</em></strong></span> <span class='ocrx_word' id='word_1_101' title='bbox 345 1598 484 1665; x_wconf 87' lang='grc' dir='ltr'><strong><em>κέεσθαι</em></strong></span> <span class='ocrx_word' id='word_1_102' title='bbox 504 1594 739 1682; x_wconf 84' lang='grc' dir='ltr'><strong><em>ταπεινότητος</em></strong></span> <span class='ocrx_word' id='word_1_103' title='bbox 761 1597 890 1662; x_wconf 77' lang='grc' dir='ltr'><strong><em>εἵνεκεν</em></strong></span> <span class='ocrx_word' id='word_1_104' title='bbox 903 1594 1033 1681; x_wconf 83' lang='grc' dir='ltr'><strong><em>έτολμός</em></strong></span> <span class='ocrx_word' id='word_1_105' title='bbox 1050 1597 1118 1663; x_wconf 87' lang='grc' dir='ltr'><strong><em>έστι</em></strong></span> <span class='ocrx_word' id='word_1_106' title='bbox 1136 1595 1184 1662; x_wconf 79' lang='grc' dir='ltr'><strong><em>καὶ</em></strong></span> 
     </span>
     <span class='ocr_line' id='line_1_15' title="bbox 186 1690 1182 1783; baseline -0.003 -19"><span class='ocrx_word' id='word_1_107' title='bbox 186 1696 297 1764; x_wconf 88' lang='grc' dir='ltr'><strong><em>κύων·</em></strong></span> <span class='ocrx_word' id='word_1_108' title='bbox 321 1694 422 1762; x_wconf 87' lang='grc' dir='ltr'><strong><em>έπεάν</em></strong></span> <span class='ocrx_word' id='word_1_109' title='bbox 442 1699 479 1761; x_wconf 75' lang='grc' dir='ltr'><strong><em>δέ</em></strong></span> <span class='ocrx_word' id='word_1_110' title='bbox 504 1691 605 1783; x_wconf 90' lang='grc' dir='ltr'><strong><em>ἀπίδη</em></strong></span> <span class='ocrx_word' id='word_1_111' title='bbox 631 1691 669 1761; x_wconf 89' lang='grc' dir='ltr'><strong><em>τδ</em></strong></span> <span class='ocrx_word' id='word_1_112' title='bbox 688 1700 816 1780; x_wconf 83' lang='grc' dir='ltr'><strong><em>θηρίον</em></strong></span> <span class='ocrx_word' id='word_1_113' title='bbox 840 1690 906 1760; x_wconf 80' lang='grc' dir='ltr'><strong><em>ἀπὸ</em></strong></span> <span class='ocrx_word' id='word_1_114' title='bbox 932 1700 994 1760; x_wconf 79' lang='grc' dir='ltr'><strong><em>τοῦ</em></strong></span> <span class='ocrx_word' id='word_1_115' title='bbox 1018 1696 1182 1782; x_wconf 90' lang='grc' dir='ltr'><strong><em>δενδρέου,</em></strong></span> 
     </span>
     <span class='ocr_line' id='line_1_16' title="bbox 187 1791 1215 1881; baseline -0.003 -19"><span class='ocrx_word' id='word_1_116' title='bbox 187 1793 346 1875; x_wconf 82' lang='grc' dir='ltr'><strong><em>τοξεύσας</em></strong></span> <span class='ocrx_word' id='word_1_117' title='bbox 361 1795 416 1862; x_wconf 78' lang='grc' dir='ltr'><strong><em>καί</em></strong></span> <span class='ocrx_word' id='word_1_118' title='bbox 431 1791 547 1881; x_wconf 80' lang='grc' dir='ltr'><strong><em>ἐπιβὰς</em></strong></span> <span class='ocrx_word' id='word_1_119' title='bbox 562 1794 615 1861; x_wconf 80' lang='grc' dir='ltr'><strong><em>έπὶ</em></strong></span> <span class='ocrx_word' id='word_1_120' title='bbox 635 1791 697 1861; x_wconf 79' lang='grc' dir='ltr'><strong><em>τόν</em></strong></span> <span class='ocrx_word' id='word_1_121' title='bbox 716 1796 822 1860; x_wconf 76' lang='grc' dir='ltr'><strong><em>ἵππον</em></strong></span> <span class='ocrx_word' id='word_1_122' title='bbox 840 1791 971 1880; x_wconf 88' lang='grc' dir='ltr'><strong><em>διώκει,</em></strong></span> <span class='ocrx_word' id='word_1_123' title='bbox 993 1792 1081 1864; x_wconf 75' lang='grc' dir='ltr'><strong><em>καὶὸ</em></strong></span> <span class='ocrx_word' id='word_1_124' title='bbox 1097 1792 1183 1862; x_wconf 86' lang='grc' dir='ltr'><strong><em>κύον</em></strong></span> <span class='ocrx_word' id='word_1_125' title='bbox 1214 1829 1215 1832; x_wconf 37' lang='grc'><strong>“</strong></span> 
     </span>
     <span class='ocr_line' id='line_1_17' title="bbox 187 1890 1182 1984; baseline -0.007 -18"><span class='ocrx_word' id='word_1_126' title='bbox 187 1902 301 1984; x_wconf 86' lang='grc' dir='ltr'><strong><em>έχεται.</em></strong></span> <span class='ocrx_word' id='word_1_127' title='bbox 336 1892 421 1984; x_wconf 76' lang='grc' dir='ltr'><strong><em>ύπέρ</em></strong></span> <span class='ocrx_word' id='word_1_128' title='bbox 443 1897 479 1965; x_wconf 77' lang='grc' dir='ltr'><strong><em>δέ</em></strong></span> <span class='ocrx_word' id='word_1_129' title='bbox 499 1895 630 1964; x_wconf 85' lang='grc' dir='ltr'><strong><em>τούτων</em></strong></span> <span class='ocrx_word' id='word_1_130' title='bbox 653 1892 690 1964; x_wconf 85' lang='grc' dir='ltr'><strong><em>τὸ</em></strong></span> <span class='ocrx_word' id='word_1_131' title='bbox 712 1892 798 1983; x_wconf 85' lang='grc' dir='ltr'><strong><em>πρός</em></strong></span> <span class='ocrx_word' id='word_1_132' title='bbox 817 1890 881 1982; x_wconf 83' lang='grc' dir='ltr'><strong><em>τήν</em></strong></span> <span class='ocrx_word' id='word_1_133' title='bbox 900 1890 951 1981; x_wconf 81' lang='grc' dir='ltr'><strong><em>ήῶ</em></strong></span> <span class='ocrx_word' id='word_1_134' title='bbox 974 1891 1182 1962; x_wconf 75' lang='grc' dir='ltr'><strong><em>ἀποκλίνοντι</em></strong></span> 
     </span>
     <span class='ocr_line' id='line_1_18' title="bbox 186 1992 1214 2083; baseline -0.006 -18"><span class='ocrx_word' id='word_1_135' title='bbox 186 2001 333 2066; x_wconf 78' lang='grc' dir='ltr'><strong><em>οἰκέουσι</em></strong></span> <span class='ocrx_word' id='word_1_136' title='bbox 347 1995 485 2067; x_wconf 86' lang='grc' dir='ltr'><strong><em>Σκύθαι</em></strong></span> <span class='ocrx_word' id='word_1_137' title='bbox 506 1996 617 2083; x_wconf 86' lang='grc' dir='ltr'><strong><em>ἀλλοι,</em></strong></span> <span class='ocrx_word' id='word_1_138' title='bbox 641 1992 706 2063; x_wconf 82' lang='grc' dir='ltr'><strong><em>ἀπό</em></strong></span> <span class='ocrx_word' id='word_1_139' title='bbox 726 2001 795 2062; x_wconf 79' lang='grc' dir='ltr'><strong><em>τών</em></strong></span> <span class='ocrx_word' id='word_1_140' title='bbox 816 2001 1000 2080; x_wconf 78' lang='grc' dir='ltr'><strong><em>βασιληίων</em></strong></span> <span class='ocrx_word' id='word_1_141' title='bbox 1021 1997 1183 2062; x_wconf 84' lang='grc' dir='ltr'><strong><em>Σκυθέων</em></strong></span> <span class='ocrx_word' id='word_1_142' title='bbox 1213 2012 1214 2083; x_wconf 61' lang='lat'>3</span> 
     </span>
     <span class='ocr_line' id='line_1_19' title="bbox 186 2091 1179 2181; baseline -0.001 -20"><span class='ocrx_word' id='word_1_143' title='bbox 186 2091 390 2175; x_wconf 77' lang='grc' dir='ltr'><strong><em>ἀποστάντες</em></strong></span> <span class='ocrx_word' id='word_1_144' title='bbox 404 2098 459 2164; x_wconf 83' lang='grc' dir='ltr'><strong><em>καί</em></strong></span> <span class='ocrx_word' id='word_1_145' title='bbox 475 2094 563 2164; x_wconf 85' lang='grc' dir='ltr'><strong><em>ούτεο</em></strong></span> <span class='ocrx_word' id='word_1_146' title='bbox 585 2093 784 2181; x_wconf 89' lang='grc' dir='ltr'><strong><em>ἀπικόμενοι</em></strong></span> <span class='ocrx_word' id='word_1_147' title='bbox 805 2097 838 2173; x_wconf 89' lang='grc' dir='ltr'><strong><em>ές</em></strong></span> <span class='ocrx_word' id='word_1_148' title='bbox 851 2100 972 2162; x_wconf 74' lang='grc' dir='ltr'><strong><em>τοῦτον</em></strong></span> <span class='ocrx_word' id='word_1_149' title='bbox 992 2092 1053 2161; x_wconf 85' lang='grc' dir='ltr'><strong><em>τόν</em></strong></span> <span class='ocrx_word' id='word_1_150' title='bbox 1067 2101 1179 2179; x_wconf 79' lang='grc' dir='ltr'><strong><em>χῶρον.</em></strong></span> 
     </span>
     <span class='ocr_line' id='line_1_20' title="bbox 141 2190 1214 2282; baseline -0.002 -21"><span class='ocrx_word' id='word_1_151' title='bbox 141 2217 175 2271; x_wconf 72' lang='lat'><strong><em>23</em></strong></span> <span class='ocrx_word' id='word_1_152' title='bbox 186 2197 296 2282; x_wconf 85' lang='grc' dir='ltr'><strong><em>Μέχρι</em></strong></span> <span class='ocrx_word' id='word_1_153' title='bbox 313 2197 376 2281; x_wconf 75' lang='grc' dir='ltr'><strong><em>μέν</em></strong></span> <span class='ocrx_word' id='word_1_154' title='bbox 392 2192 431 2280; x_wconf 84' lang='grc' dir='ltr'><strong><em>δή</em></strong></span> <span class='ocrx_word' id='word_1_155' title='bbox 452 2201 510 2281; x_wconf 82' lang='grc' dir='ltr'><strong><em>τῆς</em></strong></span> <span class='ocrx_word' id='word_1_156' title='bbox 529 2195 660 2263; x_wconf 82' lang='grc' dir='ltr'><strong><em>τούτων</em></strong></span> <span class='ocrx_word' id='word_1_157' title='bbox 678 2201 746 2262; x_wconf 82' lang='grc' dir='ltr'><strong><em>τών</em></strong></span> <span class='ocrx_word' id='word_1_158' title='bbox 761 2197 929 2262; x_wconf 86' lang='grc' dir='ltr'><strong><em>Σκυθέων</em></strong></span> <span class='ocrx_word' id='word_1_159' title='bbox 944 2193 1055 2281; x_wconf 87' lang='grc' dir='ltr'><strong><em>χώρης</em></strong></span> <span class='ocrx_word' id='word_1_160' title='bbox 1075 2195 1144 2261; x_wconf 84' lang='grc' dir='ltr'><strong><em>έστλ</em></strong></span> <span class='ocrx_word' id='word_1_161' title='bbox 1162 2190 1179 2275; x_wconf 76' lang='grc' dir='ltr'><em>ἡ</em></span> <span class='ocrx_word' id='word_1_162' title='bbox 1212 2198 1214 2279; x_wconf 68' lang='grc' dir='ltr'>ζ</span> 
     </span>
     <span class='ocr_line' id='line_1_21' title="bbox 185 2287 1212 2380; baseline -0.003 -20"><span class='ocrx_word' id='word_1_163' title='bbox 185 2301 423 2377; x_wconf 72' lang='grc' dir='ltr'><strong><em>καταλεχθεῖσα</em></strong></span> <span class='ocrx_word' id='word_1_164' title='bbox 437 2298 527 2359; x_wconf 80' lang='grc' dir='ltr'><strong><em>πᾶσα</em></strong></span> <span class='ocrx_word' id='word_1_165' title='bbox 547 2291 664 2371; x_wconf 79' lang='grc' dir='ltr'><strong><em>πεδιάς</em></strong></span> <span class='ocrx_word' id='word_1_166' title='bbox 679 2319 715 2360; x_wconf 88' lang='grc' dir='ltr'><strong><em>τε</em></strong></span> <span class='ocrx_word' id='word_1_167' title='bbox 734 2300 777 2380; x_wconf 87' lang='grc' dir='ltr'><strong><em>γή</em></strong></span> <span class='ocrx_word' id='word_1_168' title='bbox 796 2297 852 2361; x_wconf 79' lang='grc' dir='ltr'><strong><em>καί</em></strong></span> <span class='ocrx_word' id='word_1_169' title='bbox 872 2293 1079 2380; x_wconf 79' lang='grc' dir='ltr'><strong><em>βαθύγαιος,</em></strong></span> <span class='ocrx_word' id='word_1_170' title='bbox 1099 2290 1136 2358; x_wconf 88' lang='grc' dir='ltr'>τὸ</span> <span class='ocrx_word' id='word_1_171' title='bbox 1151 2287 1179 2356; x_wconf 83' lang='grc' dir='ltr'><strong><em>δ’</em></strong></span> <span class='ocrx_word' id='word_1_172' title='bbox 1211 2352 1212 2371; x_wconf 38' lang='grc'><strong><em>,</em></strong></span> 
     </span>
     <span class='ocr_line' id='line_1_22' title="bbox 186 2385 1213 2477; baseline -0.001 -21"><span class='ocrx_word' id='word_1_173' title='bbox 186 2385 252 2456; x_wconf 81' lang='grc' dir='ltr'><strong><em>ἀπὸ</em></strong></span> <span class='ocrx_word' id='word_1_174' title='bbox 266 2385 389 2456; x_wconf 86' lang='grc' dir='ltr'><strong><em>τούτου</em></strong></span> <span class='ocrx_word' id='word_1_175' title='bbox 403 2388 553 2476; x_wconf 78' lang='grc' dir='ltr'><strong><em>λιθώδης</em></strong></span> <span class='ocrx_word' id='word_1_176' title='bbox 572 2387 602 2456; x_wconf 89' lang='grc' dir='ltr'><strong><em>τ’</em></strong></span> <span class='ocrx_word' id='word_1_177' title='bbox 618 2393 686 2458; x_wconf 82' lang='grc' dir='ltr'><strong><em>έστί</em></strong></span> <span class='ocrx_word' id='word_1_178' title='bbox 703 2393 758 2458; x_wconf 78' lang='grc' dir='ltr'><strong><em>καί</em></strong></span> <span class='ocrx_word' id='word_1_179' title='bbox 770 2393 898 2477; x_wconf 87' lang='grc' dir='ltr'><strong><em>τρηχέα,</em></strong></span> <span class='ocrx_word' id='word_1_180' title='bbox 928 2390 1135 2470; x_wconf 73' lang='grc' dir='ltr'><strong><em>διεξελθόντι</em></strong></span> <span class='ocrx_word' id='word_1_181' title='bbox 1150 2390 1182 2455; x_wconf 75' lang='grc' dir='ltr'><strong><em>δὲ</em></strong></span> <span class='ocrx_word' id='word_1_182' title='bbox 1211 2438 1213 2441; x_wconf 92' lang='grc'>-</span> 
     </span>
     <span class='ocr_line' id='line_1_23' title="bbox 63 2485 1182 2584; baseline 0 -28"><span class='ocrx_word' id='word_1_183' title='bbox 63 2568 71 2584; x_wconf 34' lang='grc'><em>.</em></span> <span class='ocrx_word' id='word_1_184' title='bbox 186 2489 241 2556; x_wconf 79' lang='grc' dir='ltr'><strong><em>καί</em></strong></span> <span class='ocrx_word' id='word_1_185' title='bbox 256 2493 313 2573; x_wconf 83' lang='grc' dir='ltr'><strong><em>τῆς</em></strong></span> <span class='ocrx_word' id='word_1_186' title='bbox 322 2490 459 2573; x_wconf 86' lang='grc' dir='ltr'><strong><em>τρηχέης</em></strong></span> <span class='ocrx_word' id='word_1_187' title='bbox 469 2494 580 2574; x_wconf 77' lang='grc' dir='ltr'><strong><em>χῶρον</em></strong></span> <span class='ocrx_word' id='word_1_188' title='bbox 590 2485 720 2557; x_wconf 86' lang='grc' dir='ltr'><strong><em>πολλδν</em></strong></span> <span class='ocrx_word' id='word_1_189' title='bbox 729 2494 876 2558; x_wconf 78' lang='grc' dir='ltr'><strong><em>οἰκέουσι</em></strong></span> <span class='ocrx_word' id='word_1_190' title='bbox 886 2487 1047 2575; x_wconf 78' lang='grc' dir='ltr'><strong><em>ὑπώρεαν</em></strong></span> <span class='ocrx_word' id='word_1_191' title='bbox 1056 2489 1182 2576; x_wconf 87' lang='grc' dir='ltr'><strong><em>ούρέον</em></strong></span> 
     </span>
     <span class='ocr_line' id='line_1_24' title="bbox 185 2581 1212 2677; baseline 0.003 -24"><span class='ocrx_word' id='word_1_192' title='bbox 185 2584 327 2671; x_wconf 73' lang='grc' dir='ltr'><strong><em>ὑψηλῶν</em></strong></span> <span class='ocrx_word' id='word_1_193' title='bbox 342 2581 519 2671; x_wconf 84' lang='grc' dir='ltr'><strong><em>ἀνθρωποι</em></strong></span> <span class='ocrx_word' id='word_1_194' title='bbox 534 2587 710 2674; x_wconf 84' lang='grc' dir='ltr'><strong><em>λεγόμενοι</em></strong></span> <span class='ocrx_word' id='word_1_195' title='bbox 724 2586 810 2657; x_wconf 76' lang='grc' dir='ltr'><strong><em>εἶναι</em></strong></span> <span class='ocrx_word' id='word_1_196' title='bbox 831 2589 953 2668; x_wconf 71' lang='grc' dir='ltr'><strong><em>πάντες</em></strong></span> <span class='ocrx_word' id='word_1_197' title='bbox 966 2592 1134 2677; x_wconf 80' lang='grc' dir='ltr'><strong><em>φαλακροὶ</em></strong></span> <span class='ocrx_word' id='word_1_198' title='bbox 1150 2592 1183 2656; x_wconf 86' lang='grc' dir='ltr'><strong><em>έκ</em></strong></span> <span class='ocrx_word' id='word_1_199' title='bbox 1210 2600 1212 2603; x_wconf 82' lang='grc'><strong>’</strong></span> 
     </span>
     <span class='ocr_line' id='line_1_25' title="bbox 184 2682 1211 2775; baseline 0.004 -25"><span class='ocrx_word' id='word_1_200' title='bbox 184 2689 302 2769; x_wconf 82' lang='grc' dir='ltr'><strong><em>γενεῆς</em></strong></span> <span class='ocrx_word' id='word_1_201' title='bbox 314 2682 504 2769; x_wconf 90' lang='grc' dir='ltr'><strong><em>γινόμενοι,</em></strong></span> <span class='ocrx_word' id='word_1_202' title='bbox 525 2687 580 2754; x_wconf 81' lang='grc' dir='ltr'><strong><em>καὶ</em></strong></span> <span class='ocrx_word' id='word_1_203' title='bbox 601 2691 733 2774; x_wconf 81' lang='grc' dir='ltr'><strong><em>ἔρσενες</em></strong></span> <span class='ocrx_word' id='word_1_204' title='bbox 754 2689 809 2754; x_wconf 78' lang='grc' dir='ltr'><strong><em>καί</em></strong></span> <span class='ocrx_word' id='word_1_205' title='bbox 827 2687 949 2774; x_wconf 89' lang='grc' dir='ltr'><strong><em>θήλεαι</em></strong></span> <span class='ocrx_word' id='word_1_206' title='bbox 969 2685 1110 2775; x_wconf 79' lang='grc' dir='ltr'><strong><em>ὁμοίως,</em></strong></span> <span class='ocrx_word' id='word_1_207' title='bbox 1132 2690 1182 2755; x_wconf 82' lang='grc' dir='ltr'><strong><em>καί</em></strong></span> <span class='ocrx_word' id='word_1_208' title='bbox 1209 2748 1211 2767; x_wconf 43' lang='grc'>;</span> 
     </span>
     <span class='ocr_line' id='line_1_26' title="bbox 184 2782 1180 2874; baseline 0.007 -26"><span class='ocrx_word' id='word_1_209' title='bbox 184 2782 275 2866; x_wconf 79' lang='grc' dir='ltr'><strong><em>σιμοὶ</em></strong></span> <span class='ocrx_word' id='word_1_210' title='bbox 288 2783 343 2848; x_wconf 81' lang='grc' dir='ltr'><strong><em>καί</em></strong></span> <span class='ocrx_word' id='word_1_211' title='bbox 357 2784 470 2866; x_wconf 89' lang='grc' dir='ltr'><strong><em>γένεια</em></strong></span> <span class='ocrx_word' id='word_1_212' title='bbox 485 2788 613 2869; x_wconf 80' lang='grc' dir='ltr'><strong><em>έχοντες</em></strong></span> <span class='ocrx_word' id='word_1_213' title='bbox 624 2785 769 2871; x_wconf 81' lang='grc' dir='ltr'><strong><em>μεγάλα,</em></strong></span> <span class='ocrx_word' id='word_1_214' title='bbox 781 2783 905 2871; x_wconf 70' lang='grc' dir='ltr'><strong><em>φωνήν</em></strong></span> <span class='ocrx_word' id='word_1_215' title='bbox 916 2788 952 2853; x_wconf 76' lang='grc' dir='ltr'><strong><em>δὲ</em></strong></span> <span class='ocrx_word' id='word_1_216' title='bbox 965 2791 1057 2874; x_wconf 84' lang='grc' dir='ltr'><strong><em>έδίηκ</em></strong></span> <span class='ocrx_word' id='word_1_217' title='bbox 1070 2791 1180 2872; x_wconf 84' lang='grc' dir='ltr'><strong><em>ίέντες,</em></strong></span> 
     </span>
     <span class='ocr_line' id='line_1_27' title="bbox 185 2880 1210 2973; baseline 0.009 -27"><span class='ocrx_word' id='word_1_218' title='bbox 185 2881 301 2966; x_wconf 87' lang='grc' dir='ltr'><strong><em>έσθήτι</em></strong></span> <span class='ocrx_word' id='word_1_219' title='bbox 331 2883 367 2949; x_wconf 78' lang='grc' dir='ltr'><strong><em>δὲ</em></strong></span> <span class='ocrx_word' id='word_1_220' title='bbox 390 2880 565 2969; x_wconf 89' lang='grc' dir='ltr'><strong><em>χρεόμενοι</em></strong></span> <span class='ocrx_word' id='word_1_221' title='bbox 585 2890 761 2973; x_wconf 83' lang='grc' dir='ltr'><strong><em>Σκυθική,</em></strong></span> <span class='ocrx_word' id='word_1_222' title='bbox 789 2883 928 2965; x_wconf 73' lang='grc' dir='ltr'><strong><em>ζώοντες</em></strong></span> <span class='ocrx_word' id='word_1_223' title='bbox 953 2886 991 2953; x_wconf 77' lang='grc' dir='ltr'><strong><em>δέ</em></strong></span> <span class='ocrx_word' id='word_1_224' title='bbox 1014 2883 1083 2954; x_wconf 79' lang='grc' dir='ltr'><strong><em>ἀπὸ</em></strong></span> <span class='ocrx_word' id='word_1_225' title='bbox 1109 2891 1183 2955; x_wconf 86' lang='grc' dir='ltr'><strong><em>δεν-</em></strong></span> <span class='ocrx_word' id='word_1_226' title='bbox 1208 2926 1210 2929; x_wconf 93' lang='grc'>-</span> 
     </span>
     <span class='ocr_line' id='line_1_28' title="bbox 184 2977 1183 3073; baseline 0.006 -27"><span class='ocrx_word' id='word_1_227' title='bbox 184 2981 302 3065; x_wconf 85' lang='grc' dir='ltr'><strong><em>δρέων.</em></strong></span> <span class='ocrx_word' id='word_1_228' title='bbox 330 2977 491 3046; x_wconf 87' lang='grc' dir='ltr'><strong><em>ποντικόν</em></strong></span> <span class='ocrx_word' id='word_1_229' title='bbox 510 2983 573 3066; x_wconf 75' lang='grc' dir='ltr'><strong><em>μὲν</em></strong></span> <span class='ocrx_word' id='word_1_230' title='bbox 589 2979 719 3068; x_wconf 82' lang='grc' dir='ltr'><strong><em>ούνομα</em></strong></span> <span class='ocrx_word' id='word_1_231' title='bbox 738 2988 784 3073; x_wconf 76' lang='grc' dir='ltr'><strong><em>τῷ</em></strong></span> <span class='ocrx_word' id='word_1_232' title='bbox 799 2985 961 3073; x_wconf 69' lang='grc' dir='ltr'><strong><em>δενδρέῳ,</em></strong></span> <span class='ocrx_word' id='word_1_233' title='bbox 983 2981 1042 3050; x_wconf 84' lang='grc' dir='ltr'><strong><em>ἀπ’</em></strong></span> <span class='ocrx_word' id='word_1_234' title='bbox 1059 2977 1104 3052; x_wconf 80' lang='grc' dir='ltr'><strong><em>ού</em></strong></span> <span class='ocrx_word' id='word_1_235' title='bbox 1123 2983 1183 3065; x_wconf 71' lang='grc' dir='ltr'><strong><em>ξύ·</em></strong></span> 
     </span>
     <span class='ocr_line' id='line_1_29' title="bbox 184 3076 1181 3169; baseline 0.01 -29"><span class='ocrx_word' id='word_1_236' title='bbox 184 3094 278 3161; x_wconf 89' lang='grc' dir='ltr'><strong><em>ουσι,</em></strong></span> <span class='ocrx_word' id='word_1_237' title='bbox 300 3078 448 3161; x_wconf 85' lang='grc' dir='ltr'><strong><em>μέγαθος</em></strong></span> <span class='ocrx_word' id='word_1_238' title='bbox 468 3077 504 3145; x_wconf 74' lang='grc' dir='ltr'><strong><em>δὲ</em></strong></span> <span class='ocrx_word' id='word_1_239' title='bbox 518 3076 601 3144; x_wconf 80' lang='grc' dir='ltr'><strong><em>κατὰ</em></strong></span> <span class='ocrx_word' id='word_1_240' title='bbox 620 3082 746 3167; x_wconf 82' lang='grc' dir='ltr'><strong><em>συκέην</em></strong></span> <span class='ocrx_word' id='word_1_241' title='bbox 760 3079 902 3166; x_wconf 86' lang='grc' dir='ltr'><strong><em>μάλιστά</em></strong></span> <span class='ocrx_word' id='word_1_242' title='bbox 916 3106 975 3169; x_wconf 86' lang='grc' dir='ltr'><strong><em>κη·</em></strong></span> <span class='ocrx_word' id='word_1_243' title='bbox 995 3085 1128 3166; x_wconf 82' lang='grc' dir='ltr'><strong><em>καρπὸν</em></strong></span> <span class='ocrx_word' id='word_1_244' title='bbox 1145 3085 1181 3150; x_wconf 77' lang='grc' dir='ltr'><strong><em>δέ</em></strong></span> 
     </span>
     <span class='ocr_line' id='line_1_30' title="bbox 183 3174 1182 3270; baseline 0.008 -29"><span class='ocrx_word' id='word_1_245' title='bbox 183 3175 298 3258; x_wconf 82' lang='grc' dir='ltr'><strong><em>φορέει</em></strong></span> <span class='ocrx_word' id='word_1_246' title='bbox 311 3174 429 3266; x_wconf 77' lang='grc' dir='ltr'><strong><em>κυάμρε</em></strong></span> <span class='ocrx_word' id='word_1_247' title='bbox 444 3184 535 3260; x_wconf 85' lang='grc' dir='ltr'><strong><em>έσον,</em></strong></span> <span class='ocrx_word' id='word_1_248' title='bbox 556 3183 691 3263; x_wconf 82' lang='grc' dir='ltr'><strong><em>πυρῆνα</em></strong></span> <span class='ocrx_word' id='word_1_249' title='bbox 702 3179 739 3246; x_wconf 76' lang='grc' dir='ltr'><strong><em>δέ</em></strong></span> <span class='ocrx_word' id='word_1_250' title='bbox 750 3184 832 3264; x_wconf 86' lang='grc' dir='ltr'><strong><em>έχει·</em></strong></span> <span class='ocrx_word' id='word_1_251' title='bbox 853 3184 952 3246; x_wconf 78' lang='grc' dir='ltr'><strong><em>τοῦτο</em></strong></span> <span class='ocrx_word' id='word_1_252' title='bbox 967 3180 1071 3248; x_wconf 81' lang='grc' dir='ltr'><strong><em>έπεάν</em></strong></span> <span class='ocrx_word' id='word_1_253' title='bbox 1084 3186 1182 3270; x_wconf 88' lang='grc' dir='ltr'><strong><em>γένη-</em></strong></span> 
     </span>
     <span class='ocr_line' id='line_1_31' title="bbox 181 3273 1181 3364; baseline 0.013 -31"><span class='ocrx_word' id='word_1_254' title='bbox 181 3294 236 3334; x_wconf 85' lang='grc' dir='ltr'><strong><em>ται</em></strong></span> <span class='ocrx_word' id='word_1_255' title='bbox 252 3273 376 3356; x_wconf 84' lang='grc' dir='ltr'><strong><em>πέπον,</em></strong></span> <span class='ocrx_word' id='word_1_256' title='bbox 396 3274 574 3340; x_wconf 89' lang='grc' dir='ltr'><strong><em>σακκέουσι</em></strong></span> <span class='ocrx_word' id='word_1_257' title='bbox 588 3279 762 3362; x_wconf 76' lang='grc' dir='ltr'><strong><em>ἱματίοισι,</em></strong></span> <span class='ocrx_word' id='word_1_258' title='bbox 783 3273 941 3364; x_wconf 84' lang='grc' dir='ltr'><strong><em>ἀπορρέει</em></strong></span> <span class='ocrx_word' id='word_1_259' title='bbox 952 3277 985 3344; x_wconf 90' lang='grc' dir='ltr'><strong><em>δ’</em></strong></span> <span class='ocrx_word' id='word_1_260' title='bbox 999 3278 1061 3349; x_wconf 83' lang='grc' dir='ltr'><strong><em>ἀπ’</em></strong></span> <span class='ocrx_word' id='word_1_261' title='bbox 1078 3279 1181 3349; x_wconf 82' lang='grc' dir='ltr'><strong><em>αύτοῦ</em></strong></span> 
     </span>
     <span class='ocr_line' id='line_1_32' title="bbox 182 3361 1179 3466; baseline 0.018 -37"><span class='ocrx_word' id='word_1_262' title='bbox 182 3361 271 3447; x_wconf 87' lang='grc' dir='ltr'><strong><em>παχύ</em></strong></span> <span class='ocrx_word' id='word_1_263' title='bbox 290 3367 345 3435; x_wconf 78' lang='grc' dir='ltr'><strong><em>καὶ</em></strong></span> <span class='ocrx_word' id='word_1_264' title='bbox 358 3368 479 3455; x_wconf 86' lang='grc' dir='ltr'><strong><em>μέλαν,</em></strong></span> <span class='ocrx_word' id='word_1_265' title='bbox 501 3369 630 3457; x_wconf 77' lang='grc' dir='ltr'><strong><em>οὕνομα</em></strong></span> <span class='ocrx_word' id='word_1_266' title='bbox 649 3376 686 3440; x_wconf 76' lang='grc' dir='ltr'><strong><em>δὲ</em></strong></span> <span class='ocrx_word' id='word_1_267' title='bbox 699 3380 746 3462; x_wconf 76' lang='grc' dir='ltr'><strong><em>τῷ</em></strong></span> <span class='ocrx_word' id='word_1_268' title='bbox 767 3372 970 3463; x_wconf 86' lang='grc' dir='ltr'><strong><em>ἀπορρέοντί</em></strong></span> <span class='ocrx_word' id='word_1_269' title='bbox 989 3380 1060 3446; x_wconf 78' lang='grc' dir='ltr'><strong><em>ἐστι</em></strong></span> <span class='ocrx_word' id='word_1_270' title='bbox 1080 3377 1179 3466; x_wconf 67' lang='grc' dir='ltr'><strong><em>ἄσχυ</em></strong></span> 
     </span>
     <span class='ocr_line' id='line_1_33' title="bbox 178 3464 1179 3562; baseline 0.018 -36"><span class='ocrx_word' id='word_1_271' title='bbox 178 3464 278 3526; x_wconf 79' lang='grc' dir='ltr'><strong><em>τοῦτο</em></strong></span> <span class='ocrx_word' id='word_1_272' title='bbox 298 3465 352 3529; x_wconf 80' lang='grc' dir='ltr'><strong><em>καὶ</em></strong></span> <span class='ocrx_word' id='word_1_273' title='bbox 369 3471 515 3550; x_wconf 88' lang='grc' dir='ltr'><strong><em>λείχουσι</em></strong></span> <span class='ocrx_word' id='word_1_274' title='bbox 534 3473 588 3536; x_wconf 79' lang='grc' dir='ltr'><strong><em>καὶ</em></strong></span> <span class='ocrx_word' id='word_1_275' title='bbox 608 3470 748 3554; x_wconf 79' lang='grc' dir='ltr'><strong><em>γάλακτι</em></strong></span> <span class='ocrx_word' id='word_1_276' title='bbox 770 3482 1014 3558; x_wconf 87' lang='grc' dir='ltr'><strong><em>συμμίσγοντες</em></strong></span> <span class='ocrx_word' id='word_1_277' title='bbox 1034 3484 1179 3562; x_wconf 85' lang='grc' dir='ltr'><strong><em>πίνουσι,</em></strong></span> 
     </span>
    </p>
   </div>
   <div class='ocr_carea' id='block_1_3' title="bbox 0 0 1254 3925">
    <p class='ocr_par' dir='ltr' id='par_1_3' title="bbox 0 0 1254 3925">
     <span class='ocr_line' id='line_1_34' title="bbox 0 0 1254 3925; baseline 0 0"><span class='ocrx_word' id='word_1_278' title='bbox 0 0 1254 3925; x_wconf 95' lang='lat' dir='ltr'><strong><em> </em></strong></span> 
     </span>
    </p>
   </div>
  </div>
 </body>
</html>
