2500 3925
232 242 296 309 m
607 244 861 305 HERODOTI

232 412 341 476 ἐπείτε
364 404 430 494 γάρ
457 406 708 494 κατειλήθησαν
728 408 762 485 ἐς
780 401 1064 493 τὸνΠαρνησσάν
1078 411 1128 477 οἱ
1142 416 1232 479 Φωκι

234 510 364 593 ἔχοντες
378 505 500 593 μάντιν
515 510 659 592 Τελλίην
672 502 733 573 τὸν
743 501 889 591 Ἠλεῖον,
908 508 1071 573 ἐνθαῦτα
1090 502 1115 571 ὁ
1137 512 1232 575 Tem

233 595 332 683 ούτος
345 608 515 689 σοφίζεται
527 601 659 672 αάτοτσι
673 602 821 672 τοιόνδε·
847 603 1012 690 γνψύσας
1032 602 1188 693 ἀνδρας
1202 608 1232 685 ft«

232 708 368 781 κοσίονς
381 708 450 771 τοῖν
465 705 613 771 Φωκέων
626 698 707 780 τούς
723 698 897 789 ἀρίστους,
913 699 1046 781 αύτούς
1060 726 1109 771 τε
1127 702 1232 771 τούτο

233 803 288 869 καλ
300 798 342 868 τά
359 797 446 870 ὅπλα
462 799 585 889 αύτάν,
601 799 725 880 νυκτὸς
738 800 925 888 ἐπεθήκατο
934 815 1026 871 τοῖσι
1037 810 1232 870 Θεσσαλοίε

232 906 394 988 κροείκας
415 897 563 986 αύτοίσι,
588 896 650 966 τάν
670 892 715 965 ἀν
734 895 779 985 μὴ
806 904 1084 980 λευκανθίζοντα
1116 906 1232 969 ἴδωνια

215 1006 355 1084 ,τοῦτον
368 1005 521 1069 κτείνειν.
543 999 685 1078 τούτους
701 992 750 1066 ἀν
764 1000 803 1065 αί
813 1020 850 1066 τε
864 1002 1014 1084 φυλακαί
1033 1007 1119 1068 τῶν
1136 1010 1232 1070 Θεσσε

231 1106 303 1169 λῶν
312 1104 441 1186 πρῶται
458 1101 590 1167 ίδούσαι
605 1096 845 1185 ἐφοβήθησαν,
860 1095 997 1176 δόξασαι
1013 1093 1112 1166 ἀλλο
1134 1124 1170 1166 τι
1185 1097 1232 1165 εἷνι

232 1200 345 1284 τέρας,
360 1198 416 1264 καὶ
429 1192 512 1283 μετά
523 1194 583 1276 τάς
597 1193 752 1284 φυλακάς
768 1192 886 1282 αύτὴὴ
902 1194 1044 1283 στρατιὴ
1060 1194 1169 1265 οὕτω
1184 1196 1232 1265 ἀει

232 1302 502 1385 τετρακισχιλίων
519 1302 681 1384 κρατῆσαι
703 1301 834 1383 νεκρῶν
849 1297 903 1363 καί
927 1290 1092 1362 ἀσπίδων
1112 1300 1232 1371 Φωκέα·

232 1401 301 1463 τῶν
314 1392 373 1475 τὰς
387 1396 451 1481 μὲν
464 1394 603 1484 ἡμισέας
618 1396 652 1474 ἐς
662 1392 765 1483 ’Ἄβας
780 1391 965 1480 ἀνέθεσαν,
981 1390 1045 1473 τάς
1062 1396 1108 1463 δὲ
1125 1401 1161 1475 ές
1174 1405 1232 1464 Λελ-

234 1495 336 1581 φούς·
358 1491 379 1583 ἡ
396 1494 432 1563 δέ
448 1493 569 1582 δεκάτη
584 1496 716 1581 ἐγένετο
730 1498 799 1561 τῶν
808 1491 988 1580 χρημάτων
999 1493 1040 1560 ἐκ
1055 1494 1192 1581 ταύτης
1203 1501 1231 1577 ιη

233 1591 339 1680 μάχης
353 1596 388 1660 ot
400 1593 541 1679 μεγάλοι
561 1589 761 1678 ἀνδριάντες
778 1594 813 1659 ot
831 1592 907 1675 περί
927 1586 988 1657 τὸν
1000 1597 1161 1674 τρίποδα
1176 1614 1230 1659 σοι

234 1698 389 1771 εστεῶτες
400 1697 573 1779 ἔμπροσθε
583 1696 644 1758 τοῦ
656 1696 742 1776 νηοῦ
752 1694 815 1756 τοῦ
829 1692 858 1757 ἐν
877 1696 1058 1776 Δελφοῖσι,
1075 1693 1141 1758 καί
1153 1694 1228 1775 ἕτερα

188 1808 224 1864 28
234 1793 380 1857 τοιοῦτοι
394 1787 557 1877 ἐνἈβητι
571 1784 760 1855 ἀνακέαται.
788 1790 902 1853 Ταῦτα
912 1790 974 1872 μέν
985 1812 1057 1855 νυν
1072 1785 1144 1855 τὸν
1158 1786 1228 1869 τεζόι

233 1885 418 1975 ἐργάσαντο
429 1890 497 1954 τῶν
504 1891 686 1956 Θεσσαλῶν
697 1888 731 1953 ot
735 1886 878 1970 Φωκέες,
888 1884 1161 1973 πολιορκέοντας
1172 1890 1228 1955 έον

231 1987 321 2072 τούς,
337 1987 548 2073 ἐσβαλοῦσαν
559 1988 596 2054 δὲ
607 1987 641 2064 ἐς
651 1981 714 2072 τὴν
723 1983 837 2072 χάρην
847 1981 910 2071 τὴν
923 1985 1031 2052 ἳιττον
1043 1983 1167 2054 αὐτῶν
1177 1990 1231 2071 ἐλογ

229 2083 379 2170 μήναντο
390 2080 589 2169 ἀνηκέστως.
609 2087 647 2150 ἐν
661 2079 726 2169 γάρ
741 2089 781 2171 τῇ
792 2086 922 2172 ἐσβολῇ,
934 2079 957 2169 ἥ
967 2081 1038 2151 ἐστι
1051 2083 1145 2153 κατά
1154 2084 1227 2169 ’Τάρ-

229 2189 347 2266 αολιν,
369 2183 407 2248 έν
423 2182 528 2270 ταύτη
548 2183 683 2269 τάφρον
704 2181 853 2268 μεγάλην
875 2178 1059 2269 ὀρύξαντες
1075 2181 1227 2271 ἀμφορέα

229 2277 364 2359 κεινούς
378 2281 411 2359 ἐς
425 2276 533 2367 αὐτὴν
547 2280 751 2366 κατέθηκαν,
766 2287 851 2366 χοῦν
863 2277 899 2348 δέ
911 2281 1184 2368 ἐπιφορήσαντες
1192 2223 1229 2349 κά

229 2378 456 2470 ὁμοιώσαντες
476 2385 522 2470 τῷ
544 2377 634 2470 ἀλλρι
651 2378 750 2471 χύρφ
771 2380 926 2447 ἐδέκοντο
947 2375 1027 2458 τούς
1051 2377 1223 2456 Θετταλάς

229 2478 461 2602 ἐσβάλλοντας.
481 2479 562 2547 οίδὲ
563 2474 1222 2567 ,ὡςἀναρτιασόμενοιτοάςΦωκεας,φι-

231 2579 369 2667 ρόμενοε
384 2580 543 2648 ἐσέπεσον
555 2580 588 2658 ἐς
601 2574 681 2658 τούς
691 2575 871 2667 ἀμφορέας.
888 2580 1040 2647 ἐνθαῦτα
1052 2583 1116 2648 ot*
1097 2575 1220 2649 ιτειιοιά

187 2701 221 2756 29
232 2681 350 2746 σκέλεα
368 2678 613 2764 διεφθάρησαν.
640 2677 778 2745 Τούτων
796 2677 838 2765 δη
852 2696 914 2764 σφι
929 2675 1137 2800 ἀμφοτέρων
1151 2687 1219 2766 ἔχοι-

230 2799 284 2854 τες
294 2779 433 2896 ἔγκοτον
444 2778 479 2842 ot
486 2779 650 2843 Θεσσαλοί
662 2775 904 2863 πέμψαντες’
860 2801 992 2865 κηρυκα
1001 2774 1172 2865 ἠγόρευον
1180 2777 1209 2846 τ’

230 2878 283 2941 δε·
311 2865 351 2937 Ὠ
368 2875 518 2957 Φωκέες,
539 2872 604 2960 ἤδη
619 2901 652 2942 τι
672 2881 801 2996 μᾶλλον
822 2877 1066 2963 γνωσιμαχέετε
1086 2907 1134 2965 μη
1124 2877 1217 2996 εένρ

229 2967 340 3055 ὁμοίοι
352 2964 443 3055 ἡμίν
466 2970 648 3056 πρόσθετε
661 2969 726 3061 γάρ
743 2975 780 3041 ἐν
794 2987 879 3042 τοίσι
893 2971 1084 3099 Ἕλληρι,”
1064 2998 1147 3045 οσον
1160 2973 1216 3064 χρά

230 3091 295 3133 νον
309 3063 448 3133 έκείνα’
432 3081 513 3154 ημῖν
527 3068 672 3156 ηνδανε,
698 3075 802 3140 πλέον
816 3077 884 3140 αίεί
899 3097 976 3140 κοτε
990 3070 1105 3160 ὑμέων
1120 3071 1216 3163 ἐφερό-

231 3172 331 3253 μεθα,
343 3190 414 3233 νυν
424 3190 459 3235 τε
469 3166 603 3262 καρα
572 3194 618 3238 τω
603 3172 792 3264 βαρβάρῳ
803 3178 943 3239 τοσοῦτο
955 3171 1177 3263 δυνάμεθα,”
1153 3194 1214 3243 οστε

230 3260 283 3332 ἐτ’
299 3259 381 3350 ημίν
396 3268 465 3335 ἐστι
482 3275 541 3356 τῆς
554 3276 615 3356 γῆς
629 3295 665 3338 τε
679 3272 880 3392 ἐστερῆσθαι
894 3271 950 3338 καί
966 3269 1052 3360 κρός
1067 3273 1208 3361 ἠνδρατο

232 3365 267 3429 δ
253 3369 349 3430 σθαι
362 3361 482 3450 ὑμέας
502 3364 598 3453 ἡμεῖς
608 3365 772 3453 μέντοι
736 3393 775 3435 το
791 3373 860 3435 τάν
875 3371 1005 3454 ἔχοντες
1021 3366 1061 3437 ού
1074 3391 1212 3458 μνησικα

232 3465 370 3547 κίομεν,
384 3461 460 3531 ἀλλ’
475 3462 556 3551 ἡμίν
569 3463 757 3552 γενέσθω’
738 3463 810 3534 ἀντ’
829 3463 943 3534 αύτωυ
959 3466 1157 3554 πεντήκοντα
1168 3465 1210 3534 τά·
