2500 3925
171 171 250 240 140.
542 179 792 238 HERODOTI

170 327 215 412 ἀς
229 334 327 400 πέντε
341 332 484 418 μάλιστά
497 360 540 422 κη
548 332 818 423 ἀναφαινόμενος
828 340 955 409 ἐκδιδοῖ
961 336 1123 424 καίοντος
1133 348 1167 425 ές
1191 347 1198 357 “

167 428 228 503 τδν
242 435 452 518 Μαίανδρον.
473 433 511 500 έκ
526 433 562 501 δέ
572 431 798 503 Κολοσσέων*
782 435 983 523 ορμεόμενος
998 436 1167 526 ὁστρατδς

169 530 221 600 &nl
234 524 312 608 τούς
325 526 449 616 οὔρους
462 536 530 597 τοῖν
546 537 692 617 Φρυγῶν
705 533 760 600 καὶ
769 536 893 602 Λυδῶν
903 532 1037 604 ἀπίκετο
1048 538 1081 616 ές
1091 538 1166 606 Κύ-

170 630 276 713 δραρα
295 625 411 713 πάλιν,
435 632 521 696 ἔνθα
537 628 638 714 στήλη
660 643 925 718 καταπεπηγυῖα,
949 643 1107 704 σταθεῖσα
1127 636 1165 705 δέ

168 721 236 793 ἀπὸ
252 730 416 812 Κροίσου,
430 725 635 811 καταμηνύει
651 723 706 796 διά
720 728 923 814 γραμμάτων
936 727 1016 810 τοδς
1029 729 1163 820 οὔρους.

114 833 148 890 λι
162 823 270 904 Ὡςδέ
290 828 327 895 έιι
340 832 398 912 τῆς
412 831 560 913 Φρυγίης
574 828 709 914 ἐσέβαλε
728 826 836 914 έςτὴν
848 833 994 918 Λυδίην,
1016 837 1165 919 σχιζομέ-

167 948 228 1008 νης
241 927 299 1007 τῆς
312 919 395 992 ὁδοῦ
414 926 470 992 καὶ
489 929 546 1011 τῆς
561 926 623 1011 μὲν
645 922 717 1004 ές’
698 924 875 1014 αριστερην
892 929 945 998 §aaz
959 936 1085 1018 Καρίης
1101 957 1161 1018 φε

167 1019 308 1108 ροάσης,
324 1028 381 1108 τῆς
397 1021 433 1090 δέ
447 1024 480 1100 ές
493 1020 605 1108 δεξιην
620 1024 653 1100 ές
666 1022 809 1110 Σάρδις,
826 1049 866 1113 τη
851 1027 935 1148 καί
948 1031 1165 1119 πορευομένῳ

167 1115 373 1202 διαβῆναι
338 1143 398 1186 τον
412 1121 613 1202 Μαίανδρον
628 1117 778 1206 ποτανὰν
792 1129 881 1190 πάσα
893 1122 1023 1212 ἀνάγκη
1036 1131 1166 1211 γίνεται

165 1213 220 1280 καὶ
231 1213 316 1280 ἰέναι
325 1213 642 1305 παραΚαλλατηβον
652 1218 762 1305 πολιν,
774 1221 811 1288 έν
821 1247 861 1309 τη
846 1220 991 1310 ανδρες
1002 1229 1164 1311 δημιουρ-

164 1311 219 1395 μοί
226 1313 305 1395 μέλι
320 1314 356 1378 ἐκ
369 1317 513 1432 μυρίκης
523 1337 558 1380 τε
572 1314 629 1381 καί
641 1321 753 1398 πνροῦ
769 1323 916 1402 ποιεῦσι,
931 1317 1056 1406 ταύτην
1071 1317 1161 1388 ίων
1144 1348 1161 1388 ο

164 1402 336 1492 Ξέρξης
301 1431 362 1492 την
376 1401 513 1475 δδδν
473 1434 552 1495 ενρε
564 1413 849 1504 πλατάνιστον,
813 1445 875 1507 την
885 1421 1023 1501 κάλλεος
1037 1425 1167 1490 εἵνεκεν

166 1518 402 1606 δωρησάμενος
414 1519 528 1610 κόσμῳ
538 1522 667 1610 χρυσέη)
677 1522 733 1588 καὶ
742 1522 919 1610 μελεδωνῷ
932 1516 1091 1609 ἀθανάτῳ
1102 1517 1166 1587 ἀν-

167 1619 220 1704 δρί
233 1618 409 1701 ἐπιτρέψας
427 1617 566 1705 δευτέρη
582 1615 689 1705 ἡμέρη
709 1614 844 1686 ἀπίκετο
861 1619 894 1696 ές
907 1625 976 1686 τῶν
988 1623 1111 1688 Λυδῶν
1126 1611 1165 1685 τό

119 1724 153 1781 ³2
168 1713 260 1784 ἀστυ.
294 1710 510 1802 Ἀπικόμενος
530 1715 567 1782 δέ
587 1716 619 1793 ές
636 1714 764 1802 Σάρδις
781 1722 896 1803 πρῶτα
912 1715 974 1802 μὲν
995 1713 1166 1802 ἀπέπεμπε

164 1826 311 1911 κήρυκας
325 1817 359 1893 ἐς
374 1811 436 1900 τὴν
445 1811 585 1884 Ἑλλάδα
600 1814 794 1901 αἰτήσοντας
810 1821 875 1902 γῆν
884 1840 920 1883 τε
934 1817 989 1884 καὶ
1002 1812 1095 1902 ὕδωρ
1109 1816 1166 1882 καὶ

165 1924 384 2012 προερέοντας
400 1926 519 1993 δεῖπνα
533 1923 664 2011 βασιλέι
682 1922 952 2007 παρασκευάζειν.
983 1912 1070 2001 πλὴν
1087 1911 1166 1981 οὔτε

166 2026 199 2101 ές
208 2018 352 2108 Ἀθήνας
366 2018 444 2089 οὔτε
457 2022 492 2100 ές
503 2012 738 2108 Λακεδαίμονα
753 2018 924 2107 ἀπέπεμπε
938 2022 991 2090 ἐπὶ
1001 2026 1061 2107 γῆς
1070 2028 1164 2104 αίτη-

165 2141 236 2204 σιν,
256 2127 296 2209 τῇ
310 2118 348 2187 δέ
367 2117 452 2207 άλλη
471 2119 596 2209 πάντη,
618 2123 726 2187 τάνδε
745 2122 782 2188 δέ
798 2122 926 2189 εἵνεκεν
946 2116 983 2186 τδ
1006 2117 1164 2203 δεύτερον

165 2216 336 2304 ἀπέπεμπε
349 2220 403 2289 έπδ
414 2224 481 2305 γῆν
492 2244 529 2287 τε
542 2219 598 2286 καὶ
609 2216 720 2305 ὕδωρ·
742 2215 816 2287 ὅσοι
830 2218 994 2306 πρότερον
1009 2212 1072 2283 οάκ
1086 2217 1163 2283 έδο·

166 2336 229 2386 σαν
242 2322 376 2408 Δαρείῳ
390 2320 571 2405 πέμψαντι,
592 2318 733 2398 τούτους
749 2319 859 2405 πάγην
880 2315 1045 2387 έδόκεε’
1008 2340 1081 2385 τοτε
1095 2319 1165 2384 δεί-

166 2436 287 2495 σαντας
306 2414 436 2485 δάσειν.
471 2414 676 2521 βουλομενος
702 2409 751 2485 ἀν
778 2412 858 2483 αάτὸ
879 2420 977 2484 τοῦτο
1005 2416 1165 2500 έκμαδείν

165 2510 327 2601 ἀκριβέως
343 2518 475 2600 ἔπεμπε.

119 2625 153 2681 83
250 2607 347 2679 Μετά
363 2612 400 2679 δέ
413 2635 517 2679 ταυτα
530 2603 843 2698 παρεσκευάζετοάς
854 2601 984 2677 ἐλέωνέ
984 2606 1163 2695 ς’Ἀβυδον.

166 2715 200 2779 οί
208 2706 450 2800 δδέντουτμ
416 2735 476 2777 τον
481 2706 725 2797 Ελλησποντον
734 2709 934 2794 ζευγνυσαν
945 2711 1030 2775 έκ
991 2732 1049 2792 της
1056 2703 1165 2793 Ασίης

153 2802 247 2887 ,ές
211 2831 273 2892 την
286 2801 464 2892 Εὐρώπην.
486 2810 556 2876 ἔστι
567 2806 652 2875 δὲ
612 2832 670 2892 της
679 2804 897 2893 Χερσονησου
908 2829 965 2889 της
982 2806 1019 2871 έν
1027 2801 1164 2911 Ἑλλησ-

164 2903 293 2993 πόντῳ,
314 2908 449 2989 Σηστοῦ
468 2929 505 2971 τε
529 2904 646 2982 πόλιος
666 2901 787 2990 μεταξά
807 2904 863 2971 καὶ
876 2900 1100 2989 Μαδάτου,’
1081 2928 1162 2986 ακτη

165 3003 283 3090 τρηχέα
298 3002 331 3079 ές
346 3000 522 3071 θάλασσαν
532 3001 722 3088 κατήκουσα
732 2998 861 3091 Ἀβάδῳ
876 3004 1062 3083 καταντίον,
1079 3003 1163 3067 ἔνθα

165 3094 246 3186 μετά
262 3101 383 3183 ταῦτα,
405 3099 515 3190 χρόνῳ
529 3097 671 3186 νστερον
691 3096 732 3167 οὐ
747 3104 875 3188 πολλῷ,
897 3100 949 3167 έπδ
962 3100 1164 3175 Ξανθίππου

165 3202 225 3264 τοῦ
234 3192 429 3283 Ἀρίφρονος
437 3203 622 3283 στρατηγοῦ
633 3193 832 3283 Ἀθηναίων,
842 3192 1046 3282 Ἀρταΰκτην
1057 3192 1163 3279 ἀνδρα

165 3295 300 3379 Πέρσην
315 3293 472 3381 λαβόντες
486 3300 621 3381 Σηστοῦ
639 3291 790 3382 ὕπαρχον
808 3292 933 3376 ζάοντα
947 3288 1031 3378 πρὸς
1045 3293 1164 3360 σανίδα

167 3389 468 3477 διεπασσάλευσαν,
484 3388 521 3472 ὃς
530 3394 585 3461 καὶ
596 3393 630 3471 ές
639 3398 700 3462 τοῦ
714 3396 931 3480 Πρωτεσίλεω
943 3385 980 3457 τδ
996 3385 1072 3476 ίρδν
1081 3386 1119 3458 τδ
1132 3390 1164 3468 ές
