<?xml version="1.0" encoding="UTF-8"?>
<!DOCTYPE html PUBLIC "-//W3C//DTD XHTML 1.0 Transitional//EN"
    "http://www.w3.org/TR/xhtml1/DTD/xhtml1-transitional.dtd">
<html xmlns="http://www.w3.org/1999/xhtml" xml:lang="en" lang="en">
 <head>
  <title>
</title>
<meta http-equiv="Content-Type" content="text/html;charset=utf-8" />
  <meta name='ocr-system' content='tesseract 3.04.00' />
  <meta name='ocr-capabilities' content='ocr_page ocr_carea ocr_par ocr_line ocrx_word'/>
</head>
<body>
  <div class='ocr_page' id='page_1' title='image "./herodotihistori00dietgoog_0128.png"; bbox 0 0 2500 3925; ppageno 0'>
   <div class='ocr_carea' id='block_1_1' title="bbox 142 252 781 318">
    <p class='ocr_par' dir='ltr' id='par_1_1' title="bbox 142 252 781 318">
     <span class='ocr_line' id='line_1_1' title="bbox 142 252 781 318; baseline -0.003 -2"><span class='ocrx_word' id='word_1_1' title='bbox 142 252 202 318; x_wconf 72' lang='lat'><strong><em>122</em></strong></span> <span class='ocrx_word' id='word_1_2' title='bbox 511 257 781 316; x_wconf 63' lang='lat' dir='ltr'>HERODOTL</span> 
     </span>
    </p>
   </div>
   <div class='ocr_carea' id='block_1_2' title="bbox 100 409 1249 3565">
    <p class='ocr_par' dir='ltr' id='par_1_2' title="bbox 141 409 1249 1987">
     <span class='ocr_line' id='line_1_2' title="bbox 141 409 1139 506; baseline -0.003 -20"><span class='ocrx_word' id='word_1_3' title='bbox 141 418 272 506; x_wconf 89' lang='grc' dir='ltr'><strong><em>φράσω.</em></strong></span> <span class='ocrx_word' id='word_1_4' title='bbox 295 427 330 487; x_wconf 83' lang='grc' dir='ltr'><strong><em>εί</em></strong></span> <span class='ocrx_word' id='word_1_5' title='bbox 339 437 399 504; x_wconf 91' lang='grc' dir='ltr'><strong><em>σφι</em></strong></span> <span class='ocrx_word' id='word_1_6' title='bbox 414 417 526 486; x_wconf 88' lang='grc' dir='ltr'><strong><em>έθέλοι</em></strong></span> <span class='ocrx_word' id='word_1_7' title='bbox 544 414 589 496; x_wconf 79' lang='grc' dir='ltr'><strong><em>ὡς</em></strong></span> <span class='ocrx_word' id='word_1_8' title='bbox 602 419 658 486; x_wconf 80' lang='grc' dir='ltr'><strong><em>καὶ</em></strong></span> <span class='ocrx_word' id='word_1_9' title='bbox 673 416 839 506; x_wconf 88' lang='grc' dir='ltr'><strong><em>πρότερον</em></strong></span> <span class='ocrx_word' id='word_1_10' title='bbox 854 414 959 503; x_wconf 78' lang='grc' dir='ltr'><strong><em>εἶπον,</em></strong></span> <span class='ocrx_word' id='word_1_11' title='bbox 980 410 1001 502; x_wconf 80' lang='grc' dir='ltr'><em>ἡ</em></span> <span class='ocrx_word' id='word_1_12' title='bbox 1017 409 1139 502; x_wconf 73' lang='grc' dir='ltr'><strong><em>χώρηὴ</em></strong></span> 
     </span>
     <span class='ocr_line' id='line_1_3' title="bbox 142 509 1140 605; baseline -0.006 -20"><span class='ocrx_word' id='word_1_13' title='bbox 142 521 263 603; x_wconf 78' lang='grc' dir='ltr'><strong><em>ἔνερθε</em></strong></span> <span class='ocrx_word' id='word_1_14' title='bbox 282 518 442 603; x_wconf 81' lang='grc' dir='ltr'><strong><em>Μέμφιος</em></strong></span> <span class='ocrx_word' id='word_1_15' title='bbox 469 513 576 605; x_wconf 76' lang='grc' dir='ltr'><strong><em>(αὕτη</em></strong></span> <span class='ocrx_word' id='word_1_16' title='bbox 591 515 656 605; x_wconf 86' lang='grc' dir='ltr'><strong><em>γάρ</em></strong></span> <span class='ocrx_word' id='word_1_17' title='bbox 678 513 785 605; x_wconf 83' lang='grc' dir='ltr'><strong><em>έστιή</em></strong></span> <span class='ocrx_word' id='word_1_18' title='bbox 811 514 1035 602; x_wconf 77' lang='grc' dir='ltr'>αὐξανομένη)</span> <span class='ocrx_word' id='word_1_19' title='bbox 1060 509 1140 581; x_wconf 89' lang='grc' dir='ltr'><strong><em>κατά</em></strong></span> 
     </span>
     <span class='ocr_line' id='line_1_4' title="bbox 142 613 1141 703; baseline -0.002 -21"><span class='ocrx_word' id='word_1_20' title='bbox 142 614 246 701; x_wconf 88' lang='grc' dir='ltr'><strong><em>λόγον</em></strong></span> <span class='ocrx_word' id='word_1_21' title='bbox 265 621 327 682; x_wconf 87' lang='grc' dir='ltr'><strong><em>τοῦ</em></strong></span> <span class='ocrx_word' id='word_1_22' title='bbox 350 619 598 702; x_wconf 78' lang='grc' dir='ltr'><strong><em>παροιχομένου</em></strong></span> <span class='ocrx_word' id='word_1_23' title='bbox 616 615 744 703; x_wconf 84' lang='grc' dir='ltr'><strong><em>χρόνου</em></strong></span> <span class='ocrx_word' id='word_1_24' title='bbox 767 619 799 697; x_wconf 79' lang='grc' dir='ltr'><strong><em>ἐς</em></strong></span> <span class='ocrx_word' id='word_1_25' title='bbox 819 616 905 699; x_wconf 82' lang='grc' dir='ltr'><strong><em>ὕψος</em></strong></span> <span class='ocrx_word' id='word_1_26' title='bbox 926 613 1141 698; x_wconf 80' lang='grc' dir='ltr'><strong><em>αὐξάνεσθαι,</em></strong></span> 
     </span>
     <span class='ocr_line' id='line_1_5' title="bbox 142 709 1142 808; baseline 0 -26"><span class='ocrx_word' id='word_1_27' title='bbox 142 713 224 782; x_wconf 81' lang='grc' dir='ltr'><strong><em>ἀλλο</em></strong></span> <span class='ocrx_word' id='word_1_28' title='bbox 239 709 308 801; x_wconf 83' lang='grc' dir='ltr'><strong><em>τιή</em></strong></span> <span class='ocrx_word' id='word_1_29' title='bbox 324 719 358 783; x_wconf 78' lang='lat' dir='ltr'><strong><em>oc</em></strong></span> <span class='ocrx_word' id='word_1_30' title='bbox 368 713 474 804; x_wconf 92' lang='grc' dir='ltr'><strong><em>ταύτῃ</em></strong></span> <span class='ocrx_word' id='word_1_31' title='bbox 491 718 655 798; x_wconf 81' lang='grc' dir='ltr'><strong><em>οἰκέοντες</em></strong></span> <span class='ocrx_word' id='word_1_32' title='bbox 669 724 865 805; x_wconf 76' lang='grc' dir='ltr'><em>Αἰγυπτίων</em></span> <span class='ocrx_word' id='word_1_33' title='bbox 879 719 1094 808; x_wconf 76' lang='grc' dir='ltr'><strong><em>πεινήσουσι,</em></strong></span> <span class='ocrx_word' id='word_1_34' title='bbox 1116 718 1142 782; x_wconf 89' lang='grc' dir='ltr'><strong><em>εί</em></strong></span> 
     </span>
     <span class='ocr_line' id='line_1_6' title="bbox 145 810 1143 906; baseline -0.002 -26"><span class='ocrx_word' id='word_1_35' title='bbox 145 812 227 900; x_wconf 87' lang='grc' dir='ltr'><strong><em>μήτε</em></strong></span> <span class='ocrx_word' id='word_1_36' title='bbox 239 839 278 898; x_wconf 88' lang='grc' dir='ltr'><strong><em>γε</em></strong></span> <span class='ocrx_word' id='word_1_37' title='bbox 288 810 407 882; x_wconf 83' lang='grc' dir='ltr'><strong><em>ύσεταί</em></strong></span> <span class='ocrx_word' id='word_1_38' title='bbox 417 834 478 901; x_wconf 90' lang='grc' dir='ltr'><strong><em>σφι</em></strong></span> <span class='ocrx_word' id='word_1_39' title='bbox 494 813 515 904; x_wconf 84' lang='grc' dir='ltr'><strong><em>ή</em></strong></span> <span class='ocrx_word' id='word_1_40' title='bbox 529 815 619 904; x_wconf 79' lang='grc' dir='ltr'><strong><em>χάρη</em></strong></span> <span class='ocrx_word' id='word_1_41' title='bbox 634 818 716 906; x_wconf 86' lang='grc' dir='ltr'><strong><em>μήτε</em></strong></span> <span class='ocrx_word' id='word_1_42' title='bbox 730 815 746 886; x_wconf 87' lang='grc' dir='ltr'>ὁ</span> <span class='ocrx_word' id='word_1_43' title='bbox 761 814 908 905; x_wconf 82' lang='grc' dir='ltr'><strong><em>ποταμός</em></strong></span> <span class='ocrx_word' id='word_1_44' title='bbox 924 811 992 896; x_wconf 78' lang='grc' dir='ltr'><strong><em>οἷός</em></strong></span> <span class='ocrx_word' id='word_1_45' title='bbox 1007 812 1036 884; x_wconf 89' lang='grc' dir='ltr'><strong><em>τ’</em></strong></span> <span class='ocrx_word' id='word_1_46' title='bbox 1054 819 1143 882; x_wconf 84' lang='grc' dir='ltr'><strong><em>ἔσται</em></strong></span> 
     </span>
     <span class='ocr_line' id='line_1_7' title="bbox 142 903 1142 1003; baseline -0.006 -21"><span class='ocrx_word' id='word_1_47' title='bbox 142 916 176 992; x_wconf 87' lang='grc' dir='ltr'><strong><em>ές</em></strong></span> <span class='ocrx_word' id='word_1_48' title='bbox 196 909 256 991; x_wconf 84' lang='grc' dir='ltr'><strong><em>τάς</em></strong></span> <span class='ocrx_word' id='word_1_49' title='bbox 277 908 426 1001; x_wconf 88' lang='grc' dir='ltr'><strong><em>ἀρούρας</em></strong></span> <span class='ocrx_word' id='word_1_50' title='bbox 446 911 681 1002; x_wconf 75' lang='grc' dir='ltr'><strong><em>ὑπερβαίνειυη</em></strong></span> <span class='ocrx_word' id='word_1_51' title='bbox 708 909 732 1003; x_wconf 85' lang='grc' dir='ltr'><strong><em>ή</em></strong></span> <span class='ocrx_word' id='word_1_52' title='bbox 752 913 817 1003; x_wconf 86' lang='grc' dir='ltr'><strong><em>γάρ</em></strong></span> <span class='ocrx_word' id='word_1_53' title='bbox 841 913 881 1003; x_wconf 83' lang='grc' dir='ltr'><strong><em>δή</em></strong></span> <span class='ocrx_word' id='word_1_54' title='bbox 903 921 970 984; x_wconf 80' lang='grc' dir='ltr'><strong><em>νῦν</em></strong></span> <span class='ocrx_word' id='word_1_55' title='bbox 990 940 1028 1001; x_wconf 87' lang='grc' dir='ltr'><strong><em>γε</em></strong></span> <span class='ocrx_word' id='word_1_56' title='bbox 1051 903 1142 980; x_wconf 83' lang='grc' dir='ltr'><strong><em>οὗτοι</em></strong></span> 
     </span>
     <span class='ocr_line' id='line_1_8' title="bbox 141 1007 1144 1100; baseline -0.004 -22"><span class='ocrx_word' id='word_1_57' title='bbox 141 1009 374 1097; x_wconf 72' lang='grc' dir='ltr'><strong><em>ἀπονητότατα</em></strong></span> <span class='ocrx_word' id='word_1_58' title='bbox 394 1010 527 1100; x_wconf 89' lang='grc' dir='ltr'><strong><em>καρπδυ</em></strong></span> <span class='ocrx_word' id='word_1_59' title='bbox 549 1019 739 1099; x_wconf 76' lang='grc' dir='ltr'><strong><em>κομίζονται</em></strong></span> <span class='ocrx_word' id='word_1_60' title='bbox 754 1016 789 1080; x_wconf 87' lang='grc' dir='ltr'><strong><em>έκ</em></strong></span> <span class='ocrx_word' id='word_1_61' title='bbox 809 1020 870 1100; x_wconf 86' lang='grc' dir='ltr'><strong><em>γής</em></strong></span> <span class='ocrx_word' id='word_1_62' title='bbox 890 1019 958 1081; x_wconf 78' lang='grc' dir='ltr'><strong><em>τῶν</em></strong></span> <span class='ocrx_word' id='word_1_63' title='bbox 978 1038 1013 1080; x_wconf 93' lang='grc' dir='ltr'><strong><em>τε</em></strong></span> <span class='ocrx_word' id='word_1_64' title='bbox 1034 1007 1144 1078; x_wconf 82' lang='grc' dir='ltr'><strong><em>ἀλλων</em></strong></span> 
     </span>
     <span class='ocr_line' id='line_1_9' title="bbox 142 1107 1142 1200; baseline -0.003 -23"><span class='ocrx_word' id='word_1_65' title='bbox 142 1108 340 1198; x_wconf 70' lang='grc' dir='ltr'><strong><em>ἀνθρώπων</em></strong></span> <span class='ocrx_word' id='word_1_66' title='bbox 364 1107 525 1180; x_wconf 84' lang='grc' dir='ltr'><strong><em>ἁπάντων</em></strong></span> <span class='ocrx_word' id='word_1_67' title='bbox 549 1115 603 1180; x_wconf 77' lang='grc' dir='ltr'><strong><em>καί</em></strong></span> <span class='ocrx_word' id='word_1_68' title='bbox 627 1117 696 1181; x_wconf 78' lang='grc' dir='ltr'><strong><em>τῶν</em></strong></span> <span class='ocrx_word' id='word_1_69' title='bbox 719 1119 846 1182; x_wconf 78' lang='grc' dir='ltr'><strong><em>λοιπῶν</em></strong></span> <span class='ocrx_word' id='word_1_70' title='bbox 872 1117 1084 1200; x_wconf 75' lang='grc' dir='ltr'><strong><em>Αἰγυπτίων,</em></strong></span> <span class='ocrx_word' id='word_1_71' title='bbox 1114 1107 1142 1174; x_wconf 73' lang='grc' dir='ltr'><strong><em>οἳ</em></strong></span> 
     </span>
     <span class='ocr_line' id='line_1_10' title="bbox 143 1197 1249 1301; baseline -0.002 -25"><span class='ocrx_word' id='word_1_72' title='bbox 143 1207 221 1276; x_wconf 82' lang='grc' dir='ltr'><strong><em>οὔτε</em></strong></span> <span class='ocrx_word' id='word_1_73' title='bbox 249 1205 379 1301; x_wconf 86' lang='grc' dir='ltr'><strong><em>ἀρότρφ</em></strong></span> <span class='ocrx_word' id='word_1_74' title='bbox 405 1207 678 1298; x_wconf 79' lang='grc' dir='ltr'><strong><em>ἀναρρηγνύντες</em></strong></span> <span class='ocrx_word' id='word_1_75' title='bbox 710 1209 857 1290; x_wconf 80' lang='grc' dir='ltr'><strong><em>αὔλακας</em></strong></span> <span class='ocrx_word' id='word_1_76' title='bbox 882 1217 993 1300; x_wconf 82' lang='grc' dir='ltr'><strong><em>έχουσι</em></strong></span> <span class='ocrx_word' id='word_1_77' title='bbox 1019 1207 1145 1284; x_wconf 87' lang='grc' dir='ltr'><strong><em>πόνους</em></strong></span> <span class='ocrx_word' id='word_1_78' title='bbox 1248 1197 1249 1214; x_wconf 59' lang='grc'>’</span> 
     </span>
     <span class='ocr_line' id='line_1_11' title="bbox 142 1297 1145 1399; baseline -0.003 -24"><span class='ocrx_word' id='word_1_79' title='bbox 142 1307 221 1376; x_wconf 80' lang='grc' dir='ltr'><strong><em>οὔτε</em></strong></span> <span class='ocrx_word' id='word_1_80' title='bbox 237 1307 436 1386; x_wconf 79' lang='grc' dir='ltr'><strong><em>σκάλλοντες</em></strong></span> <span class='ocrx_word' id='word_1_81' title='bbox 457 1307 534 1376; x_wconf 85' lang='grc' dir='ltr'><strong><em>ούτε</em></strong></span> <span class='ocrx_word' id='word_1_82' title='bbox 551 1307 632 1377; x_wconf 88' lang='grc' dir='ltr'><strong><em>ἀλλο</em></strong></span> <span class='ocrx_word' id='word_1_83' title='bbox 648 1308 861 1399; x_wconf 79' lang='grc' dir='ltr'><strong><em>ἐργαζόμενοι</em></strong></span> <span class='ocrx_word' id='word_1_84' title='bbox 877 1306 978 1378; x_wconf 80' lang='grc' dir='ltr'><strong><em>οὐδέν</em></strong></span> <span class='ocrx_word' id='word_1_85' title='bbox 995 1314 1063 1376; x_wconf 75' lang='grc' dir='ltr'><strong><em>τῶν</em></strong></span> <span class='ocrx_word' id='word_1_86' title='bbox 1080 1297 1145 1373; x_wconf 76' lang='grc' dir='ltr'><strong><em>ἀλ·</em></strong></span> 
     </span>
     <span class='ocr_line' id='line_1_12' title="bbox 142 1397 1144 1496; baseline -0.003 -24"><span class='ocrx_word' id='word_1_87' title='bbox 142 1414 196 1473; x_wconf 88' lang='grc' dir='ltr'><strong><em>λοι</em></strong></span> <span class='ocrx_word' id='word_1_88' title='bbox 216 1403 394 1495; x_wconf 77' lang='grc' dir='ltr'><strong><em>ἅνθρωποι</em></strong></span> <span class='ocrx_word' id='word_1_89' title='bbox 416 1409 491 1494; x_wconf 85' lang='grc' dir='ltr'><strong><em>περὶ</em></strong></span> <span class='ocrx_word' id='word_1_90' title='bbox 511 1407 608 1495; x_wconf 82' lang='grc' dir='ltr'><strong><em>λήιον</em></strong></span> <span class='ocrx_word' id='word_1_91' title='bbox 628 1409 805 1496; x_wconf 83' lang='grc' dir='ltr'><strong><em>πονέουσι,</em></strong></span> <span class='ocrx_word' id='word_1_92' title='bbox 836 1405 909 1476; x_wconf 92' lang='grc' dir='ltr'><strong><em>ἀλλ’</em></strong></span> <span class='ocrx_word' id='word_1_93' title='bbox 933 1405 1035 1476; x_wconf 81' lang='grc' dir='ltr'><strong><em>ἐπεάν</em></strong></span> <span class='ocrx_word' id='word_1_94' title='bbox 1050 1424 1110 1490; x_wconf 90' lang='grc' dir='ltr'><strong><em>σφι</em></strong></span> <span class='ocrx_word' id='word_1_95' title='bbox 1127 1397 1144 1469; x_wconf 87' lang='grc' dir='ltr'><strong>ὁ</strong></span> 
     </span>
     <span class='ocr_line' id='line_1_13' title="bbox 142 1501 1146 1595; baseline 0.005 -22"><span class='ocrx_word' id='word_1_96' title='bbox 142 1503 289 1591; x_wconf 84' lang='grc' dir='ltr'><strong><em>ποταμὸς</em></strong></span> <span class='ocrx_word' id='word_1_97' title='bbox 304 1502 491 1592; x_wconf 80' lang='grc' dir='ltr'><strong><em>αὐτόματος</em></strong></span> <span class='ocrx_word' id='word_1_98' title='bbox 508 1503 664 1574; x_wconf 76' lang='grc' dir='ltr'><strong><em>ἐπελθών</em></strong></span> <span class='ocrx_word' id='word_1_99' title='bbox 679 1503 765 1595; x_wconf 82' lang='grc' dir='ltr'><strong><em>ἀρσῃ</em></strong></span> <span class='ocrx_word' id='word_1_100' title='bbox 779 1502 838 1585; x_wconf 85' lang='grc' dir='ltr'><strong><em>τάς</em></strong></span> <span class='ocrx_word' id='word_1_101' title='bbox 853 1503 1017 1594; x_wconf 82' lang='grc' dir='ltr'><strong><em>ἀρούρας,</em></strong></span> <span class='ocrx_word' id='word_1_102' title='bbox 1044 1501 1146 1588; x_wconf 74' lang='grc' dir='ltr'><strong><em>ἀρσας</em></strong></span> 
     </span>
     <span class='ocr_line' id='line_1_14' title="bbox 144 1601 1146 1694; baseline -0.008 -20"><span class='ocrx_word' id='word_1_103' title='bbox 144 1611 180 1674; x_wconf 76' lang='grc' dir='ltr'><strong><em>δὲ</em></strong></span> <span class='ocrx_word' id='word_1_104' title='bbox 202 1603 347 1694; x_wconf 79' lang='grc' dir='ltr'><strong><em>ἀπολίπῃ</em></strong></span> <span class='ocrx_word' id='word_1_105' title='bbox 369 1601 492 1692; x_wconf 85' lang='grc' dir='ltr'><strong><em>ὀπίσω,</em></strong></span> <span class='ocrx_word' id='word_1_106' title='bbox 522 1605 596 1674; x_wconf 91' lang='grc' dir='ltr'><strong><em>τότε</em></strong></span> <span class='ocrx_word' id='word_1_107' title='bbox 618 1614 755 1692; x_wconf 87' lang='grc' dir='ltr'><strong><em>σπείρας</em></strong></span> <span class='ocrx_word' id='word_1_108' title='bbox 777 1607 913 1684; x_wconf 78' lang='grc' dir='ltr'><strong><em>ἕκαστος</em></strong></span> <span class='ocrx_word' id='word_1_109' title='bbox 933 1603 996 1692; x_wconf 84' lang='grc' dir='ltr'><strong><em>τήν</em></strong></span> <span class='ocrx_word' id='word_1_110' title='bbox 1020 1607 1146 1672; x_wconf 82' lang='grc' dir='ltr'><strong><em>ἑαυτοῦ</em></strong></span> 
     </span>
     <span class='ocr_line' id='line_1_15' title="bbox 144 1694 1147 1791; baseline -0.008 -19"><span class='ocrx_word' id='word_1_111' title='bbox 144 1703 296 1791; x_wconf 84' lang='grc' dir='ltr'><strong><em>ἀρουραν</em></strong></span> <span class='ocrx_word' id='word_1_112' title='bbox 318 1703 471 1790; x_wconf 75' lang='grc' dir='ltr'><strong><em>ἐσβάλλει</em></strong></span> <span class='ocrx_word' id='word_1_113' title='bbox 491 1704 525 1780; x_wconf 84' lang='grc' dir='ltr'><strong><em>ές</em></strong></span> <span class='ocrx_word' id='word_1_114' title='bbox 545 1698 653 1788; x_wconf 83' lang='grc' dir='ltr'><strong><em>αύτήυ</em></strong></span> <span class='ocrx_word' id='word_1_115' title='bbox 668 1694 725 1788; x_wconf 84' lang='grc' dir='ltr'><strong><em>ύς,</em></strong></span> <span class='ocrx_word' id='word_1_116' title='bbox 753 1699 856 1770; x_wconf 86' lang='grc' dir='ltr'><strong><em>ε’πεδιν</em></strong></span> <span class='ocrx_word' id='word_1_117' title='bbox 876 1702 912 1769; x_wconf 74' lang='grc' dir='ltr'><strong><em>δὲ</em></strong></span> <span class='ocrx_word' id='word_1_118' title='bbox 934 1697 1147 1786; x_wconf 80' lang='grc' dir='ltr'><strong><em>καταπατήσῃ</em></strong></span> 
     </span>
     <span class='ocr_line' id='line_1_16' title="bbox 143 1793 1147 1890; baseline -0.006 -22"><span class='ocrx_word' id='word_1_119' title='bbox 143 1807 217 1890; x_wconf 74' lang='grc' dir='ltr'><strong><em>τῇσι</em></strong></span> <span class='ocrx_word' id='word_1_120' title='bbox 232 1796 289 1866; x_wconf 80' lang='grc' dir='ltr'><strong><em>ὑσὶ</em></strong></span> <span class='ocrx_word' id='word_1_121' title='bbox 302 1795 340 1866; x_wconf 85' lang='grc' dir='ltr'><strong><em>τό</em></strong></span> <span class='ocrx_word' id='word_1_122' title='bbox 356 1798 497 1885; x_wconf 86' lang='grc' dir='ltr'><strong><em>σπέρμα,</em></strong></span> <span class='ocrx_word' id='word_1_123' title='bbox 517 1796 645 1884; x_wconf 86' lang='grc' dir='ltr'><strong><em>ἀμητον</em></strong></span> <span class='ocrx_word' id='word_1_124' title='bbox 659 1795 696 1867; x_wconf 89' lang='grc' dir='ltr'>τὸ</span> <span class='ocrx_word' id='word_1_125' title='bbox 713 1796 781 1866; x_wconf 88' lang='grc' dir='ltr'><strong><em>ἀπδ</em></strong></span> <span class='ocrx_word' id='word_1_126' title='bbox 797 1798 921 1882; x_wconf 91' lang='grc' dir='ltr'><strong><em>τούτου</em></strong></span> <span class='ocrx_word' id='word_1_127' title='bbox 937 1801 1040 1885; x_wconf 89' lang='grc' dir='ltr'><strong><em>με’νει,</em></strong></span> <span class='ocrx_word' id='word_1_128' title='bbox 1062 1793 1147 1864; x_wconf 79' lang='grc' dir='ltr'><strong><em>ἀπο·</em></strong></span> 
     </span>
     <span class='ocr_line' id='line_1_17' title="bbox 145 1892 976 1987; baseline -0.004 -20"><span class='ocrx_word' id='word_1_129' title='bbox 145 1898 283 1987; x_wconf 85' lang='grc' dir='ltr'><strong><em>δινήσας</em></strong></span> <span class='ocrx_word' id='word_1_130' title='bbox 298 1895 334 1965; x_wconf 72' lang='grc' dir='ltr'><strong><em>δὲ</em></strong></span> <span class='ocrx_word' id='word_1_131' title='bbox 347 1903 422 1985; x_wconf 79' lang='grc' dir='ltr'><strong><em>τῇσι</em></strong></span> <span class='ocrx_word' id='word_1_132' title='bbox 437 1892 494 1964; x_wconf 82' lang='grc' dir='ltr'><strong><em>ὑσί</em></strong></span> <span class='ocrx_word' id='word_1_133' title='bbox 508 1893 570 1964; x_wconf 84' lang='grc' dir='ltr'><strong><em>τὸν</em></strong></span> <span class='ocrx_word' id='word_1_134' title='bbox 587 1910 680 1965; x_wconf 78' lang='grc' dir='ltr'><strong><em>σίτου</em></strong></span> <span class='ocrx_word' id='word_1_135' title='bbox 698 1894 787 1967; x_wconf 77' lang='grc' dir='ltr'><strong><em>οὕτω</em></strong></span> <span class='ocrx_word' id='word_1_136' title='bbox 803 1902 976 1984; x_wconf 79' lang='grc' dir='ltr'><strong><em>κομίζεται,</em></strong></span> 
     </span>
    </p>

    <p class='ocr_par' dir='ltr' id='par_1_3' title="bbox 100 1990 1249 3567">
     <span class='ocr_line' id='line_1_18' title="bbox 100 1990 1146 2088; baseline -0.003 -22"><span class='ocrx_word' id='word_1_137' title='bbox 100 2017 129 2069; x_wconf 75' lang='lat'><strong><em>15</em></strong></span> <span class='ocrx_word' id='word_1_138' title='bbox 221 2003 265 2067; x_wconf 84' lang='grc' dir='ltr'><strong><em>Εί</em></strong></span> <span class='ocrx_word' id='word_1_139' title='bbox 278 1990 327 2065; x_wconf 79' lang='grc' dir='ltr'><strong><em>τόν</em></strong></span> <span class='ocrx_word' id='word_1_140' title='bbox 340 1997 537 2084; x_wconf 82' lang='grc' dir='ltr'><strong><em>βουλόμεθα</em></strong></span> <span class='ocrx_word' id='word_1_141' title='bbox 550 1999 704 2088; x_wconf 83' lang='grc' dir='ltr'><strong><em>γνύμῃσι</em></strong></span> <span class='ocrx_word' id='word_1_142' title='bbox 717 2005 793 2088; x_wconf 81' lang='grc' dir='ltr'><strong><em>τῇσι</em></strong></span> <span class='ocrx_word' id='word_1_143' title='bbox 806 1996 930 2067; x_wconf 80' lang='grc' dir='ltr'><strong><em>Ἰόνιον</em></strong></span> <span class='ocrx_word' id='word_1_144' title='bbox 945 2003 1091 2085; x_wconf 81' lang='grc' dir='ltr'><strong><em>χρᾶσθαι</em></strong></span> <span class='ocrx_word' id='word_1_145' title='bbox 1107 1992 1146 2063; x_wconf 77' lang='grc' dir='ltr'><strong><em>τὰ</em></strong></span> 
     </span>
     <span class='ocr_line' id='line_1_19' title="bbox 143 2094 1249 2184; baseline 0 -19"><span class='ocrx_word' id='word_1_146' title='bbox 143 2101 218 2184; x_wconf 78' lang='grc' dir='ltr'><strong><em>περὶ</em></strong></span> <span class='ocrx_word' id='word_1_147' title='bbox 235 2105 427 2182; x_wconf 74' lang='grc' dir='ltr'><strong><em>Αἴγυπτον,</em></strong></span> <span class='ocrx_word' id='word_1_148' title='bbox 451 2098 485 2162; x_wconf 77' lang='grc' dir='ltr'><strong><em>οἳ</em></strong></span> <span class='ocrx_word' id='word_1_149' title='bbox 505 2118 588 2182; x_wconf 88' lang='grc' dir='ltr'><strong><em>φασι</em></strong></span> <span class='ocrx_word' id='word_1_150' title='bbox 605 2094 643 2164; x_wconf 86' lang='grc' dir='ltr'><strong><em>τό</em></strong></span> <span class='ocrx_word' id='word_1_151' title='bbox 658 2099 769 2165; x_wconf 82' lang='grc' dir='ltr'><strong><em>Δέλτα</em></strong></span> <span class='ocrx_word' id='word_1_152' title='bbox 790 2103 920 2183; x_wconf 83' lang='grc' dir='ltr'><strong><em>μοῦνον</em></strong></span> <span class='ocrx_word' id='word_1_153' title='bbox 941 2094 1025 2165; x_wconf 76' lang='grc' dir='ltr'><strong><em>εἶναι</em></strong></span> <span class='ocrx_word' id='word_1_154' title='bbox 1039 2105 1149 2183; x_wconf 84' lang='grc' dir='ltr'><strong><em>Λίγυ-</em></strong></span> <span class='ocrx_word' id='word_1_155' title='bbox 1248 2158 1249 2184; x_wconf 71' lang='grc'><strong><em>,</em></strong></span> 
     </span>
     <span class='ocr_line' id='line_1_20' title="bbox 143 2190 1249 2283; baseline -0.004 -18"><span class='ocrx_word' id='word_1_156' title='bbox 143 2221 244 2281; x_wconf 89' lang='grc' dir='ltr'><strong><em>πτου,</em></strong></span> <span class='ocrx_word' id='word_1_157' title='bbox 275 2190 340 2261; x_wconf 84' lang='grc' dir='ltr'><strong><em>ἀπὸ</em></strong></span> <span class='ocrx_word' id='word_1_158' title='bbox 365 2195 514 2281; x_wconf 81' lang='grc' dir='ltr'><strong><em>Περσέος</em></strong></span> <span class='ocrx_word' id='word_1_159' title='bbox 542 2200 746 2282; x_wconf 85' lang='grc' dir='ltr'><strong><em>καλεομένης</em></strong></span> <span class='ocrx_word' id='word_1_160' title='bbox 773 2202 912 2283; x_wconf 84' lang='grc' dir='ltr'><strong><em>σκοπιῆς</em></strong></span> <span class='ocrx_word' id='word_1_161' title='bbox 936 2198 1089 2283; x_wconf 87' lang='grc' dir='ltr'><strong><em>λέγοντες</em></strong></span> <span class='ocrx_word' id='word_1_162' title='bbox 1110 2192 1147 2261; x_wconf 90' lang='grc' dir='ltr'><strong><em>τδ</em></strong></span> <span class='ocrx_word' id='word_1_163' title='bbox 1248 2190 1249 2209; x_wconf 64' lang='grc'>’</span> 
     </span>
     <span class='ocr_line' id='line_1_21' title="bbox 143 2282 1249 2413; baseline 0.002 -53"><span class='ocrx_word' id='word_1_164' title='bbox 143 2289 233 2378; x_wconf 81' lang='grc' dir='ltr'><strong><em>παρὰ</em></strong></span> <span class='ocrx_word' id='word_1_165' title='bbox 248 2289 427 2359; x_wconf 91' lang='grc' dir='ltr'><strong><em>θάλασσαν</em></strong></span> <span class='ocrx_word' id='word_1_166' title='bbox 442 2289 528 2359; x_wconf 75' lang='grc' dir='ltr'><strong><em>εἶναι</em></strong></span> <span class='ocrx_word' id='word_1_167' title='bbox 545 2289 648 2379; x_wconf 79' lang='grc' dir='ltr'><strong><em>αὐτῆς</em></strong></span> <span class='ocrx_word' id='word_1_168' title='bbox 662 2295 757 2381; x_wconf 86' lang='grc' dir='ltr'><strong><em>μέχρι</em></strong></span> <span class='ocrx_word' id='word_1_169' title='bbox 772 2296 979 2383; x_wconf 86' lang='grc' dir='ltr'><strong><em>Ταριχηιέοιν</em></strong></span> <span class='ocrx_word' id='word_1_170' title='bbox 996 2299 1064 2362; x_wconf 78' lang='grc' dir='ltr'><strong><em>τῶν</em></strong></span> <span class='ocrx_word' id='word_1_171' title='bbox 1075 2300 1150 2413; x_wconf 52' lang='lat'><strong><em>{171-</em></strong></span> <span class='ocrx_word' id='word_1_172' title='bbox 1248 2282 1249 2287; x_wconf 8' lang='grc' dir='ltr'>ἵ</span> 
     </span>
     <span class='ocr_line' id='line_1_22' title="bbox 143 2386 1149 2481; baseline -0.003 -21"><span class='ocrx_word' id='word_1_173' title='bbox 143 2392 368 2475; x_wconf 88' lang='grc' dir='ltr'><strong><em>λουσιακέων,</em></strong></span> <span class='ocrx_word' id='word_1_174' title='bbox 390 2396 431 2478; x_wconf 78' lang='grc' dir='ltr'><strong><em>τῇ</em></strong></span> <span class='ocrx_word' id='word_1_175' title='bbox 454 2386 495 2476; x_wconf 86' lang='grc' dir='ltr'><strong><em>δή</em></strong></span> <span class='ocrx_word' id='word_1_176' title='bbox 516 2392 761 2481; x_wconf 88' lang='grc' dir='ltr'><strong><em>τεσσεράκοντά</em></strong></span> <span class='ocrx_word' id='word_1_177' title='bbox 789 2398 851 2461; x_wconf 88' lang='grc' dir='ltr'><strong><em>είσι</em></strong></span> <span class='ocrx_word' id='word_1_178' title='bbox 874 2406 1017 2480; x_wconf 73' lang='grc' dir='ltr'><strong><em>σχοῖνοι,</em></strong></span> <span class='ocrx_word' id='word_1_179' title='bbox 1052 2414 1090 2459; x_wconf 92' lang='grc' dir='ltr'><strong><em>το</em></strong></span> <span class='ocrx_word' id='word_1_180' title='bbox 1113 2390 1149 2457; x_wconf 72' lang='grc' dir='ltr'><strong><em>δὲ</em></strong></span> 
     </span>
     <span class='ocr_line' id='line_1_23' title="bbox 143 2484 1150 2577; baseline -0.002 -20"><span class='ocrx_word' id='word_1_181' title='bbox 143 2486 209 2557; x_wconf 86' lang='grc' dir='ltr'><strong><em>ἀπὸ</em></strong></span> <span class='ocrx_word' id='word_1_182' title='bbox 229 2485 403 2573; x_wconf 81' lang='grc' dir='ltr'><strong><em>θαλάσσης</em></strong></span> <span class='ocrx_word' id='word_1_183' title='bbox 429 2487 599 2573; x_wconf 83' lang='grc' dir='ltr'><strong><em>λεγόντοιν</em></strong></span> <span class='ocrx_word' id='word_1_184' title='bbox 626 2492 659 2569; x_wconf 88' lang='grc' dir='ltr'><strong><em>ές</em></strong></span> <span class='ocrx_word' id='word_1_185' title='bbox 686 2490 870 2577; x_wconf 73' lang='grc' dir='ltr'><strong><em>μεσόγαιαν</em></strong></span> <span class='ocrx_word' id='word_1_186' title='bbox 899 2497 1021 2559; x_wconf 90' lang='grc' dir='ltr'><strong><em>τείνειν</em></strong></span> <span class='ocrx_word' id='word_1_187' title='bbox 1042 2484 1150 2575; x_wconf 84' lang='grc' dir='ltr'><strong><em>αὐτήν</em></strong></span> 
     </span>
     <span class='ocr_line' id='line_1_24' title="bbox 141 2582 1249 2677; baseline -0.005 -20"><span class='ocrx_word' id='word_1_188' title='bbox 141 2594 235 2677; x_wconf 90' lang='grc' dir='ltr'><strong><em>μέχρι</em></strong></span> <span class='ocrx_word' id='word_1_189' title='bbox 249 2585 479 2673; x_wconf 70' lang='grc' dir='ltr'><strong><em>Κερκασώρου</em></strong></span> <span class='ocrx_word' id='word_1_190' title='bbox 500 2588 633 2676; x_wconf 87' lang='grc' dir='ltr'><strong><em>πόλιος,</em></strong></span> <span class='ocrx_word' id='word_1_191' title='bbox 663 2586 737 2657; x_wconf 87' lang='grc' dir='ltr'><strong><em>κατ’</em></strong></span> <span class='ocrx_word' id='word_1_192' title='bbox 760 2586 804 2676; x_wconf 82' lang='grc' dir='ltr'><strong><em>ήν</em></strong></span> <span class='ocrx_word' id='word_1_193' title='bbox 824 2594 964 2675; x_wconf 79' lang='grc' dir='ltr'><strong><em>σχίζεται</em></strong></span> <span class='ocrx_word' id='word_1_194' title='bbox 986 2584 1004 2657; x_wconf 88' lang='grc' dir='ltr'><strong><em>δ</em></strong></span> <span class='ocrx_word' id='word_1_195' title='bbox 1027 2594 1150 2663; x_wconf 80' lang='grc' dir='ltr'><strong><em>Νεῖλος</em></strong></span> <span class='ocrx_word' id='word_1_196' title='bbox 1248 2582 1249 2585; x_wconf 44' lang='lat'>&#39;</span> 
     </span>
     <span class='ocr_line' id='line_1_25' title="bbox 141 2682 1249 2785; baseline -0.006 -26"><span class='ocrx_word' id='word_1_197' title='bbox 141 2696 175 2768; x_wconf 83' lang='grc' dir='ltr'><strong><em>ές</em></strong></span> <span class='ocrx_word' id='word_1_198' title='bbox 202 2713 238 2755; x_wconf 90' lang='grc' dir='ltr'><strong><em>τε</em></strong></span> <span class='ocrx_word' id='word_1_199' title='bbox 258 2685 455 2773; x_wconf 79' lang='grc' dir='ltr'><strong><em>Πηλούσιον</em></strong></span> <span class='ocrx_word' id='word_1_200' title='bbox 479 2688 567 2776; x_wconf 77' lang='grc' dir='ltr'><strong><em>ῥέων</em></strong></span> <span class='ocrx_word' id='word_1_201' title='bbox 591 2691 647 2757; x_wconf 79' lang='grc' dir='ltr'><strong><em>καί</em></strong></span> <span class='ocrx_word' id='word_1_202' title='bbox 670 2690 704 2767; x_wconf 85' lang='grc' dir='ltr'><strong><em>ές</em></strong></span> <span class='ocrx_word' id='word_1_203' title='bbox 725 2688 911 2775; x_wconf 83' lang='grc' dir='ltr'><strong><em>Κάνωβον,</em></strong></span> <span class='ocrx_word' id='word_1_204' title='bbox 943 2683 983 2754; x_wconf 85' lang='grc' dir='ltr'><strong><em>τά</em></strong></span> <span class='ocrx_word' id='word_1_205' title='bbox 1006 2685 1042 2753; x_wconf 76' lang='grc' dir='ltr'><strong><em>δέ</em></strong></span> <span class='ocrx_word' id='word_1_206' title='bbox 1064 2682 1149 2753; x_wconf 84' lang='grc' dir='ltr'><strong><em>ἀλλα</em></strong></span> <span class='ocrx_word' id='word_1_207' title='bbox 1248 2722 1249 2785; x_wconf 63' lang='grc' dir='ltr'><strong><em>χ</em></strong></span> 
     </span>
     <span class='ocr_line' id='line_1_26' title="bbox 142 2780 1151 2873; baseline -0.008 -16"><span class='ocrx_word' id='word_1_208' title='bbox 142 2785 311 2872; x_wconf 85' lang='grc' dir='ltr'><strong><em>λεγόντων</em></strong></span> <span class='ocrx_word' id='word_1_209' title='bbox 330 2790 389 2871; x_wconf 81' lang='grc' dir='ltr'><strong><em>τῆς</em></strong></span> <span class='ocrx_word' id='word_1_210' title='bbox 403 2784 580 2870; x_wconf 84' lang='grc' dir='ltr'><strong><em>Αίγύπτου</em></strong></span> <span class='ocrx_word' id='word_1_211' title='bbox 592 2782 633 2853; x_wconf 89' lang='grc' dir='ltr'><strong><em>τά</em></strong></span> <span class='ocrx_word' id='word_1_212' title='bbox 649 2784 711 2873; x_wconf 69' lang='grc' dir='ltr'><strong><em>μέν</em></strong></span> <span class='ocrx_word' id='word_1_213' title='bbox 725 2784 872 2872; x_wconf 89' lang='grc' dir='ltr'><strong><em>Λιβύης,</em></strong></span> <span class='ocrx_word' id='word_1_214' title='bbox 894 2780 934 2852; x_wconf 86' lang='grc' dir='ltr'><strong><em>τά</em></strong></span> <span class='ocrx_word' id='word_1_215' title='bbox 949 2786 985 2852; x_wconf 77' lang='grc' dir='ltr'><strong><em>δὲ</em></strong></span> <span class='ocrx_word' id='word_1_216' title='bbox 996 2780 1151 2872; x_wconf 73' lang='grc' dir='ltr'><strong><em>Ἀραβίης</em></strong></span> 
     </span>
     <span class='ocr_line' id='line_1_27' title="bbox 143 2879 1249 2976; baseline -0.004 -25"><span class='ocrx_word' id='word_1_217' title='bbox 143 2883 245 2971; x_wconf 77' lang='grc' dir='ltr'><strong><em>εἶναι,</em></strong></span> <span class='ocrx_word' id='word_1_218' title='bbox 276 2879 560 2970; x_wconf 77' lang='grc' dir='ltr'><strong><em>ἀποδεικνύοιμεν</em></strong></span> <span class='ocrx_word' id='word_1_219' title='bbox 585 2879 631 2952; x_wconf 88' lang='grc' dir='ltr'><strong><em>ἀν</em></strong></span> <span class='ocrx_word' id='word_1_220' title='bbox 656 2884 764 2976; x_wconf 75' lang='grc' dir='ltr'><strong><em>τούτῳ</em></strong></span> <span class='ocrx_word' id='word_1_221' title='bbox 789 2882 948 2975; x_wconf 75' lang='grc' dir='ltr'><strong><em>τῷλόγῳ</em></strong></span> <span class='ocrx_word' id='word_1_222' title='bbox 972 2882 1148 2969; x_wconf 87' lang='grc' dir='ltr'><strong><em>χρεόμενοι</em></strong></span> <span class='ocrx_word' id='word_1_223' title='bbox 1248 2916 1249 2923; x_wconf 44' lang='lat'>1</span> 
     </span>
     <span class='ocr_line' id='line_1_28' title="bbox 142 2976 1249 3071; baseline 0.005 -24"><span class='ocrx_word' id='word_1_224' title='bbox 142 2984 356 3065; x_wconf 85' lang='grc' dir='ltr'><strong><em>Αίγυπτίοισι</em></strong></span> <span class='ocrx_word' id='word_1_225' title='bbox 371 2976 435 3047; x_wconf 83' lang='grc' dir='ltr'><strong><em>οὐκ</em></strong></span> <span class='ocrx_word' id='word_1_226' title='bbox 450 2982 574 3049; x_wconf 84' lang='grc' dir='ltr'><strong><em>έοῦσαν</em></strong></span> <span class='ocrx_word' id='word_1_227' title='bbox 587 2983 755 3071; x_wconf 88' lang='grc' dir='ltr'><strong><em>πρότερον</em></strong></span> <span class='ocrx_word' id='word_1_228' title='bbox 769 2984 891 3071; x_wconf 78' lang='grc' dir='ltr'><strong><em>χώρην.</em></strong></span> <span class='ocrx_word' id='word_1_229' title='bbox 924 2979 989 3070; x_wconf 86' lang='grc' dir='ltr'><strong><em>ήδη</em></strong></span> <span class='ocrx_word' id='word_1_230' title='bbox 1004 2982 1069 3070; x_wconf 93' lang='grc' dir='ltr'><strong><em>γάρ</em></strong></span> <span class='ocrx_word' id='word_1_231' title='bbox 1088 2999 1148 3067; x_wconf 80' lang='grc' dir='ltr'><strong><em>σφι</em></strong></span> <span class='ocrx_word' id='word_1_232' title='bbox 1248 3040 1249 3053; x_wconf 67' lang='grc'><strong><em>,</em></strong></span> 
     </span>
     <span class='ocr_line' id='line_1_29' title="bbox 142 3074 1153 3167; baseline -0.002 -20"><span class='ocrx_word' id='word_1_233' title='bbox 142 3078 180 3147; x_wconf 88' lang='grc' dir='ltr'><strong><em>τό</em></strong></span> <span class='ocrx_word' id='word_1_234' title='bbox 195 3094 234 3164; x_wconf 80' lang='grc' dir='ltr'><strong><em>γε</em></strong></span> <span class='ocrx_word' id='word_1_235' title='bbox 249 3078 377 3165; x_wconf 87' lang='grc' dir='ltr'><strong><em>Δέλτα,</em></strong></span> <span class='ocrx_word' id='word_1_236' title='bbox 403 3074 448 3157; x_wconf 82' lang='grc' dir='ltr'><strong><em>ὡς</em></strong></span> <span class='ocrx_word' id='word_1_237' title='bbox 469 3076 564 3149; x_wconf 76' lang='grc' dir='ltr'><strong><em>αὐτοὶ</em></strong></span> <span class='ocrx_word' id='word_1_238' title='bbox 584 3082 720 3167; x_wconf 85' lang='grc' dir='ltr'><strong><em>λίγουσι</em></strong></span> <span class='ocrx_word' id='word_1_239' title='bbox 735 3079 915 3167; x_wconf 83' lang='grc' dir='ltr'><strong><em>Αἰγύπτιοι</em></strong></span> <span class='ocrx_word' id='word_1_240' title='bbox 930 3080 985 3148; x_wconf 81' lang='grc' dir='ltr'><strong><em>καί</em></strong></span> <span class='ocrx_word' id='word_1_241' title='bbox 1002 3080 1075 3167; x_wconf 81' lang='grc' dir='ltr'><strong><em>έμολ</em></strong></span> <span class='ocrx_word' id='word_1_242' title='bbox 1090 3082 1153 3145; x_wconf 91' lang='grc' dir='ltr'><strong><em>δο-</em></strong></span> 
     </span>
     <span class='ocr_line' id='line_1_30' title="bbox 142 3175 1249 3269; baseline 0.003 -26"><span class='ocrx_word' id='word_1_243' title='bbox 142 3178 226 3264; x_wconf 88' lang='grc' dir='ltr'><strong><em>κέει,</em></strong></span> <span class='ocrx_word' id='word_1_244' title='bbox 250 3179 318 3246; x_wconf 76' lang='grc' dir='ltr'><strong><em>ἐστὶ</em></strong></span> <span class='ocrx_word' id='word_1_245' title='bbox 342 3176 554 3266; x_wconf 87' lang='grc' dir='ltr'><strong><em>κατάρρυτόν</em></strong></span> <span class='ocrx_word' id='word_1_246' title='bbox 578 3205 614 3247; x_wconf 88' lang='grc' dir='ltr'><strong><em>τε</em></strong></span> <span class='ocrx_word' id='word_1_247' title='bbox 639 3181 694 3248; x_wconf 78' lang='grc' dir='ltr'><strong><em>καὶ</em></strong></span> <span class='ocrx_word' id='word_1_248' title='bbox 718 3180 836 3247; x_wconf 84' lang='grc' dir='ltr'><strong><em>νεωστὶ</em></strong></span> <span class='ocrx_word' id='word_1_249' title='bbox 858 3175 902 3259; x_wconf 80' lang='grc' dir='ltr'><strong><em>ὡς</em></strong></span> <span class='ocrx_word' id='word_1_250' title='bbox 928 3177 1018 3269; x_wconf 77' lang='grc' dir='ltr'><strong><em>λόγῳ</em></strong></span> <span class='ocrx_word' id='word_1_251' title='bbox 1044 3182 1153 3246; x_wconf 83' lang='grc' dir='ltr'><strong><em>είπεῑν</em></strong></span> <span class='ocrx_word' id='word_1_252' title='bbox 1248 3196 1249 3227; x_wconf 63' lang='lat'>³</span> 
     </span>
     <span class='ocr_line' id='line_1_31' title="bbox 142 3273 1249 3369; baseline 0.003 -25"><span class='ocrx_word' id='word_1_253' title='bbox 142 3273 368 3365; x_wconf 88' lang='grc' dir='ltr'><strong><em>ἀναπεφηνός.</em></strong></span> <span class='ocrx_word' id='word_1_254' title='bbox 409 3284 440 3347; x_wconf 86' lang='grc' dir='ltr'><strong><em>εί</em></strong></span> <span class='ocrx_word' id='word_1_255' title='bbox 457 3284 575 3347; x_wconf 90' lang='grc' dir='ltr'><strong><em>τοίνυν</em></strong></span> <span class='ocrx_word' id='word_1_256' title='bbox 592 3300 653 3367; x_wconf 93' lang='grc' dir='ltr'><strong><em>σφι</em></strong></span> <span class='ocrx_word' id='word_1_257' title='bbox 672 3279 764 3367; x_wconf 82' lang='grc' dir='ltr'><strong><em>χάρη</em></strong></span> <span class='ocrx_word' id='word_1_258' title='bbox 784 3304 823 3366; x_wconf 91' lang='grc' dir='ltr'><strong><em>γε</em></strong></span> <span class='ocrx_word' id='word_1_259' title='bbox 845 3283 989 3369; x_wconf 89' lang='grc' dir='ltr'><strong><em>μηδεμία</em></strong></span> <span class='ocrx_word' id='word_1_260' title='bbox 1009 3275 1152 3367; x_wconf 81' lang='grc' dir='ltr'><strong><em>ὑπῆρχε,</em></strong></span> <span class='ocrx_word' id='word_1_261' title='bbox 1248 3276 1249 3289; x_wconf 67' lang='grc'>’</span> 
     </span>
     <span class='ocr_line' id='line_1_32' title="bbox 141 3364 1249 3468; baseline 0.005 -27"><span class='ocrx_word' id='word_1_262' title='bbox 141 3379 176 3441; x_wconf 91' lang='grc' dir='ltr'><strong><em>τί</em></strong></span> <span class='ocrx_word' id='word_1_263' title='bbox 192 3374 447 3463; x_wconf 82' lang='grc' dir='ltr'><strong><em>περιεργάζοντο</em></strong></span> <span class='ocrx_word' id='word_1_264' title='bbox 476 3379 651 3457; x_wconf 87' lang='grc' dir='ltr'><strong><em>δοκέοντες</em></strong></span> <span class='ocrx_word' id='word_1_265' title='bbox 678 3384 803 3465; x_wconf 75' lang='grc' dir='ltr'><strong><em>πρῶτοι</em></strong></span> <span class='ocrx_word' id='word_1_266' title='bbox 831 3374 1027 3468; x_wconf 76' lang='grc' dir='ltr'><strong><em>ἀνθρώπων</em></strong></span> <span class='ocrx_word' id='word_1_267' title='bbox 1050 3402 1153 3465; x_wconf 87' lang='grc' dir='ltr'><strong><em>γεγο-</em></strong></span> <span class='ocrx_word' id='word_1_268' title='bbox 1248 3364 1249 3437; x_wconf 63' lang='grc' dir='ltr'><strong><em>ί</em></strong></span> 
     </span>
     <span class='ocr_line' id='line_1_33' title="bbox 145 3469 1154 3565; baseline 0.004 -26"><span class='ocrx_word' id='word_1_269' title='bbox 145 3475 254 3555; x_wconf 71' lang='grc' dir='ltr'><strong><em>νίκαις</em></strong></span> <span class='ocrx_word' id='word_1_270' title='bbox 277 3469 355 3539; x_wconf 75' lang='grc' dir='ltr'><strong><em>οὐδέ</em></strong></span> <span class='ocrx_word' id='word_1_271' title='bbox 370 3472 445 3541; x_wconf 87' lang='grc' dir='ltr'><strong><em>έδεέ</em></strong></span> <span class='ocrx_word' id='word_1_272' title='bbox 454 3493 558 3562; x_wconf 89' lang='grc' dir='ltr'><strong><em>σφεας</em></strong></span> <span class='ocrx_word' id='word_1_273' title='bbox 572 3478 605 3556; x_wconf 81' lang='grc' dir='ltr'><strong><em>ές</em></strong></span> <span class='ocrx_word' id='word_1_274' title='bbox 620 3476 798 3565; x_wconf 88' lang='grc' dir='ltr'><strong><em>διάπειραν</em></strong></span> <span class='ocrx_word' id='word_1_275' title='bbox 809 3482 877 3544; x_wconf 78' lang='grc' dir='ltr'><strong><em>τόν</em></strong></span> <span class='ocrx_word' id='word_1_276' title='bbox 891 3480 1034 3544; x_wconf 87' lang='grc' dir='ltr'><strong><em>παιδίων</em></strong></span> <span class='ocrx_word' id='word_1_277' title='bbox 1050 3476 1154 3565; x_wconf 83' lang='grc' dir='ltr'><strong><em>λε’ναι,</em></strong></span> 
     </span>
    </p>
   </div>
   <div class='ocr_carea' id='block_1_3' title="bbox 0 0 1265 3925">
    <p class='ocr_par' dir='ltr' id='par_1_4' title="bbox 0 0 1265 3925">
     <span class='ocr_line' id='line_1_34' title="bbox 0 0 1265 3925; baseline 0 0"><span class='ocrx_word' id='word_1_278' title='bbox 0 0 1265 3925; x_wconf 95' lang='lat' dir='ltr'><strong><em> </em></strong></span> 
     </span>
    </p>
   </div>
  </div>
 </body>
</html>
