2500 3925
305 273 390 329 LIB.
423 272 470 328 IV.
504 270 601 329 cn.
640 278 815 333 164-168.
1004 268 1066 335 ³⁶1

89 431 154 499 0δέ
169 402 348 519 Ἀρυάνδης
366 422 411 517 ἦν
430 422 530 509 οὗτος
552 436 609 517 τῆς
626 431 805 517 Αἰγύπτου
826 429 976 522 ὕπαρχοί·
997 430 1066 502 ῦπδ
1083 457 1134 515 ιω

84 532 251 620 Καμβύσεω
273 529 472 617 κατεστεώς,
496 528 533 610 ὃς
554 527 683 623 ῦστέρφ
702 530 813 623 χρόνφ
832 531 964 603 τούτων
977 558 1066 619 παρ-

84 628 237 719 ισούμενος
249 638 384 725 Δαρείρι
404 630 586 717 διεφθάρη.
614 631 811 718 πυθόμενος
829 628 896 718 γάρ
910 636 966 705 καλ
981 630 1065 701 ίδοὶν

83 739 208 811 Δαρείον
239 732 466 819 ἐπιθυμέοντα
497 733 719 819 μνημόσυνον
748 734 877 799 έοιντοῦ
906 737 1065 803 λιπέσδαι

81 834 175 915 τοῦτο,
190 827 226 899 τό
242 828 288 918 μὴ
304 830 394 921 άλλφ
406 840 456 918 είη
468 833 600 919 βασιλέι
611 832 897 917 κατεργασμένον,
914 832 1064 918 ἐμιμέετο

81 932 198 1014 τοῦτον,
219 931 255 1007 ἐς
271 926 291 997 δ
306 936 404 1018 ἔλαβε
417 927 478 997 τόν
492 930 629 1016 μισθόν.
663 940 808 1013 Δαρεῖος
823 930 887 1015 μέν
899 926 965 1016 γάρ
980 953 1064 1016 χρυ-

79 1029 138 1091 σίον
147 1026 567 1117 καδαρότατονάπεψήσας
578 1032 610 1109 ές
620 1026 659 1097 τό
670 1027 906 1098 δυνατώτατον
915 1028 1064 1115 νόμισμα

78 1121 209 1211 ἐκόψατο,
222 1122 411 1214 Ἀρυάνδης
423 1129 459 1196 δὲ
470 1126 582 1214 ἅρχων
592 1128 768 1215 Αίγόπτου
779 1125 944 1214 άργῦριον
954 1123 1062 1197 τώυτό

77 1226 157 1289 τοῦτο
171 1224 297 1293 ἐποίεε·
324 1228 380 1295 καὶ
400 1233 467 1293 νῦν
484 1229 551 1296 ἐστὶ
572 1224 738 1315 άργόριον
756 1225 1000 1315 καθαρώτατον
1023 1225 1061 1297 τδ

74 1314 285 1406 Ἀρυανδικόν.
309 1322 433 1411 μαδεόν
455 1326 491 1393 δέ
511 1326 657 1415 Δαρεῖός
676 1351 736 1413 μιν
760 1330 865 1392 ταῦτα
887 1332 1060 1413 ποιεῦντα,

75 1423 164 1506 αίτίην
174 1426 209 1490 οί
216 1420 326 1510 άλλην
337 1429 525 1512 ἐπενείκας,
542 1423 587 1505 ὥς
595 1430 633 1515 οἱ
640 1428 862 1510 ἐπανίσταιτο,
877 1420 1059 1494 ἀπέκτεινε.

78 1517 144 1587 Τότε
157 1521 193 1590 δέ
209 1514 311 1603 οὗτος
327 1520 346 1593 ὁ
363 1522 549 1611 Ἀρυάνδης
562 1530 789 1613 κατοικτείρας
802 1530 990 1612 Φερετίμην
1007 1528 1061 1592 δι-
1077 1546 1128 1604 1⁶7

72 1623 116 1685 δοῖ
126 1618 205 1712 αὐτῇ
220 1622 366 1709 στρατόν
379 1622 441 1693 τόν
456 1629 488 1706 ἐξ
499 1625 676 1712 Αίγότττου
686 1622 834 1709 ἅπαντα,
854 1625 910 1692 καὶ
922 1620 984 1691 τόν
997 1647 1061 1691 πε-

72 1714 116 1797 ζόν
137 1722 189 1789 καὶ
210 1719 276 1789 τόν
300 1721 479 1808 ναυτικόν,
513 1721 700 1811 στρατηγόν
725 1724 762 1792 δέ
784 1732 847 1791 τοῦ
870 1724 934 1811 μὲν
957 1729 1060 1806 πεζοῦ

65 1812 183 1900 ’Λμασιν
211 1818 351 1903 ἀπέδεξε
379 1820 487 1909 ἄνδρα
513 1823 720 1910 Μαράφιον,
747 1828 809 1890 τοῦ
833 1823 871 1890 δέ
894 1827 1060 1889 ναυτικοῦ

69 1915 185 2004 Βάδρην
199 1918 301 1988 ἐόντα
313 1924 543 2011 Πασαργάδην
556 1925 662 2010 γένος.
686 1926 767 2007 πρὶν
779 1926 815 1991 δὲ
829 1916 852 2009 ἢ
866 1917 1057 1990 ἀποστεῖλαι

67 2012 115 2101 τὴν
125 2017 282 2107 στρατιὴν
294 2018 313 2088 ό
325 2019 509 2109 Ἀρυάνδης
520 2027 651 2109 πέμψας
661 2025 695 2101 ἐς
705 2020 767 2108 τὴν
777 2019 917 2107 Βάρκην
926 2019 1059 2107 κήρυκα

68 2115 280 2207 ἐπυνθάνετο,
300 2129 349 2201 τίς
370 2132 421 2208 εἴη
450 2119 468 2192 ὁ
488 2119 706 2206 Ἀρκεσίλεων
726 2117 933 2198 ἀποκτείνας.
967 2122 1003 2186 οί
1019 2118 1058 2185 δέ

66 2221 209 2304 Βαρκαῖοι
232 2217 329 2288 αὐτοὶ
349 2218 552 2292 ῦπεδέκοπο
573 2222 709 2300 πάντες.
733 2220 841 2289 πολλά
858 2246 894 2288 τε
913 2216 980 2307 γάρ
1000 2218 1057 2286 καλ

65 2313 134 2383 κακά
145 2318 288 2404 πάσχειν
299 2317 360 2388 ὑπ’
373 2319 488 2409 αὐτοῦ.
512 2321 707 2407 πυθόμενος
718 2320 869 2387 δὲταῦτα
880 2315 899 2386 ό
910 2314 1057 2403 Ἀρυάν-

64 2417 112 2499 δης
122 2415 211 2485 οῦτοι
232 2418 274 2506 δη
295 2419 357 2507 τὴν
378 2422 537 2509 στρατιὴν
551 2419 723 2490 ἀπέστειλε
736 2417 806 2506 ἅμα
824 2425 865 2508 τῇ
879 2421 1053 2505 Φερετίμη.

62 2512 131 2604 αὕτη
145 2521 208 2604 μέν
223 2545 290 2587 νυν
304 2527 390 2608 αίτίη
404 2522 580 2609 πρόσχημα
594 2526 656 2588 τοῦ
670 2517 776 2606 λόγου
787 2520 932 2602 ἐγένετο,
953 2517 1056 2602 ἐπέμ-

62 2639 126 2681 πετο
141 2617 177 2683 δέ
191 2613 214 2704 ἡ
230 2615 384 2705 στρατιὴ,
405 2617 450 2697 ὡς
472 2620 544 2706 ἐμοὶ
559 2620 705 2703 δοκέειν,
728 2618 781 2684 ἐπὶ
794 2613 936 2702 Λιβύων
950 2639 1055 2680 κατα-

61 2723 182 2805 στροφῇ.
229 2716 370 2806 Λιβόοιν
384 2715 449 2804 γάρ
465 2715 505 2804 δὴ
519 2723 623 2786 ἔθνεα
633 2711 741 2784 πολλὰ
752 2716 807 2781 καὶ
819 2725 961 2780 παντοία
974 2713 1053 2796 ἐστὶ,

60 2815 103 2880 καὶ
115 2811 154 2881 τά
168 2818 233 2900 μὲν
248 2813 361 2884 αὐτῶν
373 2813 468 2903 ὀλίγα
479 2822 632 2904 βασιλέος
641 2808 686 2904 ἦν
697 2812 849 2902 ῦπηκοα,
861 2808 905 2879 τά
916 2813 954 2878 δέ
963 2813 1054 2877 πλέα

58 2909 218 2998 ἐφρόντιζε
231 2919 382 2997 Δαρείου
398 2913 507 2982 οὐδέν.

129 3016 288 3082 οίκέουσι
306 3017 342 3082 δέ
362 3011 446 3082 κατά
460 3017 539 3083 τάδε
556 3022 695 3102 Λίβυες,
717 3011 776 3082 ἀπ’
792 3013 969 3100 Αἰγύπτου
989 3008 1122 3098 oio-168

59 3108 191 3195 ξάμενοι.
217 3121 345 3201 πρῶτοι
362 3112 657 3202 Ἀδυρμαχίδαι
670 3118 811 3203 Λιβύων
829 3111 1050 3198 πατοικέαται,

56 3212 83 3272 οἳ
98 3209 232 3293 νόμοισι
247 3214 309 3298 μὲν
330 3211 371 3280 τά
393 3214 482 3283 πλέοι
500 3219 714 3298 Αἰγυπτίοισι
731 3214 903 3299 χρέονται,
926 3214 1052 3299 ἐσθῆτα

54 3306 84 3373 δὲ
99 3313 259 3396 φορέουσι
297 3315 438 3400 οἴηνκερ
461 3315 496 3382 οἱ
514 3309 609 3380 άλλοι
623 3319 756 3401 Λίβυες.
779 3317 816 3381 αί
836 3313 873 3380 δὲ
892 3324 1051 3399 γυναῖκες

54 3400 154 3474 αὐτῶν
169 3413 288 3490 ψέλιον
302 3416 378 3497 περὶ
390 3414 528 3502 ἑκατέρη
537 3418 607 3479 τῶν
620 3415 777 3501 κνημέων
794 3416 956 3498 φορέουσι
968 3409 1052 3497 χάλὲ

54 3532 138 3600 ιεον,
162 3507 222 3589 τάς
244 3509 395 3598 κεφαλάς
418 3511 455 3579 δέ
469 3512 661 3598 κομέουσαι,
673 3507 754 3589 τοῦς
778 3520 923 3595 φθεῖρας
948 3501 1052 3576 ἐπεάν
