2500 3925
364 229 451 285 LIB.
483 229 519 285 V.
553 227 652 285 cAP.
684 233 827 289 86—90.
1057 228 1098 294 41

91 412 169 456 νεον
186 392 335 473 κιθῶνα,
356 389 415 455 ἵνα
435 383 476 473 δή
501 386 665 476 περόνῃσι
684 383 730 474 μή
751 390 922 474 χρέωνται.
955 387 1048 460 Ἔστι
1061 393 1099 461 δδ
1111 405 1147 462 88

90 484 211 573 ἀληθέι·
222 485 312 578 λόγῳ
332 487 543 573 χρεωμένοισι
557 485 620 565 οὐκ
637 483 700 566 Ἰάς
717 484 802 574 αὕτη
822 485 965 578 ήέσθής·
980 489 1018 559 τὸ
1033 517 1100 558 τια-

88 583 202 674 ἰαιόν,
225 583 309 656 ἀλλὰ
324 587 471 673 Κάειρα,
493 587 563 655 ἐπεὶ
576 583 601 672 ή
612 611 652 671 γε
661 582 837 675 Ἑλληνική
853 587 956 676 έσθής
972 589 1097 677 πᾶσαή

88 686 206 776 ἀρχαίη
221 695 291 756 τῶν
305 693 478 775 γυναικῶν
494 683 516 774 ή
538 683 621 773 αάτή
638 679 699 773 ἦν,
720 684 783 773 τήν
797 693 865 773 νῦν
880 694 1020 776 Δωρίδα
1036 717 1099 758 κα-

86 789 214 874 λέομεν.
256 799 341 855 τοῖσι
365 785 404 854 δέ
418 782 595 874 Ἀργοίοισι
610 784 669 852 καί
691 797 779 852 τοῖσι
795 785 997 874 Αἰγινήτῃσι
1018 784 1104 876 πρός

85 891 190 956 ταῦτα
221 886 299 956 τόδε
329 889 463 974 ποιήσαι
490 884 599 973 νόμον
629 883 718 954 εἰναι
743 884 834 975 παρὰ
861 893 959 973 σφίσι
989 887 1105 956 ἑκατέ-

89 1007 178 1075 ροισι
216 986 276 1066 τάς
295 988 440 1075 περόνας
459 985 613 1074 ἡμιολίας
632 989 808 1056 ποιέεσθαι
827 994 889 1055 τοῦ
908 987 984 1058 τότε
998 1015 1097 1058 κατε-

88 1093 228 1165 στεῶτος
242 1089 383 1174 μέτρου,
398 1088 454 1154 καί
469 1087 503 1164 ές
516 1083 554 1153 τό
570 1081 646 1172 ἰρὸν
659 1091 729 1153 τῶν
740 1093 835 1155 θεῶν
848 1086 980 1156 τούτων
993 1089 1097 1177 περό-

86 1211 147 1264 νας
161 1184 304 1272 μάλιστα
318 1182 516 1254 ἀνατιθέναι
531 1180 590 1262 τάς
604 1197 782 1272 γυναῖκας,
799 1181 949 1255 Ἀττικάν
963 1185 1001 1256 δὲ
1015 1187 1097 1274 μήτε

86 1313 119 1354 τι
134 1284 215 1354 ἀλλο
229 1285 435 1373 προσφέρειν
452 1280 537 1372 πρὸς
550 1281 587 1351 τό
603 1281 680 1371 ἰρὰν
694 1284 776 1372 μήτε
789 1287 947 1373 κέραμον,
965 1283 1040 1355 ἀλλ’
1059 1288 1096 1354 ἐκ

88 1387 253 1472 χυτρίδων
275 1385 460 1470 ἐπιχωρίων
477 1382 585 1469 νόμον
604 1379 643 1450 τό
658 1379 780 1451 λοιπόν
800 1381 923 1454 αὐτόθι
939 1383 1025 1453 εἰναι
1039 1393 1096 1453 πί-

89 1508 169 1551 νειν.
212 1478 370 1568 Ἀργείων
386 1481 448 1568 μέν
462 1505 529 1548 ννν
545 1482 601 1548 καὶ
613 1484 823 1567 Αἰγινητέων
836 1487 873 1550 αἰ
884 1497 1042 1568 γυναῖκες
1058 1485 1096 1552 έκ

84 1581 159 1649 τότε
180 1579 263 1650 ’κατ’
296 1588 368 1670 ἔριν
400 1587 469 1650 τοῖν
507 1580 699 1670 Ἀθηναίων
707 1581 855 1668 περόνας
865 1587 914 1652 ἔτι
924 1584 981 1652 καὶ
991 1585 1024 1662 ές
1038 1583 1095 1670 ἐμὲ

88 1680 233 1769 ἐφόρεον
248 1678 420 1770 μέζοναςή
435 1679 500 1769 πρὸ
515 1688 587 1750 τοῦ.

173 1784 291 1871 Τῆς-δὲ
308 1790 430 1871 ἔχθρης
444 1790 502 1869 τής
515 1778 599 1868 πρδς
614 1780 796 1868 Αἰγινήτας
812 1777 1020 1867 Ἀθηναίοισι
1034 1805 1094 1866 γε-
1107 1789 1143 1844 89

81 1886 230 1971 ,νομένης
241 1880 323 1971 ἀρχή
334 1880 552 1971 κατάεἰρηται
563 1883 702 1969 ἐγένετο.
719 1881 794 1948 τότε
805 1878 1012 1970 δήΘηβαίων
1022 1883 1096 1950 ἐπι-

88 1985 300 2068 καλεομένων
311 1981 496 2067 προθύμως
505 1986 575 2048 τῶν
583 1981 659 2067 περὶ
669 1975 709 2047 τά
718 1976 892 2065 ἀγάλματα
902 1982 1096 2066 γενομένων

87 2078 418 2167 ἀναμιμνησκόμενοι
433 2083 647 2167 οἰΑἰγινήται
671 2076 821 2167 ἐβοήθεον
843 2089 1096 2150 τοίσιΒοιωτοϊ-

86 2199 129 2247 σι.
163 2183 342 2265 Αἰγινῆταί
349 2203 385 2246 τε
399 2174 440 2264 δή
453 2180 585 2265 ἐδηίουν
595 2184 653 2263 τῆς
663 2174 809 2264 Ἀττικῆς
819 2175 860 2245 τά
872 2177 1095 2265 παραθαλάσ-

85 2296 158 2363 σια,
180 2278 236 2344 καὶ
252 2272 459 2363 Ἀθηναίοισι
482 2268 699 2362 ὁρμημένοισι
726 2272 778 2343 ἐπ’
797 2276 979 2365 Αἰγινήτας
992 2297 1094 2362 στρα-

85 2376 246 2445 τεύεσθαι
259 2368 346 2463 ἦλθε
357 2376 520 2464 μαντήιον
532 2378 568 2445 ἐκ
574 2383 734 2463 Δελφῶν,
748 2376 942 2464 ἐπισχόντας
955 2375 1094 2445 ἀπὸτοῦ

85 2478 293 2562 Αἰγινητέων
304 2474 437 2545 ἀδικίου
451 2476 630 2562 τριήκοντα
641 2480 715 2542 ἔτεα
725 2480 771 2565 τῷ
783 2476 832 2542 ἑνὶ
843 2476 899 2543 καί
909 2480 1093 2563 τριηκοστῷ

85 2580 201 2666 Αἰακῷ
216 2576 351 2660 τέμενος
367 2571 591 2653 ἀποδέξαντας
602 2570 766 2659 ἀρχεσθαι
775 2580 836 2639 τοῦ
852 2570 936 2659 πρὸς
949 2573 1094 2660 Αἰγινή-

84 2699 143 2751 τας
156 2658 305 2757 πολέμόυ
319 2678 379 2740 καί
392 2690 453 2758 σφι
467 2673 634 2760 χωρήσειν
648 2668 688 2738 τά
702 2670 900 2759 βούλονται·
921 2668 966 2760 ήν
977 2671 1014 2741 δὲ
1029 2670 1094 2740 αά-

84 2778 159 2841 τίκα
179 2771 498 2860 ἐπιστρατεύωνται,
521 2769 627 2840 πολλά
650 2776 712 2857 μέν
726 2791 831 2858 σφεας
852 2774 888 2839 ἐν
902 2777 949 2864 τῷ
969 2770 1092 2860 μεταξδ

84 2878 146 2939 τοῦ
160 2870 286 2958 χρόνον
297 2878 484 2959 πείσεσθαι,
496 2868 603 2939 πολλὰ
618 2871 656 2938 δὲ
666 2873 722 2939 καὶ
731 2869 896 2958 ποιήσειν,
908 2874 1001 2949 τέλος
1012 2874 1093 2957 μέν·

83 2994 137 3037 τοι
152 2971 447 3057 καταστρέψεσθαι.
471 2974 575 3038 ταῦτα
588 2966 632 3049 ὡς
646 2965 888 3056 ἀπενειχθέντα
897 2968 1049 3056 ἥκουσαν
1061 2971 1095 3037 οἰ

81 3063 265 3154 Ἀθηναῖοι,
276 3074 322 3159 τῷ
336 3069 398 3155 μὲν
404 3075 520 3161 Αἰακῷ
531 3074 667 3157 τέμενος
677 3068 841 3151 ἀπέδεξαν
854 3078 964 3157 τοῦτο,
977 3067 1094 3138 τὰνῦν

85 3166 139 3233 ἐπὶ
153 3172 210 3252 τῆς
224 3162 347 3253 ἀγορῆς
361 3170 510 3256 ἵδρυται,
525 3168 705 3257 τριήκοντα
717 3171 753 3237 δὲ
764 3174 838 3237 ἔτεα
853 3166 917 3238 οάκ
931 3167 1093 3257 ἀνέσχον-

83 3286 122 3331 το
145 3260 377 3353 ἀκοόσαντες,
393 3264 479 3347 ὅκως
499 3266 608 3355 χρειδν
636 3279 687 3356 εἰη
709 3270 855 3355 έπισχείν
879 3271 1093 3351 πεπονθότας

83 3356 169 3449 πρὸς
178 3366 386 3450 Αἰγινητέων
396 3360 550 3453 ἀνάρσια.
580 3364 631 3446 Ἐς
647 3374 810 3455 τιμωρίην
825 3368 862 3437 δὲ
877 3390 1091 3457 παρασκευα-
1107 3372 1143 3429 90

84 3459 251 3547 ζομένοισι
263 3456 390 3530 αὐτοῖσι
402 3464 439 3532 έκ
445 3468 720 3549 Λακεδαιμονίων
732 3472 865 3553 πρῆγμα
877 3470 1092 3557 ἐγειρόμενον
