2500 3925
163 217 225 283 168
539 229 791 290 HERODOTI

164 367 416 472 ἁμαξευομένην
438 392 566 475 πᾶσαν,
580 387 846 460 ἐνδεέατοῦτων.
875 391 941 462 ἀπό
958 392 1023 482 γάρ
1044 393 1168 462 τοῦτον

161 486 224 547 τοῦ
243 481 370 568 χρόνον
384 492 555 572 Αἴγυπτος
574 488 677 553 ἐοῦσα
691 485 807 567 πεδιάς
832 497 922 560 πᾶσα
943 490 1088 570 άνιππος
1107 491 1167 558 ’καὶ

163 577 389 666 ἀναμάξευτος
404 586 539 670 γέγονε·
560 594 663 663 αἴτιαι
683 585 720 653 δὲ
735 586 865 656 τούτων
881 593 918 658 αί
931 591 1094 677 διώρυχες
1110 614 1167 676 γε·

161 679 281 763 γόνασι
305 681 421 747 ἐοῦσαι
440 684 559 750 πολλαὶ
579 685 636 751 καὶ
655 693 835 766 παντοίους
854 687 1000 775 τρόπους
1020 693 1165 774 ἔχουσαι.

161 779 343 862 κατέταμνε
354 775 391 845 δδ
403 783 550 846 τοῦδε”
517 805 647 848 εινεκεν
660 780 722 869 τήν
735 784 849 872 χάρην
863 813 881 855 ο
869 784 1069 874 ’βασιλεῦς
1092 782 1166 852 ὅσοι

161 880 230 941 τῶν
244 875 497 959 Αίγνπτίων
455 902 500 964 μη
524 880 578 946 ἐπὶ
602 887 648 969 τῷ
673 887 810 971 ποταμώ
831 881 1031 951 κεκτέατο
993 908 1052 962 τας
1070 883 1166 960 πόλις

161 969 235 1041 ἀλλ’
252 969 527 1062 ἀναμέσους,
484 1002 595 1064 ουτοι,
613 976 700 1058 ὅκως
714 1005 750 1048 τε
764 975 886 1048 ἀπίοι’
871 1007 889 1048 ο
905 980 1064 1068 ποταμός,
1078 999 1167 1049 σπα-

159 1079 304 1153 νίζοντες
316 1071 452 1143 ὑδάτων
461 1081 694 1166 πλατυτέροισι
708 1081 860 1167 ἐχρέοντο
874 1095 960 1149 τοῖσι
974 1081 1166 1166 πόμασι,κ
1130 1081 1166 1148 ἐκ

159 1171 316 1260 φρεάτων
334 1175 517 1261 χρεόμενοι.
545 1178 675 1245 τούτων
689 1177 751 1264 μὲν
766 1174 807 1265 δή
823 1182 951 1246 εἵνεκεν
972 1178 1166 1265 κατετμήθη

93 1270 178 1360 ιρςή
207 1281 385 1358 Αἴγυπτος.
436 1282 642 1362 Κατανεῑμαι
667 1275 704 1344 δὲ
728 1272 791 1362 τήν
811 1276 924 1363 χόρην
949 1283 1167 1362 Αἰγυπτίοισι

158 1371 263 1440 ἀπασι
276 1380 399 1442 τοῦτον
413 1379 530 1461 ἐλεγον
551 1374 613 1444 τόν
629 1379 782 1463 βασιλέα,
804 1382 930 1463 κλήρων
947 1386 1023 1446 ίσον
1037 1376 1166 1465 ἑκάστῳ
1237 1433 1238 1438 ,

158 1474 371 1562 τετράγωνον
395 1475 550 1562 διδόντα,
579 1479 635 1545 καλ
659 1474 725 1545 ἀπό
748 1477 871 1546 τούτου
890 1475 950 1556 τάς
974 1475 1167 1564 προσόδους

158 1570 380 1659 ποιήσασθαι,
403 1573 600 1653 ἐπιτάξαντα
615 1571 794 1663 ἀποφορὴν
809 1575 987 1644 ἐπιτελέειν
1002 1571 1075 1642 κατ’
1094 1575 1166 1642 ένι-

158 1668 272 1737 αυτόν.
297 1675 329 1738 εί
342 1672 382 1738 δέ
397 1696 488 1749 τινος
508 1678 569 1739 τοῦ
584 1673 714 1758 κλήρου
732 1670 752 1739 ό
767 1671 913 1760 ποταμός
926 1699 958 1740 τι
973 1672 1164 1758 παρέλοιτο,

157 1767 270 1838 ἐλθόν
292 1765 336 1839 ἀν
355 1768 440 1859 πρός
456 1769 562 1840 αότδν
575 1774 736 1860 ἐσήμαινε
754 1772 792 1843 τὸ
814 1777 1055 1863 γεγενημένον·
1089 1770 1108 1842 ὁ
1128 1774 1165 1840 δέ

156 1877 282 1958 ἔπεμπε
295 1870 375 1952 τοῦς
389 1875 672 1962 ἐπισκεψομένους
688 1878 743 1944 καὶ
764 1873 1070 1962 ἀναμετρήσοντας,
1094 1869 1165 1962 ὅσω

156 1971 308 2039 ἐλάσσων
325 1969 463 2058 όχῦρος
477 1974 611 2060 γέγονε,
634 1972 720 2053 όκως
734 1980 796 2042 τοῦ
816 1978 937 2042 λοιποῦ
951 1966 1036 2039 κατὰ
1057 1968 1165 2056 λόγον
1236 1996 1239 2063 ρ

154 2073 213 2153 τῆς
222 2070 422 2155 τεταγμένης
432 2067 607 2157 ἀποφορῆς
616 2077 732 2141 τελέοι.
756 2073 863 2140 δοκέει
878 2074 917 2139 δέ
927 2096 984 2157 μοι
998 2072 1166 2138 ἐνθεῦτεν
1238 2154 1239 2159 ¹

93 2178 98 2184 '
154 2173 337 2253 γεωμετρίη
353 2164 532 2252 εὑρεθεῖσα
546 2172 580 2248 ἐς
593 2168 656 2258 τήν
665 2169 806 2241 Ἐλλάδα
820 2174 1029 2239 ἐπανελθεῖν.
1053 2168 1166 2237 πόλον
1238 2190 1239 2257 ρ

153 2263 270 2348 μὲν
153 2290 295 2349 μγαρ
309 2268 365 2334 καὶ
378 2265 539 2353 γνόμονα
553 2268 659 2338 καὶ
621 2294 662 2337 τα
678 2270 831 2339 δυόδεκα
845 2272 946 2354 μέρεα
960 2275 1019 2352 τῆς
1038 2264 1164 2355 ἡμέρης
1238 2326 1239 2361 ;

153 2360 245 2450 παρά
258 2370 487 2450 Βαβυλωνίων
501 2372 632 2452 ἔμαθον
646 2366 703 2437 οί”
695 2376 852 2453 Ελληνες.

90 2475 137 2528 110
235 2457 399 2540 Βασιλεὺς
419 2465 482 2548 μὲν
502 2461 544 2551 δή
566 2490 665 2544 ουτος
686 2472 811 2553 μοῦνος
831 2464 1015 2551 Αίγύπτιος
1035 2468 1164 2533 -Αδθιο-

151 2565 227 2644 πίης
241 2552 337 2646 ήρξε,
360 2561 610 2648 μνημόσυναδέ
632 2566 760 2632 ἐλίπετο
781 2558 846 2650 πρό
861 2567 922 2629 τοῦ
939 2558 1164 2646 Ηφαιστείου

150 2652 355 2743 ἀνδριάντας
366 2665 522 2737 λιθίνους
555 2660 618 2729 δόο
632 2662 695 2747 μὲν
708 2661 886 2748 τριήκοντα
900 2662 1091 2751 πηχέων,’
1073 2685 1163 2728 εωυ·

150 2752 210 2821 τόν
227 2780 263 2821 τε
282 2753 394 2823 καὶ
357 2782 420 2842 την
439 2772 601 2850 γυναῖκα,
621 2756 701 2838 τοῦς
722 2758 758 2825 δὲ
773 2761 892 2837 παῖδας
907 2755 1025 2835 ἐόντας
1044 2760 1162 2825 τέσσε-

149 2876 225 2936 ρας,
249 2860 354 2920 είκοσι
369 2858 501 2941 πηχέων
515 2858 665 2925 ἕκαστον.
687 2862 755 2924 τόν
770 2853 811 2943 δή
826 2850 949 2942 όίρεός
962 2862 1026 2923 τοῦ
1035 2853 1161 2941 Ἡφαί-

148 2964 230 3014 στου
244 2946 355 3039 χρόνμ
379 2954 570 3035 μετέπειτεν
586 2960 699 3045 πολλῷ
713 2965 862 3041 Δαρεῖον
878 2950 939 3020 τόν
952 2956 1094 3040 Πέρσην
1117 2949 1160 3021 οῦ

147 3050 295 3132 περιεῖδε
309 3047 446 3116 ἱστάντα
467 3055 661 3137 ἔμπροσθεν
675 3022 876 3140 ἀνδριάντα,
900 3047 967 3129 ωάς
984 3048 1028 3117 οὔ
1048 3054 1083 3119 οἰ
1096 3074 1160 3119 πε-

146 3146 310 3227 ποιῆσθαι
330 3148 412 3230 ἔργα
449 3142 570 3234 οἷάπερ
589 3149 763 3236 Σεσόστρι
788 3176 833 3240 τω
819 3153 1037 3237 Αῦγυπτίῳ.
1088 3152 1161 3217 Σέ·

146 3256 293 3322 σωστρτν
312 3242 375 3324 μέν
398 3239 464 3328 γὰρ
485 3241 570 3313 ἀλλα
593 3272 629 3313 τε
650 3220 941 3336 καταστρέάγασθαι
964 3250 1071 3314 ἔθνεα
1093 3245 1160 3317 οὐκ

146 3332 276 3402 ἐλάσσω
292 3337 424 3406 ἐκείνου
438 3342 493 3409 καὶ
508 3339 549 3428 δή
563 3345 619 3411 καὶ
629 3346 788 3432 Σκύθας,
810 3355 958 3429 Δαρεῖον
973 3344 1011 3413 δέ
1035 3370 1078 3413 ου
1067 3342 1161 3415 ’δυ-

143 3440 314 3519 νασθῆναι
327 3436 470 3515 Σκόθας
492 3440 586 3507 ἕλεϊν.
619 3439 682 3509 οὐκ
704 3436 752 3510 τόν
767 3446 898 3511 δίκαιον
913 3438 999 3509 εἶναι
1020 3442 1157 3511 ἱστάναι

1112 3670 1130 3713 Χ
