2500 3925
311 210 399 267 LIB.
429 209 486 267 vn.
522 210 622 266 cAP.
657 212 834 273 226-233.
1022 208 1082 273 221

82 367 157 448 ιοός
174 373 398 456 μαχομένους,
418 364 506 446 όκως
526 368 563 435 δὲ
577 364 683 436 αὐτόν
702 366 822 457 ἤγαγε,
843 373 905 443 τὸν
922 370 985 457 μὲν
1001 365 1083 455 ἀγα-

79 470 182 555 γόντα
198 477 349 555 οίχεσθαι
365 467 554 554 φεύγοντα,
568 464 629 533 τόν
644 466 679 535 δὲ
698 469 879 537 ἐσπεσόντα
890 471 923 548 ές
933 468 992 537 τόν
1007 463 1081 551 ὅμι-

78 577 140 637 λον
153 572 400 656 διαφθαρῆναι,
418 564 658 654 Ἀριστόδημον
679 568 715 635 δὲ
732 571 993 653 λειποψυχίοντα
1013 576 1082 637 λει·

79 673 219 754 φθῆναι.
244 671 276 734 εί
287 669 349 753 μέν
360 692 426 734 νυν
439 658 483 753 ἦν
497 671 629 752 μοῦνον
639 661 878 752 Ἀριστόδημον
891 661 1083 753 ἀλγήσαντα

77 764 303 853 ἀπονοστῆσαι
316 768 350 845 ἐς
359 765 540 851 Σπάρτην,
554 758 642 850 ήκαί
653 758 740 849 ὁμοῦ
755 783 868 849 σφεων
883 760 1082 851 ἀμφοτέρων

76 861 140 951 τήν
152 860 296 951 κομιδήν
313 868 491 950 γενέσθαι,
513 865 643 931 δοκέειν
658 863 729 949 έμοί
745 859 808 930 οόκ
823 859 867 931 ἀν
887 881 947 949 σφι
962 872 1082 950 Σπαρ-

76 959 188 1046 τιήτας
201 966 304 1047 μῆνιν
314 958 475 1046 οὐδεμίαν
484 961 715 1047 προσθέσθαι,
735 961 814 1027 νυνὶ
826 960 862 1027 δὲ
872 965 933 1025 τοῦ
943 959 1006 1045 μὲν
1018 955 1081 1026 αό-

76 1064 144 1150 τάυ
160 1055 389 1146 ἀπολομένου,
406 1064 468 1127 τοῦ
484 1058 521 1126 δέ
540 1064 602 1144 ’τῆς
620 1056 682 1144 μὲν
704 1053 806 1143 αὐτῆς
822 1058 981 1145 ίχομένου
995 1082 1081 1142 προ-

77 1154 215 1242 φάσιος,
235 1153 298 1223 οόκ
315 1158 538 1245 ἐθελήσαντος
557 1154 594 1223 δέ
613 1153 863 1242 ἀποθνήσκειν,
891 1153 1080 1242 ἀναγκαίως

76 1275 136 1341 σφι
148 1260 235 1341 ἔχειν
245 1270 382 1341 μηνῖσαι
392 1255 545 1343 μεγάλως
555 1251 790 1344 Ἀριστοδήμῳ.
815 1258 860 1323 Οί
868 1258 930 1339 μέν
942 1279 1008 1321 νυν
1018 1250 1081 1319 οό-
1097 1268 1150 1323 2³0

75 1378 122 1419 τω
142 1357 296 1438 σωθῆναι
315 1354 451 1439 λέγουσι
467 1351 706 1439 Ἀριστόδημον
724 1353 757 1430 ές
771 1349 933 1438 Σπάρτην
953 1354 1008 1419 καὶ
1025 1348 1080 1419 διά

75 1450 248 1538 πρόφασιν
258 1450 403 1540 τοιήνδε,
412 1456 445 1520 οί
454 1452 490 1519 δὲ
500 1449 645 1537 ἄγγελον
654 1453 852 1537 πεμφθέντα
862 1452 898 1517 έκ
909 1456 1081 1537 τοῦστρα-

78 1553 237 1635 τοπέδου,
252 1547 346 1630 έξεδν
360 1547 451 1642 αὐτῷ
464 1556 665 1636 καταλαβεῖν
681 1547 744 1635 τήν
763 1546 873 1635 μάχην
885 1550 1079 1635 γινομένην,

76 1647 141 1718 οὐκ
152 1652 321 1737 ἐθελήσαι,
333 1646 407 1719 ἀλλ’
417 1646 645 1735 ὑπομείναντα
656 1650 693 1717 έν
703 1653 743 1737 τῇ
754 1644 822 1738 ὁδῷ
831 1649 1079 1736 περιγενέσθαι,

75 1746 136 1816 τόν
151 1748 187 1816 δὲ
202 1748 413 1835 συνάγγελον
423 1745 530 1816 αι’ποῦ
540 1746 748 1834 ἀπικόμενον
758 1750 792 1827 ές
802 1745 864 1835 τήν
874 1748 984 1835 μάχην
995 1744 1080 1815 ἀπο·

76 1858 205 1915 θανεῖν.
223 1843 469 1935 Ἀπονοστήσας
479 1849 516 1916 δὲ
527 1850 560 1927 ές
571 1842 831 1933 Λακεδαίμοναὸ
847 1843 1081 1935 Ἀριστόδημος
1096 1864 1144 1920 231

77 1944 206 2025 όνειδός
219 1973 255 2014 τε
270 1943 334 2033 εἶχε
347 1948 403 2016 καί
417 1942 567 2032 ἀτιμίην·
588 1944 726 2033 πάσχων
740 1946 775 2015 δὲ
790 1945 903 2015 τοιάδε
918 1942 1078 2034 ἠτίμωτο·

75 2041 153 2111 οὔτε
174 2047 208 2112 ολ
220 2052 289 2132 πῦρ
310 2042 420 2123 οὐδεὶς
435 2049 535 2113 έναυε
549 2047 788 2133 Σπαρτιητέων
808 2045 886 2114 οὔτε
904 2051 1078 2133 διελέγετο,

74 2140 205 2221 όνειδός
221 2168 257 2210 τε
274 2141 339 2228 εἶχε
357 2141 376 2211 ὁ
392 2146 509 2231 τρέσας
519 2140 755 2232 Ἀριστόδημος
769 2144 978 2232 καλεόμενος.
1002 2143 1076 2215 ἀλλ’

73 2239 92 2310 ό
107 2242 171 2329 μὲν
185 2243 223 2310 έν
236 2248 276 2329 τῇ
289 2244 327 2309 ἐν
343 2250 528 2332 Πλαταιῇσι
541 2243 630 2333 μάχη
645 2242 785 2333 ἀνέλαβε
799 2252 911 2315 πᾶσαν
924 2244 986 2333 τήν
1001 2249 1078 2316 ἐπε-

73 2341 266 2427 υειχθεῖσάν
277 2346 311 2409 οί
319 2346 438 2428 αἰτίην.
457 2343 596 2428 Λέγεται
608 2343 645 2412 δέ
656 2345 711 2412 καί
721 2341 826 2412 ἀλλον
836 2339 1079 2432 ἀποπεμφθέν-
1095 2363 1146 2418 ωδε

76 2469 115 2510 τα
130 2441 274 2529 ἀγγελον
289 2445 322 2520 ές
336 2449 524 2530 Θεσσαλίην
536 2451 604 2512 τῶν
619 2452 819 2532 τριηκοσίων
836 2446 966 2513 τούτων
980 2470 1078 2532 περν-

73 2543 245 2627 γενέσθαι,
252 2546 298 2631 τῷ
307 2539 437 2626 οὕνομα
448 2538 533 2630 ,εἶναι
539 2548 724 2629 Παντίτην·
737 2542 943 2628 νοστήσαντα
955 2544 1077 2608 δὲτοῦ-

73 2665 135 2705 τον
144 2640 178 2719 ές
184 2637 357 2726 Σπάρτην,
370 2635 414 2718 ὡς
424 2636 577 2726 ἠτίμωτο,
588 2637 810 2725 ἀπάγξασθαι.
828 2644 872 2708 οί
881 2639 1076 2727 δὲθηβαίοι,
1093 2658 1146 2712 233

73 2743 143 2805 τόν
156 2733 174 2804 ὁ
187 2737 391 2822 Λεοντιάδης
401 2735 612 2826 ἐστρατήγεε,
626 2739 707 2817 τέως
720 2741 782 2824 μέν
792 2736 873 2824 μετά
884 2743 952 2806 τόν
961 2736 1078 2824 Ἑλλή-

75 2861 145 2902 νων
159 2834 270 2913 ἐόντες
287 2833 447 2922 ἐμάχοντο
465 2832 525 2903 ὑπ’
545 2834 728 2923 ἀναγκαίης
747 2835 897 2922 ἐχόμενοι
916 2834 1002 2921 πρδς
1015 2833 1076 2924 τήν

73 2935 226 3021 βασιλέος
240 2933 415 3022 στρατιήν,
438 2931 483 3014 ὡς
497 2935 533 3003 δέ
554 2933 646 3004 είδου
665 2939 891 3022 κατυπέρτερα
905 2942 973 3003 τῶν
986 2943 1077 3020 Περ-

73 3037 161 3102 σέων
174 3031 335 3119 γινόμενα
348 3031 389 3101 τά
404 3034 598 3122 πρήγματα,
612 3032 702 3102 οὕτω
714 3031 754 3121 δή
766 3042 833 3102 τῶν
848 3033 914 3101 σδυ
924 3039 1077 3124 Λεωνίδη

75 3132 238 3219 Ελλήνων
253 3135 477 3219 ἐπειγομένων
497 3133 550 3201 ἐπὶ
571 3131 631 3201 τόν
651 3130 803 3200 κολωνόν
820 3128 1077 3218 ἀποσχισθέντες

74 3230 203 3298 τούτων
217 3230 328 3317 χεῖράς
341 3256 376 3298 τε
391 3234 585 3317 προέτεινον
601 3232 656 3298 καί
672 3229 772 3316 ήισαν
787 3223 893 3297 ἀσσον
908 3237 976 3298 τῶν
992 3238 1078 3318 βαρ-

72 3331 207 3417 βάρων,
227 3331 380 3417 λέγοντες
400 3326 460 3396 τόν
479 3327 708 3416 ἀληθέστατον
728 3336 796 3396 τῶν
810 3328 938 3417 λόγων,
964 3326 1008 3408 ἀς
1022 3331 1077 3398 καί

72 3434 243 3517 μηδίζουσι
260 3433 314 3497 καί
327 3436 394 3517 γῆν
403 3455 439 3498 τε
448 3431 505 3497 καὶ
515 3428 606 3517 ὕδωρ
620 3431 657 3497 ἐν
669 3428 829 3515 πράτοισι
845 3431 965 3495 ἔδοσαν
979 3435 1076 3514 βασι-
