2500 3925
182 216 265 283 σου
582 196 883 283 mmmmm*

202 386 240 451 ἐκ
258 386 316 471 τής
329 382 452 470 Σάμου
466 384 613 467 κατῆλθε
626 380 661 457 ἐς
679 373 743 465 τήν
755 375 938 465 Κυρήνην,
960 379 1017 447 καί
1030 379 1204 468 έπικρατή

203 503 263 561 σας
277 487 346 549 τάν
360 477 567 569 πρηγμάτων
585 484 648 545 τοῦ
663 482 829 564 μαντηίου
843 472 907 545 οόκ
921 478 1105 565 ἐμέμνητο,
1126 475 1207 547 ἀλλά

202 583 297 659 δίκας
309 576 389 659 τούς
406 574 664 655 ἀντιστασιώτας
678 584 767 644 αλτεε
780 582 839 662 τῆς
856 578 985 645 έωυτού
999 581 1121 664 φυγῆς.
1144 583 1208 643 τῶν

202 678 239 746 δέ
253 681 288 745 οί
299 677 363 764 μέν
375 674 413 746 τό
428 675 589 759 παράπαν
604 677 641 743 ἐκ
651 681 710 761 τῆς
718 672 829 761 χάρης
839 669 1115 762 ἀπαλλάσσοντο,
1131 671 1208 753 τούς

202 780 243 847 δέ
263 802 357 859 τινας
380 776 625 865 χειρωσάμενος
645 773 665 845 ό
682 772 896 861 Ἀρκεσίλεως
915 777 949 856 ἐς
964 776 1113 863 Κύπρου
1126 772 1208 846 ἀκέ-

201 885 308 946 στειλε
325 877 378 946 έιτί
398 881 580 967 διαφθορῇ.
603 875 745 954 τούτους
757 875 821 960 μέν
839 898 907 941 νυν
919 877 1055 943 Κνίδιοι
1072 870 1207 945 ἀπενει-

200 976 342 1062 χθέντος
363 973 447 1064 πρδς
465 973 527 1064 τήν
551 977 719 1062 σφετέρην
744 970 929 1060 ἐρρύσαντο
954 975 1012 1041 καλ
1036 975 1071 1055 ἐς
1091 973 1209 1061 Θήρην

200 1070 416 1159 ἀπέστειλαν,
437 1073 570 1159 ἑτέρους
590 1072 631 1139 δέ
643 1095 738 1149 τινας
753 1076 823 1138 τόν
837 1076 1045 1157 Κυρηναίαν
1068 1074 1103 1151 ἐς
1119 1072 1210 1156 πύρ-

199 1200 263 1261 γον
282 1174 388 1260 μέγαν
406 1169 620 1259 Ἀγλωμάχου
645 1171 902 1265 καταφυγόντας
925 1168 1098 1241 ἰδιωτικόν
1123 1171 1206 1259 ύληι

200 1270 399 1363 περινηήσας
413 1267 657 1360 όἈριιεσίλεως
672 1272 842 1357 ἐνέπρησε.
874 1268 999 1357 μαθύν
1021 1272 1059 1341 δὲ
1079 1270 1136 1341 ἐπ’
1161 1276 1203 1353 ἐξ·

200 1373 435 1457 εργασμένοισι
451 1366 488 1438 τό
505 1374 669 1459 μαντήιον
689 1366 748 1438 ἐδν
766 1376 883 1457 τούτο,
903 1367 955 1438 ότι
974 1396 1034 1456 μιν
1048 1366 1073 1457 ἡ
1087 1378 1208 1455 Πυθίη

200 1468 263 1542 οόιι
278 1477 316 1540 ἐα
328 1466 471 1555 εὑρόντα
485 1473 523 1539 ἐν
537 1479 578 1561 τῇ
592 1477 722 1564 καμίνφ
737 1467 817 1550 τούς
830 1467 1004 1557 ἀμφορέας
1018 1473 1209 1557 ἐξοπτῆσαι,

199 1576 313 1657 ἐργετο
329 1567 417 1639 ἐκύν
437 1577 495 1657 τῆς
509 1576 578 1639 τῶν
592 1576 799 1658 Κυρηναίων
814 1567 948 1662 πόλιος,
972 1572 1164 1656 δειμαίνων
1176 1596 1209 1637 τε

196 1665 258 1737 τόν
273 1672 500 1756 κεχρησμένον
518 1668 673 1738 θάνατον
692 1669 749 1737 καί
769 1667 897 1736 δοκέων
909 1663 973 1753 τήν
989 1663 1209 1758 ἀμφίρρυτον

197 1769 361 1857 Κυρήνην
375 1768 469 1841 εἶναι.
493 1768 557 1857 είχε
574 1772 611 1838 δὲ
626 1783 772 1855 γυναῖκα
785 1770 950 1855 συγγενέα
966 1772 1117 1854 ε’ωυτοῦ,
1142 1780 1210 1837 θν-

196 1878 318 1957 γατέρα
339 1869 376 1939 δέ
396 1876 464 1939 τῶν
477 1874 656 1957 Βαρκαίων
675 1874 737 1936 τοῦ
750 1869 922 1956 βασιλέος,
945 1872 991 1957 τῷ
1012 1863 1152 1953 ούνομα
1169 1859 1210 1953 ἦν

193 1966 355 2060 Ἀλάζειρ·
370 1969 460 2061 παρά
470 1974 592 2040 τοῦτον
613 1965 822 2053 ἀπικνέεται,
844 1973 904 2040 καί
917 1993 976 2053 μιν
989 1973 1166 2051 Βαρκαῖοί
1178 1991 1210 2033 τε

196 2066 317 2158 ἀνδρες
332 2074 468 2142 καὶτῶν
482 2074 519 2140 ἐκ
531 2071 691 2158 Κυρήνης
701 2069 867 2157 φυγάδων
881 2069 969 2149 τινὲς
983 2070 1211 2156 καταμαθόν-

195 2193 249 2247 τες
269 2166 474 2254 ἀγοράζοντα
494 2177 677 2258 κτείνουσι,
698 2167 783 2257 πρὸς
807 2168 844 2238 δδ
867 2171 923 2238 καί
948 2166 1010 2237 τόν
1029 2168 1228 2255 πενθερόν·

195 2263 301 2337 αὐτοῦ
318 2261 496 2355 Ἀλάζειρα.
528 2267 742 2357 Ἀρκεσίλεως
767 2272 830 2357 μέν
850 2296 918 2338 νυν
938 2278 1004 2340 είτε
1024 2269 1120 2341 εἰιάυ
1149 2282 1210 2342 εἴτε

195 2363 306 2433 ἀέκων
321 2362 479 2455 ἁμαρτόν
492 2376 553 2438 τοῦ
567 2377 718 2457 χρησμοῦ
730 2371 887 2456 ἐξέπλησε
899 2382 1022 2458 μοῖραν
1037 2366 1107 2457 τήν
1124 2375 1211 2439 ἑωυ·

129 2477 178 2534 16⁵
193 2471 264 2533 τοῦ.
304 2462 347 2534 Ἡ
361 2465 397 2535 δὲ
417 2467 525 2556 μήτηρ
541 2474 723 2556 Φερετίμη,
742 2469 804 2548 ἕως
818 2464 916 2554 μὲνὸ
935 2464 1160 2554 Ἀρκεσίλεως
1176 2474 1210 2539 ἐν

192 2571 233 2653 τῇ
243 2564 360 2654 Βάρκη
374 2570 521 2636 διαιτᾶτο
535 2569 772 2656 ἐξεργασμένος
782 2571 896 2658 ἑωυτῷ
908 2564 1033 2653 κακόν,
1047 2565 1071 2656 ή
1087 2571 1132 2639 δὲ
1150 2570 1210 2657 εἶχε

79 2749 81 2754 Ι
192 2659 277 2748 αὐτή
294 2670 355 2732 τοῦ
368 2663 488 2745 παιδός
502 2663 542 2733 τά
556 2667 655 2752 γέρεα
670 2669 707 2735 ἐν
723 2666 882 2754 Κυρήνη,
906 2668 962 2734 καί
977 2658 1087 2735 τάλλα
1103 2694 1210 2756 νεμο-

193 2761 277 2847 μένη
299 2764 354 2830 καλ
374 2765 411 2830 έν
432 2770 540 2852 βουλή
559 2770 759 2850 παρίζουσα.
793 2764 902 2834 ἐπείτε
923 2765 961 2834 δὲ
982 2769 1094 2852 έμαθε
1118 2770 1161 2836 ἐν
1174 2777 1210 2856 τῇ

192 2859 309 2948 Βάρκη
323 2857 545 2930 ἀποθανόντα
560 2868 594 2931 οί
605 2861 666 2931 τόν
679 2867 799 2949 παῖδα,
822 2865 1000 2952 φεύγουσα
1017 2869 1165 2952 οίχύκεε
1179 2871 1210 2946 ἐς

190 2965 376 3043 Αἴγυπτον.
399 2951 486 3048 ἦσαν
501 2961 567 3049 γάρ
587 2968 621 3032 οί
635 2965 672 3031 ἐκ
686 2970 747 3031 τοῦ
757 2960 954 3051 Ἀρκεσίλεω
966 2960 1164 3052 εύεργεσίαι
1179 2969 1208 3044 ές

190 3059 381 3146 Καμβύσην
398 3056 459 3128 τόν
481 3062 602 3148 Κύρου
624 3063 862 3150 πεποιημέναι·
882 3053 995 3156 οὗτος
1019 3061 1089 3152 γάρ
1117 3060 1166 3154 ήν
1188 3063 1207 3132 ὁ

187 3153 415 3247 Ἀρκεσίλεως,
445 3156 482 3240 δς
502 3161 667 3249 Κυρήνην
687 3160 855 3250 Καμβύση
880 3167 984 3230 ἔδωκε
1008 3165 1067 3230 καί
1093 3165 1208 3254 φόρον

190 3257 335 3336 ἐτάξατο.
358 3255 542 3347 ἀπικομένη
558 3260 595 3330 δέ
610 3265 644 3341 ές
653 3258 862 3349 Αίγυπτονή
875 3269 1041 3350 Φερετίμη
1056 3263 1208 3353 Ἀρυάν-

190 3358 255 3423 δεω
269 3361 369 3437 ίκέτις
384 3361 488 3448 ἕζετο,
502 3369 688 3450 τιμωρῆσαι
700 3363 807 3450 ἑωυτῇ
818 3363 1023 3449 κελεύουσα,
1039 3383 1206 3452 προϊσχο-

188 3457 272 3542 μένη
283 3459 472 3548 πρόφασιν,
493 3459 538 3542 ὡς
553 3460 608 3531 διά
618 3459 680 3531 τόν
690 3458 860 3549 μηδισμὸν
872 3459 890 3531 ὁ
903 3476 980 3540 παῖς
995 3467 1029 3530 οἱ
1041 3465 1202 3550 τέθνηκε.
1221 3511 1223 3515 ψ
