2500 3925
55 268 57 273 .
165 202 225 270 356
566 201 819 261 HERODOTI

165 368 285 446 κτίζειν
299 362 412 450 γόρου
426 358 487 430 τὸν
498 366 649 447 αἰσχίονα
664 361 812 448 έλέσθαι,
828 365 860 431 εί
872 359 918 449 μή
933 353 1023 449 ήσαν
1036 362 1151 446 τυφλοί.

166 454 265 542 οὗτος
279 459 320 549 δὴ
336 455 386 530 όν
405 461 480 530 τότε
501 457 736 549 ὁΜεγόβαζος
755 458 938 549 στρατηγὸς
958 459 1107 547 λειφθεὶς
1126 458 1154 523 έν

163 569 204 651 τῇ
226 559 598 651 γοέρηἙλλησποντίων
617 558 698 639 τοῦς
715 558 760 648 μή
782 564 981 648 μηδίζοντας
995 557 1154 642 κατεστρέ-

165 685 255 745 φετο.

99 781 148 837 145
247 748 356 836 Οὗτος
372 760 435 843 μέν
451 782 519 826 νυν
535 765 641 827 ταῦτα
655 763 817 845 ἔπρησσε,
829 753 901 844 τόν
914 751 1021 823 αῦτδν
1040 754 1077 821 δὲ
1090 757 1155 819 τοῦ

163 882 224 924 τον
238 856 363 943 χρόνον
390 858 517 941 ἐγίνετο
543 858 596 925 ἐπὶ
618 856 752 944 Λιβύην
771 852 873 935 ἄλλος
893 859 1050 939 στρατιῆς
1069 854 1157 937 μέγας

164 955 281 1034 στόλος
298 951 353 1023 διὰ
370 956 559 1043 πρόφασιν,
577 954 641 1044 τήν
655 954 720 1044 έγῦ
738 954 969 1044 ἀπηγήσομαι,
985 956 1158 1040 προδιηγη-

164 1055 308 1140 σάμενος
323 1054 488 1141 πρότερον
501 1056 590 1125 τάδε.
618 1064 694 1125 Τῦν
707 1060 742 1125 έκ
757 1064 815 1143 τῆς
825 1054 965 1143 Ἀργοῦς
986 1054 1159 1142 ἐπιβατέων

162 1157 294 1221 παίδων
321 1157 436 1233 πωλδες
464 1157 677 1235 ἐξελαθέντες
711 1153 779 1223 ῦπό
805 1159 992 1240 Πελασγῶν
1027 1158 1097 1220 τῶν
1130 1152 1160 1217 έκ

163 1257 368 1338 Βραυρῶνος
384 1258 597 1341 ληισαμένων
616 1252 676 1334 τὰς
689 1252 880 1343 Ἀθηναίων
900 1266 1080 1341 γυναῖκας,
1103 1245 1160 1318 ὑπό

162 1349 293 1417 τούτων
317 1352 529 1433 ἐξελαθέντες
556 1357 593 1426 έιι
613 1354 758 1441 Λήμνου
784 1364 916 1443 ολχοντο
943 1351 1161 1431 πλόοντεςίς

163 1452 414 1538 Λακεδαίμονα,
430 1451 575 1539 ἱζόμενοι
585 1452 622 1521 δὲ
634 1454 672 1521 έν
682 1460 729 1545 τῷ
744 1454 902 1544 λἠῦγέτη)
915 1459 984 1539 πῦρ
999 1450 1161 1519 ἀνέκαιον.

163 1548 424 1634 Λακεδαιμόνιοι
445 1550 482 1619 δὲ
496 1550 625 1630 ἰδόντες
647 1550 791 1638 ἄγγελον
804 1557 970 1638 ἔπεμπον,
1001 1548 1162 1633 πευσόμε·

163 1675 236 1736 νοι,
256 1655 344 1729 τίνες
358 1676 394 1718 τε
408 1654 464 1720 καλ
479 1648 606 1722 ὁκόθεν
629 1658 708 1721 είσί·
745 1657 779 1720 ολ
796 1650 833 1720 δὲ
854 1657 900 1743 τῷ
920 1647 1050 1738 ἀγγέλῳ
1070 1652 1165 1731 elom·

163 1750 272 1816 τέοντι
286 1754 419 1839 ἔλεγον,
449 1748 494 1831 ὥς
518 1760 637 1838 εἴησαν
657 1750 720 1838 μέν
734 1748 886 1837 Μινύαι,
909 1753 1025 1826 παῖδες
1043 1746 1080 1813 δέ
1105 1740 1165 1811 εἷεν
1210 1785 1211 1842 ,

163 1853 231 1913 τῶν
252 1848 290 1914 έν
309 1856 349 1937 τῇ
369 1846 484 1936 ’Λργοῑ
503 1850 689 1919 πλωόντων
709 1847 850 1938 ἡρώων,
879 1846 1113 1935 προσσχόντας
1135 1839 1167 1907 δέ

162 1945 304 2027 τοῦτους
317 1951 351 2029 ές
366 1957 505 2038 Λήμνου
520 1958 687 2039 φυτεῦσαι
700 1952 815 2038 σφέας.
861 1954 893 2018 οἱ
909 1950 946 2017 δὲ
957 1941 1166 2033 Λακεδαιμό
1211 1968 1213 1971 ’

163 2071 231 2114 νιοι
259 2043 439 2133 ἀκηκοότες
463 2047 524 2117 τὸν
551 2050 656 2136 λόγον
676 2056 735 2136 τῆς
760 2054 878 2136 γενεῆς
900 2052 968 2115 τῶν
991 2045 1168 2125 Μινυέων,

164 2145 352 2230 πέμψαντες
371 2144 408 2213 τό
430 2148 591 2236 δεύτερον
612 2148 788 2235 είρότεον,
817 2154 852 2215 τί
865 2149 1040 2224 ἐθέλοντες
1052 2142 1169 2230 ἥκοιέν

163 2267 199 2308 τε
218 2243 252 2320 ἕν
266 2239 329 2329 τὴν
350 2244 464 2333 κόρην
485 2249 540 2315 καλ
563 2256 632 2336 πῦρ
654 2255 797 2316 αἴθοιεν.
842 2250 877 2314 οἱ
894 2247 931 2314 δέ
951 2251 1087 2332 ἔφασαν
1106 2237 1169 2310 υπὸ

163 2351 348 2430 Πελασγῶν
362 2349 583 2434 ἐκβληθέντες
596 2349 694 2436 ήκειν
707 2352 741 2428 ές
760 2345 840 2427 τοῦς
856 2351 1015 2434 πατέρας·
1039 2344 1173 2413 δικαιό-
1211 2376 1212 2433 η

162 2467 263 2510 τατον
276 2440 342 2529 γᾶρ
358 2443 443 2514 εἶναι
455 2445 545 2515 οῦτω
560 2455 662 2516 τοῦτο
675 2455 849 2535 γίνεσθαι·
876 2449 1016 2514 δέεσθαί
1028 2469 1065 2511 τε
1083 2445 1171 2510 οίιιέ-
1211 2440 1212 2523 ξ

164 2566 216 2608 ειν
232 2540 301 2628 ἅμα
317 2544 465 2613 τοῦτοισι
479 2546 604 2633 μοῑρόν
621 2572 657 2614 τε
678 2549 800 2632 τιμέων
821 2546 1012 2630 μετέχοντες
1036 2543 1096 2608 καλ
1117 2544 1174 2623 τῆς

162 2646 223 2725 γῆς
243 2638 476 2728 ἀπολαχόντες.
518 2647 814 2729 Λακεδαιμονίοισι
841 2641 878 2709 δέ
906 2644 983 2708 ἕαδε
1008 2641 1175 2707 δέκεσθαι

162 2736 242 2818 τοῦς
268 2742 407 2820 Μινύας
440 2740 493 2810 ἐπ’
523 2741 590 2812 οἷσι
614 2745 773 2812 ἐθέλουσι
807 2739 917 2810 αῦτοί.
956 2740 1106 2826 μάλιστα
1142 2737 1178 2806 δὲ

163 2845 264 2930 ἐνῆγέ
282 2864 386 2930 σφεας
409 2841 492 2911 ὥστε
515 2847 642 2912 ποιέειν
670 2850 775 2912 ταῦτα
795 2849 864 2910 τῶν
888 2843 1134 2926 Τυνδαριδέων
1156 2833 1176 2922 ἡ

162 2950 315 3031 ναυτιλίη
333 2947 370 3012 έν
392 2951 431 3032 τῇ
445 2941 566 3030 Ἀργοῖ.
605 2946 781 3032 δεξόμενοι
801 2947 838 3012 δὲ
855 2939 935 3020 τοῦς
949 2941 1093 3020 Μινῦας
1115 2946 1180 3027 γῆς

161 3069 196 3110 τε
217 3048 399 3130 μετέδοσαν
425 3046 480 3111 καὶ
505 3045 538 3122 ές
560 3042 672 3129 φυλὰς
691 3039 898 3112 διεδάσαντο.
936 3043 971 3107 οί
991 3039 1028 3106 δὲ
1048 3035 1180 3105 αὐτίκα

160 3141 223 3226 μὲν
237 3143 367 3229 γάμους
382 3149 527 3230 ἔγημαν,
545 3142 604 3222 τὰς
619 3145 656 3211 δὲ
670 3145 708 3211 έκ
721 3143 864 3231 Λήμνου
873 3137 996 3228 ἤγοντο
1013 3139 1183 3219 ἐξέδοσαν

105 3250 153 3304 146
169 3237 308 3308 ἄλλοισι.
353 3242 491 3325 Χρόνου
503 3243 540 3308 δὲ
554 3239 596 3309 οῦ
613 3249 742 3311 πολλοῦ
758 3239 992 3322 διεξελθόντος
1005 3237 1137 3306 αὐτίκα
1150 3243 1185 3303 οἰ

162 3337 295 3402 Μινύαι
313 3338 510 3433 έξῦβρισαν,
540 3346 598 3425 τῆς
617 3366 654 3406 τε
675 3346 850 3427 βασιληίης
872 3341 1104 3426 μεταιτέοντες
1123 3339 1187 3405 καὶ

160 3433 243 3500 όλλα
269 3443 442 3514 ποιεῦντες
467 3435 530 3504 οῦκ
559 3435 645 3506 ὅσια.
689 3451 776 3505 τοῖσι
796 3430 847 3505 οῦν
868 3440 1181 3522 Λακεδαιμονίοισι
