2500 3925
183 235 245 301 308
555 238 806 298 HERODOTI

180 404 297 487 έλεχον
316 399 382 489 μὰρ
398 427 443 469 αν
463 427 517 469 και
508 400 689 485 Σκύθαι,
713 396 757 479 ὡς
773 400 849 486 περὶ
870 403 940 466 τῶν
958 392 1173 484 μουνοφθάλ

180 524 253 586 μων
268 504 411 586 λέγουσι.
437 498 511 570 ἀλλ’
529 497 676 589 Ἡσιόόφ
697 501 759 584 μέν
780 499 937 584 έστιπερλ
973 490 1173 579 Ὑπερβορία

180 600 353 685 εἰρημένα,
376 604 442 667 έστι
465 597 502 667 δέ
523 601 579 667 καί
592 596 726 688 Ὁμήρφ
746 601 784 664 έν
795 594 1014 681 Ἐπιγόνοισι,
1037 595 1070 659 εί
1084 584 1165 676 δὴ
1137 591 1175 653 τό

128 709 162 763 ³3
183 698 271 768 ἐόντι
287 725 326 785 γε
332 696 477 786 ’Όμηρος
490 702 595 766 ταῦτα
613 695 655 765 τὰ
679 701 759 764 έπεα
779 697 920 779 έποίησε.
963 693 1090 778 Πολλῷ
1104 688 1141 753 δέ
1150 710 1175 751 τι

182 806 318 867 πλείστα
333 798 409 884 περὶ
423 795 536 865 αὐτῶν
553 796 674 915 Δηλιοι
690 797 841 880 λέγουσι,
857 790 1003 877 φάμενοι
1018 790 1079 870 ιρα
1066 783 1178 851 ένόε-

183 900 305 981 θεμένα
315 897 353 963 έν
363 896 495 985 καλάμη
506 901 626 979 πυρῶν
640 898 673 975 έξ
681 892 912 980 Ὑπερβορέων
921 885 1098 975 φερόμενα
1108 880 1178 949 άπι

180 995 340 1062 κνέεσθόιι
356 996 389 1073 ές
404 994 564 1083 Σκύθας,
587 991 653 1062 άπο
642 990 706 1061 δὲ
719 992 888 1062 Σκυθέων
901 987 966 1077 ἤδη
980 988 1180 1110 βεκομένονς

181 1092 244 1159 αίελ
258 1086 337 1170 τούς
351 1091 603 1181 πλησιοχώρους
617 1093 777 1170 ἑκάστους
787 1095 934 1177 κομίζειν
947 1083 1033 1157 αύτα
1049 1082 1089 1154 τό
1105 1077 1180 1169 πρὸς

181 1190 319 1275 ἑσπέρης
343 1190 510 1259 ἑκαστάτω
532 1194 585 1260 έπλ
606 1188 668 1259 τόν
679 1188 772 1277 ’ίΑδρ
769 1215 829 1276 ην,
856 1190 1019 1257 ἐνθεῦτεν
1041 1184 1083 1251 δὲ
1105 1176 1182 1267 πρὸς

179 1294 389 1376 μεσαμβρίην
408 1290 673 1414 προπεμπόμενα
693 1314 848 1378 πρωτους
864 1292 1100 1363 Δωδωναίους
1114 1279 1182 1348 Ιίλ-

178 1385 293 1473 λήνων
313 1388 529 1477 όέκεσθαι,’
510 1388 575 1458 απὸ
600 1393 638 1459 66
659 1390 790 1459 τούτων
812 1395 1030 1476 καταβαίνειν
1052 1386 1110 1453 ἐπὶ
1129 1378 1184 1449 τὸν

179 1489 315 1570 Μηλιέα
336 1486 464 1557 κόλπον
485 1492 540 1557 καί
562 1488 827 1577 διαπορεύεσθαι
844 1489 878 1566 ές
891 1483 1064 1572 Εὔβοιαν,
1087 1480 1183 1549 πόλιν

88 1586 90 1591 ’
178 1611 214 1653 τε
228 1588 261 1663 ές
275 1585 375 1655 πόλιν
390 1590 533 1676 πέμπειν
547 1594 642 1678 μέχρι
652 1588 852 1676 Καρύστου,
873 1578 912 1654 τό
927 1582 960 1653 6'
979 1580 1048 1651 άπὸ
1064 1579 1186 1664 ταύτης

179 1688 326 1755 έκλιπείν
341 1685 503 1777 Ἄνδρον·
525 1697 737 1777 Καρυστίους
750 1684 816 1776 μὰρ
834 1684 921 1755 εἶναι
935 1681 1016 1763 τούς
1030 1688 1184 1769 260me-

177 1812 236 1866 τας
250 1789 283 1867 ές
300 1795 428 1876 Τῆνον,
453 1796 596 1878 Τηνίους
617 1790 654 1860 δέ
676 1792 709 1869 ές
725 1794 852 1876 Δῆλον.
882 1782 1113 1854 ἀπικνέεσθαι
1129 1783 1188 1867 μέν

177 1910 243 1953 νυν
257 1892 361 1953 ταῦτα
381 1884 422 1955 τά
444 1886 500 1973 ίρά
521 1887 610 1957 οὕτω
631 1892 767 1977 λέγουσι
787 1888 821 1966 ές
836 1892 971 2005 Δηλον,
992 1888 1135 1972 πρῶτον
1155 1876 1187 1944 δε

177 1981 255 2062 τούς
266 1983 505 2073 Ὑπερβορέους
515 1992 643 2074 πέμψαι
659 1987 830 2076 φερούσας
845 2011 885 2053 τα
874 1980 955 2069 ἱρά
967 1981 1033 2051 δύο
1049 1980 1189 2064 κούρας,

176 2080 235 2160 τὰς
252 2082 476 2170 ούνομάζουσι
493 2087 615 2173 Δήλιοι
637 2086 722 2157 εἶναι
733 2085 917 2173 Ὑπερόχην
932 2109 969 2151 τε
990 2084 1049 2150 καί
1063 2082 1191 2149 Λαοδί-

176 2205 256 2265 κην·
289 2179 358 2265 άμα
384 2182 421 2250 δέ
448 2180 566 2273 αύτῇοι
591 2185 774 2274 ἀσφαλείης
797 2188 928 2253 εἵνεκεν
952 2183 1086 2269 πέμψαι
1112 2173 1193 2253 τούς

170 2274 410 2365 Ὑπερβορέους
430 2288 499 2350 τῶν
518 2282 630 2353 ιἰστῶν
651 2285 778 2375 ἄνδρας
804 2287 905 2354 πέντε
926 2277 1090 2370 πομπούς
1111 2275 1194 2346 τού-

175 2401 254 2454 τους
261 2427 271 2462 ι
293 2383 328 2444 Οἳ
346 2384 410 2446 νῦν
424 2387 613 2471 Περφερέες
635 2390 828 2471 καλέονται,
851 2380 952 2470 τιμάς
975 2379 1134 2469 μεγάλας
1160 2378 1195 2442 έν

175 2473 278 2564 Δήλῳ
292 2480 430 2559 ἔχοντες
466 2485 537 2553 ἐπεὶ
571 2485 608 2552 δὲ
638 2498 723 2552 τοῖσι
733 2481 985 2571 Ὑπερβορέοισι
1006 2478 1092 2559 τούς
1106 2476 1193 2546 άπο-
1220 2562 1222 2573 Ι

177 2580 392 2658 πεμφθέντας
406 2572 562 2646 οπίσω
523 2605 586 2650 ουκ
597 2579 827 2670 απονοοτεειν,
839 2577 937 2650 όεινα
948 2582 1198 2666 ποιευμένους
1220 2576 1222 2617 ¹

177 2676 210 2734 εί
220 2687 325 2754 σφεας
338 2696 359 2736 α
361 2674 402 2740 λεὶ
416 2679 664 2765 καταλάμψεται
680 2679 947 2802 ἀπρστέλλοντας
963 2705 1010 2765 μη
998 2674 1199 2744 ἆποθέκε-
1189 2624 1222 2759 Ι

176 2773 274 2851 σθαι,
296 2763 384 2832 οὕτω
400 2768 440 2855 όη
457 2777 620 2859 φέροντας
636 2781 670 2857 ές
683 2778 762 2860 τούς
777 2779 904 2867 ούρους
919 2805 962 2846 τα
948 2773 1041 2863 ίρα
1058 2778 1201 2844 ένδεδε-
1220 2768 1222 2809 ¹

175 2864 259 2945 μένα
276 2865 313 2928 ἕν
327 2873 445 2948 πυρῶν
465 2872 596 2961 καλάμη
611 2890 680 2956 τοις
701 2877 948 2999 πλησιοχώροις
970 2875 1201 2963 έπισκηπτειν
1220 2814 1222 2943 6

174 2957 372 3038 κδόδυθντας
383 2969 592 3051 προπέμπειν
603 2977 689 3058 σφέα
700 2973 766 3042 άπό
779 3001 919 3042 εωυτων
930 2979 965 3054 ές
977 2973 1066 3044 ἄλλο
1079 2979 1203 3050 ἔθνος.

174 3060 229 3123 καὶ
243 3062 345 3124 ταῦτα
356 3061 472 3143 μέν”
431 3087 518 3131 ουτω
530 3072 792 3159 προπεμπόμενα
809 3071 1043 3142 ἀπικνέεσθαι
1055 3074 1202 3158 λέγουσι

174 3155 207 3228 ές
221 3159 353 3240 Δῆλον·
378 3155 451 3226 οἶδα
466 3161 558 3229 δέ’
516 3164 616 3246 αυτὸς
629 3172 778 3240 τούτοισι
791 3187 879 3242 τοῖσι
894 3179 1003 3295 ίροβσι
1017 3174 1099 3242 τόθι
1114 3197 1207 3239 ποι

174 3248 317 3332 εύμένθν
338 3257 607 3345 προσφερὲς,
570 3290 628 3342 τας
647 3275 808 3355 Θρηικίας
832 3274 890 3340 καὶ
916 3269 981 3351 τὰς
1001 3275 1207 3349 Παιονίδας

172 3357 275 3426 ίυναῑ
274 3369 349 3433 καί,
373 3351 475 3420 έπεοὶν
488 3355 600 3426 θύωσι
614 3387 654 3448 τη
672 3361 837 3452 Ἀρτέμιδι
856 3396 898 3458 τη
883 3373 1105 3496 βασιλείης,
1134 3366 1212 3435 οὐκ

125 3435 196 3500 ³4
176 3463 256 3505 ww
267 3448 763 3540 πυρῶνκαλαμηςὲρύούσαςτά
778 3465 845 3546 ίρά.
871 3494 928 3534 και
917 3465 1141 3553 ταῦταμὲν
1162 3470 1211 3549 δη
