2500 3925
124 223 185 286 120
522 231 773 290 HERODOTI
887 187 890 194 ι

122 390 191 454 τῶν
205 385 353 473 πλήθεος
370 390 445 473 πέρι
460 385 551 468 ἄξιος
570 399 807 480 συμβληθῆναι
823 397 899 464 ἐστί.
941 397 1005 464 ελσλ
1017 397 1054 465 δὲ
1069 399 1122 466 καί

122 481 218 552 ἄλλοι
232 486 373 571 ποταμοὶ
386 483 429 558 οὐ
443 485 525 561 κατά
540 485 600 556 τόν
613 498 740 562 Νελλον
755 492 865 573 ἐόντες
880 494 1049 586 μεγάθεα,
1071 497 1123 563 ολ-

120 609 209 662 τινες
224 589 305 671 ἔργα
319 581 561 671 ἀποδεξάμενοι
577 591 706 676 μεγάλα
723 597 802 660 εἰσί·
830 600 897 664 τῶν
914 590 979 679 ἐμά
994 591 1122 681 φράσαι

122 686 184 766 έχω
200 680 370 769 οὐνόματα
385 687 440 752 καλ
455 681 567 756 ἄλλων
587 691 643 760 καὶ
657 687 720 758 οὐκ
736 687 855 777 ῆνιιστα
877 688 1056 783 Ἀχελςόον,
1085 687 1123 770 ὃς

120 782 206 866 ρέωυ
222 778 267 848 δι’
287 777 504 870 Ἀκαρνανίης
523 789 579 854 καὶ
595 789 690 866 έξιελς
704 789 736 866 ἐς
756 788 933 858 θάλασσαν
950 797 1017 858 τῶν
1037 787 1119 875 Ἐχι-

119 877 234 947 νάδων
247 879 362 968 νήσων
378 881 437 961 τάς
453 879 589 970 ἡμισέας
602 881 666 973 ἤδη
681 883 821 976 ἤπειρον
834 894 1002 976 πεποίηκε.
1110 982 1118 1007 ‚

74 1006 105 1058 ll
192 975 284 1048 Ἔστι
312 980 348 1052 δὲ
379 986 437 1065 τῆς
464 978 617 1070 Ἀραβίης
644 984 769 1072 χώρης,
804 987 981 1074 Αἰγύπτου
1011 987 1048 1054 δὲ
1078 1011 1123 1054 ον

118 1075 252 1164 πρόσω,
274 1078 398 1158 κόλπος
413 1082 587 1169 θαλάσσης
602 1086 724 1174 ἐσέχων
744 1087 781 1154 ἐκ
802 1093 860 1173 τῆς
880 1085 1043 1174 Ἐρυθρῆς
1059 1112 1121 1154 κα-

118 1177 278 1262 λεομένης
297 1177 488 1268 θαλάσσης,
516 1179 645 1270 μακρός
665 1181 754 1252 οὕτω
778 1184 820 1272 δή
844 1211 875 1253 τι
901 1186 956 1254 καὶ
979 1181 1120 1269 στεινὸς,

119 1271 164 1352 ὡς
187 1280 323 1362 ἔρχομαι
350 1280 507 1368 φράσων·
532 1288 637 1368 μῆκος
661 1285 723 1370 μὲν
747 1285 856 1355 πλόου
883 1281 1057 1376 ἀρξαμένω
1083 1286 1120 1350 ἐκ

117 1381 226 1460 μυχοῦ
243 1378 443 1447 διεκπλῶσαι
458 1381 491 1457 ές
505 1377 567 1466 τῆν
582 1379 703 1468 εὐρέαν
723 1385 900 1454 θάλασσαν
914 1381 1035 1474 ἡμέραι
1057 1380 1120 1450 άν-

117 1479 329 1559 αισιμοῦνται
341 1476 584 1561 τεσσεράκοντα
603 1486 727 1571 είρεσίη
741 1485 925 1575 χριομένην,
951 1476 1051 1570 εὖρος
1071 1483 1121 1568 δὲ,

116 1576 156 1658 τῆ
170 1568 352 1657 εὐρότατός
365 1573 466 1644 έστιὸ
483 1577 616 1664 κόλπος,
639 1578 742 1666 ῆμισν
757 1579 881 1669 ἡμέρης
898 1581 1015 1653 πλόον.
1056 1585 1133 1670 ό-ιχ

115 1676 169 1756 χίη
183 1667 217 1737 δ’
236 1672 274 1739 έν
288 1669 378 1764 αὐτῷ
392 1677 447 1744 καλ
462 1673 610 1763 ἄμπωτις
624 1677 689 1750 άνά
704 1689 815 1750 πᾶσαν
835 1681 963 1772 ἡμέρην
979 1689 1118 1769 γίνεται.

115 1768 230 1854 ἕτερον
252 1777 405 1842 τοιοῦτον
425 1773 553 1844 κόλπον
575 1778 631 1846 καλ
649 1775 711 1864 τῆν
733 1788 907 1864 Αἴγυπτον
931 1785 1038 1850 δοκέω
1061 1805 1121 1867 γε·

115 1866 235 1937 νέσθαι
255 1897 335 1956 κον,
360 1868 418 1940 τόν
438 1872 519 1961 μὲν,
547 1877 583 1943 έκ
605 1878 669 1964 τῆς·
688 1884 825 1970 βορηίης
847 1881 1020 1973 θαλάσσης
1046 1890 1122 1958 ἐσέ-

115 1994 218 2053 χοντα
241 1972 296 2041 έπλ
318 1978 516 2061 Αίθιοπίης,
546 1975 605 2045 τόν
636 1978 673 2047 δὲ
692 1977 864 2071 Ἀράβιον,
895 1983 954 2055 τόν
985 1994 1124 2078 ἔρχομαι

116 2070 239 2163 λέξων,
257 2074 294 2139 έκ
312 2077 368 2159 τῆς
387 2081 497 2160 νοτίης
515 2078 660 2165 φέροντα
679 2081 732 2150 ἐπὶ
753 2090 899 2172 Σλυρίης,
920 2087 1040 2175 σχεδόν
1057 2092 1126 2177 μὲν

114 2164 285 2255 ἀλλήλοισι
302 2183 598 2264 συντετραίνοντας
614 2179 861 2271 τοδςμνχοός,
886 2182 1004 2274 ὀλίγον
1030 2193 1073 2259 δέ
1090 2220 1120 2261 τι

114 2270 408 2356 παραλλάσσοντας
437 2280 495 2361 τῆς
524 2275 642 2365 χώρης.
687 2286 719 2351 εί
747 2276 795 2351 οἷν
825 2286 975 2374 έθελῆσει
1002 2292 1112 2379 ἐκτρέ-

114 2381 173 2447 ψαι
188 2370 225 2437 τό
241 2374 385 2459 ῥέεθρον
405 2373 423 2443 ὁ
447 2384 568 2459 Νεῖλος
585 2384 618 2461 ές
632 2391 751 2456 τοῦτον
772 2385 832 2455 τὸν
854 2386 1010 2478 Ἀράβιον
1034 2390 1120 2459 κόλ-

111 2489 193 2553 πον,
222 2473 258 2536 τί
272 2496 332 2555 μιν
351 2474 475 2541 κωλύει
494 2478 629 2563 ῥέοντος
652 2483 775 2551 τούτου
791 2488 1003 2575 ἐκχωσθῆναι
1021 2489 1122 2569 ἐντός

111 2589 150 2649 γε
171 2569 356 2654 δισμυρίων
375 2574 491 2655 έτέωνς
518 2575 582 2662 ἐμοὶ
599 2580 662 2665 μὲν
680 2580 745 2668 γάρ
763 2590 906 2671 ἔλπομαί
921 2590 1031 2671 γεκαὶ
1047 2616 1121 2674 μν-

111 2667 194 2747 ρίων
208 2662 302 2745 έντός
314 2676 489 2758 χωσθῆναι
504 2672 555 2743 ἄν.
588 2684 651 2745 κοῦ
671 2706 709 2764 γε
734 2679 773 2768 δῆ
797 2685 833 2749 έν
849 2690 895 2775 τῷ
912 2706 1120 2771 προαναισι-

109 2764 251 2853 μωμένῳ
276 2764 388 2858 χρόνῳ
407 2770 574 2857 πρότερον
593 2772 616 2861 ῆ
635 2780 692 2863 ἐμὲ
712 2784 871 2863 γενέσθαι
891 2781 954 2853 οὐκ
975 2782 1020 2853 νίν
1045 2812 1120 2873 χω-

109 2865 206 2946 σθείη
223 2859 347 2942 κόλπος
363 2869 419 2935 καλ
437 2878 550 2961 πολλῷ
566 2877 672 2960 μέζων
692 2882 740 2945 ἔτι
762 2880 884 2949 τούτου
905 2880 971 2951 ὑπό
987 2885 1119 2955 τοσού-

107 2983 167 3025 του
181 2983 217 3026 τε
229 2969 380 3048 ποταμοῦ
395 2968 450 3033 καλ
463 2966 552 3037 οὕτω
567 2976 759 3058 ἐργατικῶς

59 3075 93 3126 12
191 3052 239 3122 Τά
253 3060 514 3146 περλΑίχυπιον
526 3061 575 3136 ὦν
589 3074 645 3139 καλ
665 3087 749 3142 τοῖσι
770 3080 905 3164 λέγουσι
927 3079 1013 3151 αὐτοὶ
1035 3096 1119 3154 πεί-

104 3162 220 3239 θομαι,
243 3157 298 3223 καλ
311 3154 412 3238 αὐτὸς
427 3161 515 3232 οὕτω
529 3167 635 3255 κάρτα
652 3173 756 3239 δοκέω
772 3173 873 3264 εἶναι,
896 3179 981 3248 ίδιόν
994 3207 1031 3251 τε
1046 3182 1119 3272 τῆν

105 3258 279 3335 Λίχντιτον
292 3262 515 3347 προκειμένην
531 3271 588 3350 τῆς
609 3269 764 3358 ἐχομένης
781 3281 858 3363 γῆς,
887 3279 1052 3365 κογχύλιά
1073 3310 1117 3353 τε

105 3348 294 3435 φαινόμενα
318 3356 368 3423 ἐπὶ
390 3373 474 3427 τοῖσι
499 3361 614 3449 οὔρεσι
639 3369 694 3436 καλ
719 3368 829 3458 άλμην
856 3376 1115 3471 ἐπανθέουσαν,

104 3443 188 3513 ὥστε
203 3449 258 3515 καὶ
273 3446 331 3529 τάς
344 3463 532 3543 πυραμίδας
543 3466 732 3556 δηλέεσθαι,
750 3474 805 3539 καὶ
821 3472 958 3559 ψάμμον
973 3484 1115 3563 μοῦνον
