<?xml version="1.0" encoding="UTF-8"?>
<!DOCTYPE html PUBLIC "-//W3C//DTD XHTML 1.0 Transitional//EN"
    "http://www.w3.org/TR/xhtml1/DTD/xhtml1-transitional.dtd">
<html xmlns="http://www.w3.org/1999/xhtml" xml:lang="en" lang="en">
 <head>
  <title>
</title>
<meta http-equiv="Content-Type" content="text/html;charset=utf-8" />
  <meta name='ocr-system' content='tesseract 3.04.00' />
  <meta name='ocr-capabilities' content='ocr_page ocr_carea ocr_par ocr_line ocrx_word'/>
</head>
<body>
  <div class='ocr_page' id='page_1' title='image "./herodotihistori00dietgoog_0277.png"; bbox 0 0 2500 3925; ppageno 0'>
   <div class='ocr_carea' id='block_1_1' title="bbox 228 260 1067 359">
    <p class='ocr_par' dir='ltr' id='par_1_1' title="bbox 228 260 1067 359">
     <span class='ocr_line' id='line_1_1' title="bbox 228 260 1067 359; baseline 0.005 -36"><span class='ocrx_word' id='word_1_1' title='bbox 228 312 236 359; x_wconf 88' lang='lat'><strong>:</strong></span> <span class='ocrx_word' id='word_1_2' title='bbox 312 266 475 322; x_wconf 66' lang='lat' dir='ltr'><strong><em>mam</em></strong></span> <span class='ocrx_word' id='word_1_3' title='bbox 515 260 819 329; x_wconf 61' lang='lat' dir='ltr'><strong>canno-12⁴.</strong></span> <span class='ocrx_word' id='word_1_4' title='bbox 1003 266 1067 335; x_wconf 78' lang='grc' dir='ltr'><strong><em>ιιι</em></strong></span> 
     </span>
    </p>
   </div>
   <div class='ocr_carea' id='block_1_2' title="bbox 56 422 1162 3472">
    <p class='ocr_par' dir='ltr' id='par_1_2' title="bbox 57 422 1162 3472">
     <span class='ocr_line' id='line_1_2' title="bbox 81 422 1063 517; baseline 0.01 -27"><span class='ocrx_word' id='word_1_5' title='bbox 81 425 253 510; x_wconf 82' lang='grc' dir='ltr'><strong><em>σοιρατέειυ</em></strong></span> <span class='ocrx_word' id='word_1_6' title='bbox 275 426 448 515; x_wconf 76' lang='grc' dir='ltr'><strong><em>έπεννίδη,</em></strong></span> <span class='ocrx_word' id='word_1_7' title='bbox 490 422 595 506; x_wconf 80' lang='grc' dir='ltr'><strong><em>πάρεξ</em></strong></span> <span class='ocrx_word' id='word_1_8' title='bbox 615 430 719 495; x_wconf 90' lang='grc' dir='ltr'><strong><em>Μίνω</em></strong></span> <span class='ocrx_word' id='word_1_9' title='bbox 739 449 775 493; x_wconf 85' lang='grc' dir='ltr'><strong><em>τε</em></strong></span> <span class='ocrx_word' id='word_1_10' title='bbox 795 451 856 495; x_wconf 90' lang='grc' dir='ltr'><strong><em>του</em></strong></span> <span class='ocrx_word' id='word_1_11' title='bbox 843 433 1063 517; x_wconf 78' lang='grc' dir='ltr'><strong><em>Κνωσσίου,</em></strong></span> 
     </span>
     <span class='ocr_line' id='line_1_3' title="bbox 85 516 1063 641; baseline 0.01 -54"><span class='ocrx_word' id='word_1_12' title='bbox 85 522 129 589; x_wconf 83' lang='grc' dir='ltr'><strong><em>καλ</em></strong></span> <span class='ocrx_word' id='word_1_13' title='bbox 140 521 216 641; x_wconf 88' lang='grc' dir='ltr'><strong><em>είδή</em></strong></span> <span class='ocrx_word' id='word_1_14' title='bbox 228 548 279 599; x_wconf 84' lang='grc' dir='ltr'><strong><em>τις</em></strong></span> <span class='ocrx_word' id='word_1_15' title='bbox 293 519 394 599; x_wconf 75' lang='grc' dir='ltr'><strong><em>ἄλλος</em></strong></span> <span class='ocrx_word' id='word_1_16' title='bbox 406 518 568 607; x_wconf 87' lang='grc' dir='ltr'><strong><em>πρότερος</em></strong></span> <span class='ocrx_word' id='word_1_17' title='bbox 581 521 705 591; x_wconf 88' lang='grc' dir='ltr'><strong><em>τούτου</em></strong></span> <span class='ocrx_word' id='word_1_18' title='bbox 709 516 844 641; x_wconf 78' lang='grc' dir='ltr'><strong><em>ήρξε</em></strong></span> <span class='ocrx_word' id='word_1_19' title='bbox 804 551 863 613; x_wconf 90' lang='grc' dir='ltr'><strong><em>της</em></strong></span> <span class='ocrx_word' id='word_1_20' title='bbox 873 524 1063 615; x_wconf 74' lang='grc' dir='ltr'><strong><em>θαλάσσης</em></strong></span> 
     </span>
     <span class='ocr_line' id='line_1_4' title="bbox 84 616 1063 711; baseline 0.007 -25"><span class='ocrx_word' id='word_1_21' title='bbox 84 617 172 707; x_wconf 73' lang='grc' dir='ltr'><strong><em>τήςδλ</em></strong></span> <span class='ocrx_word' id='word_1_22' title='bbox 190 616 409 706; x_wconf 71' lang='grc' dir='ltr'><strong><em>ἀνθρωπηίης</em></strong></span> <span class='ocrx_word' id='word_1_23' title='bbox 424 620 605 705; x_wconf 75' lang='grc' dir='ltr'><strong><em>λεγομένης</em></strong></span> <span class='ocrx_word' id='word_1_24' title='bbox 623 627 741 706; x_wconf 82' lang='grc' dir='ltr'><strong><em>γενεῆς</em></strong></span> <span class='ocrx_word' id='word_1_25' title='bbox 757 625 978 711; x_wconf 84' lang='grc' dir='ltr'><strong><em>Πολυκράτης</em></strong></span> <span class='ocrx_word' id='word_1_26' title='bbox 997 626 1063 693; x_wconf 83' lang='grc' dir='ltr'><strong><em>έστλ</em></strong></span> 
     </span>
     <span class='ocr_line' id='line_1_5' title="bbox 82 714 1060 811; baseline 0.007 -26"><span class='ocrx_word' id='word_1_27' title='bbox 82 724 207 806; x_wconf 78' lang='grc' dir='ltr'><strong><em>πρῶτος,</em></strong></span> <span class='ocrx_word' id='word_1_28' title='bbox 228 722 365 797; x_wconf 86' lang='grc' dir='ltr'><strong><em>έλπίδας</em></strong></span> <span class='ocrx_word' id='word_1_29' title='bbox 379 714 505 795; x_wconf 87' lang='grc' dir='ltr'><strong><em>πολλάς</em></strong></span> <span class='ocrx_word' id='word_1_30' title='bbox 519 722 604 803; x_wconf 78' lang='grc' dir='ltr'><strong><em>έχων</em></strong></span> <span class='ocrx_word' id='word_1_31' title='bbox 617 714 743 805; x_wconf 79' lang='grc' dir='ltr'><strong><em>Ἰωνίης</em></strong></span> <span class='ocrx_word' id='word_1_32' title='bbox 758 745 794 789; x_wconf 88' lang='grc' dir='ltr'><strong><em>τε</em></strong></span> <span class='ocrx_word' id='word_1_33' title='bbox 805 724 860 791; x_wconf 83' lang='grc' dir='ltr'><strong><em>παλ</em></strong></span> <span class='ocrx_word' id='word_1_34' title='bbox 871 723 986 811; x_wconf 81' lang='grc' dir='ltr'><strong><em>νήσων</em></strong></span> <span class='ocrx_word' id='word_1_35' title='bbox 1000 719 1060 807; x_wconf 82' lang='grc' dir='ltr'><strong><em>ἀρ-</em></strong></span> 
     </span>
     <span class='ocr_line' id='line_1_6' title="bbox 82 810 1064 909; baseline 0.005 -25"><span class='ocrx_word' id='word_1_36' title='bbox 82 821 144 896; x_wconf 83' lang='grc' dir='ltr'><strong><em>ξειν.</em></strong></span> <span class='ocrx_word' id='word_1_37' title='bbox 170 810 336 903; x_wconf 51' lang='lat' dir='ltr'><strong><em>&#39;Mdv&#39;</em></strong></span> <span class='ocrx_word' id='word_1_38' title='bbox 308 844 358 885; x_wconf 87' lang='grc' dir='ltr'><strong><em>ων</em></strong></span> <span class='ocrx_word' id='word_1_39' title='bbox 380 816 485 885; x_wconf 84' lang='grc' dir='ltr'><strong><em>ταῦτά</em></strong></span> <span class='ocrx_word' id='word_1_40' title='bbox 505 843 565 902; x_wconf 90' lang='grc' dir='ltr'><strong><em>μιν</em></strong></span> <span class='ocrx_word' id='word_1_41' title='bbox 589 819 886 905; x_wconf 76' lang='grc' dir='ltr'><strong><em>διανοεύμενον</em></strong></span> <span class='ocrx_word' id='word_1_42' title='bbox 870 846 889 889; x_wconf 93' lang='grc' dir='ltr'><strong><em>ο</em></strong></span> <span class='ocrx_word' id='word_1_43' title='bbox 915 817 1064 909; x_wconf 75' lang='grc' dir='ltr'><strong><em>Ὀροίτης</em></strong></span> 
     </span>
     <span class='ocr_line' id='line_1_7' title="bbox 80 914 1061 1007; baseline 0.005 -23"><span class='ocrx_word' id='word_1_44' title='bbox 80 920 191 1004; x_wconf 70' lang='grc' dir='ltr'><strong><em>πέμψας</em></strong></span> <span class='ocrx_word' id='word_1_45' title='bbox 205 915 365 1005; x_wconf 76' lang='grc' dir='ltr'><strong><em>ἀγγελίην</em></strong></span> <span class='ocrx_word' id='word_1_46' title='bbox 375 923 468 1004; x_wconf 84' lang='grc' dir='ltr'><strong><em>έλεγε</em></strong></span> <span class='ocrx_word' id='word_1_47' title='bbox 484 918 581 986; x_wconf 87' lang='grc' dir='ltr'><strong><em>τάδε·</em></strong></span> <span class='ocrx_word' id='word_1_48' title='bbox 613 916 760 1007; x_wconf 75' lang='grc' dir='ltr'><strong><em>Ὀροίτης</em></strong></span> <span class='ocrx_word' id='word_1_49' title='bbox 770 922 982 1007; x_wconf 73' lang='grc' dir='ltr'><strong><em>Πολυκράτει</em></strong></span> <span class='ocrx_word' id='word_1_50' title='bbox 997 914 1061 989; x_wconf 88' lang='grc' dir='ltr'><strong><em>ωδε</em></strong></span> 
     </span>
     <span class='ocr_line' id='line_1_8' title="bbox 81 1017 1061 1107; baseline 0.003 -21"><span class='ocrx_word' id='word_1_51' title='bbox 81 1018 159 1102; x_wconf 87' lang='grc' dir='ltr'><strong><em>λέγει.</em></strong></span> <span class='ocrx_word' id='word_1_52' title='bbox 179 1018 397 1103; x_wconf 88' lang='grc' dir='ltr'><strong><em>πυνθάνομαι</em></strong></span> <span class='ocrx_word' id='word_1_53' title='bbox 410 1017 644 1104; x_wconf 72' lang='grc' dir='ltr'><strong><em>ἐπιβουλεύειν</em></strong></span> <span class='ocrx_word' id='word_1_54' title='bbox 656 1036 695 1085; x_wconf 86' lang='grc' dir='ltr'><strong><em>σε</em></strong></span> <span class='ocrx_word' id='word_1_55' title='bbox 706 1018 876 1106; x_wconf 78' lang='grc' dir='ltr'><strong><em>πρήγμασι</em></strong></span> <span class='ocrx_word' id='word_1_56' title='bbox 887 1021 1061 1107; x_wconf 88' lang='grc' dir='ltr'><strong><em>μεγάλοισι</em></strong></span> 
     </span>
     <span class='ocr_line' id='line_1_9' title="bbox 66 1111 1061 1205; baseline 0.005 -22"><span class='ocrx_word' id='word_1_57' title='bbox 66 1116 121 1183; x_wconf 75' lang='grc' dir='ltr'><strong><em>παλ</em></strong></span> <span class='ocrx_word' id='word_1_58' title='bbox 134 1116 280 1203; x_wconf 81' lang='grc' dir='ltr'><strong><em>χρήματά</em></strong></span> <span class='ocrx_word' id='word_1_59' title='bbox 294 1140 346 1183; x_wconf 89' lang='grc' dir='ltr'><strong><em>τοι</em></strong></span> <span class='ocrx_word' id='word_1_60' title='bbox 363 1111 427 1183; x_wconf 84' lang='grc' dir='ltr'><strong><em>ούιι</em></strong></span> <span class='ocrx_word' id='word_1_61' title='bbox 445 1111 528 1182; x_wconf 76' lang='grc' dir='ltr'><strong><em>εἶναι</em></strong></span> <span class='ocrx_word' id='word_1_62' title='bbox 546 1112 629 1183; x_wconf 85' lang='grc' dir='ltr'><strong><em>πατά</em></strong></span> <span class='ocrx_word' id='word_1_63' title='bbox 647 1112 687 1183; x_wconf 82' lang='grc' dir='ltr'><strong><em>τά</em></strong></span> <span class='ocrx_word' id='word_1_64' title='bbox 703 1117 911 1205; x_wconf 85' lang='grc' dir='ltr'><strong><em>φρονήματα.</em></strong></span> <span class='ocrx_word' id='word_1_65' title='bbox 933 1116 977 1187; x_wconf 85' lang='grc' dir='ltr'><strong><em>σύ</em></strong></span> <span class='ocrx_word' id='word_1_66' title='bbox 994 1124 1061 1187; x_wconf 83' lang='grc' dir='ltr'><strong><em>νῦν</em></strong></span> 
     </span>
     <span class='ocr_line' id='line_1_10' title="bbox 78 1207 1058 1305; baseline 0.006 -22"><span class='ocrx_word' id='word_1_67' title='bbox 78 1207 130 1283; x_wconf 84' lang='grc' dir='ltr'><strong><em>ύδε</em></strong></span> <span class='ocrx_word' id='word_1_68' title='bbox 142 1216 279 1303; x_wconf 81' lang='grc' dir='ltr'><strong><em>ποιήσας</em></strong></span> <span class='ocrx_word' id='word_1_69' title='bbox 295 1212 461 1299; x_wconf 72' lang='grc' dir='ltr'><strong><em>ὀρθώσεις</em></strong></span> <span class='ocrx_word' id='word_1_70' title='bbox 474 1211 537 1299; x_wconf 70' lang='grc' dir='ltr'><strong><em>μέν</em></strong></span> <span class='ocrx_word' id='word_1_71' title='bbox 550 1212 718 1300; x_wconf 80' lang='grc' dir='ltr'><strong><em>σεωυτόν,</em></strong></span> <span class='ocrx_word' id='word_1_72' title='bbox 733 1215 853 1295; x_wconf 86' lang='grc' dir='ltr'><strong><em>σύσεις</em></strong></span> <span class='ocrx_word' id='word_1_73' title='bbox 869 1216 906 1285; x_wconf 70' lang='grc' dir='ltr'><strong><em>δὲ</em></strong></span> <span class='ocrx_word' id='word_1_74' title='bbox 920 1220 975 1289; x_wconf 79' lang='grc' dir='ltr'><strong><em>καί</em></strong></span> <span class='ocrx_word' id='word_1_75' title='bbox 986 1221 1058 1305; x_wconf 87' lang='grc' dir='ltr'><strong><em>έμέ·</em></strong></span> 
     </span>
     <span class='ocr_line' id='line_1_11' title="bbox 76 1312 1062 1405; baseline 0.004 -20"><span class='ocrx_word' id='word_1_76' title='bbox 76 1319 133 1402; x_wconf 85' lang='grc' dir='ltr'><strong><em>έμολ</em></strong></span> <span class='ocrx_word' id='word_1_77' title='bbox 145 1316 207 1404; x_wconf 79' lang='grc' dir='ltr'><strong><em>γάρ</em></strong></span> <span class='ocrx_word' id='word_1_78' title='bbox 221 1312 380 1404; x_wconf 82' lang='grc' dir='ltr'><strong><em>βασιλεύς</em></strong></span> <span class='ocrx_word' id='word_1_79' title='bbox 394 1312 579 1402; x_wconf 79' lang='grc' dir='ltr'><strong><em>Καμβύσης</em></strong></span> <span class='ocrx_word' id='word_1_80' title='bbox 593 1315 804 1402; x_wconf 70' lang='grc' dir='ltr'><strong><em>ἐπιβουλεύει</em></strong></span> <span class='ocrx_word' id='word_1_81' title='bbox 818 1316 987 1405; x_wconf 88' lang='grc' dir='ltr'><strong><em>θάνατον,</em></strong></span> <span class='ocrx_word' id='word_1_82' title='bbox 1003 1326 1062 1389; x_wconf 83' lang='grc' dir='ltr'><strong><em>καί</em></strong></span> 
     </span>
     <span class='ocr_line' id='line_1_12' title="bbox 74 1412 1055 1505; baseline 0.003 -21"><span class='ocrx_word' id='word_1_83' title='bbox 74 1443 119 1484; x_wconf 87' lang='grc' dir='ltr'><strong><em>υοι</em></strong></span> <span class='ocrx_word' id='word_1_84' title='bbox 132 1424 226 1486; x_wconf 79' lang='grc' dir='ltr'><strong><em>τοῦτο</em></strong></span> <span class='ocrx_word' id='word_1_85' title='bbox 249 1419 476 1503; x_wconf 73' lang='grc' dir='ltr'><strong><em>ἐξαγγέλλεται</em></strong></span> <span class='ocrx_word' id='word_1_86' title='bbox 496 1420 687 1501; x_wconf 82' lang='grc' dir='ltr'><strong><em>σαφηνέως·</em></strong></span> <span class='ocrx_word' id='word_1_87' title='bbox 710 1412 753 1485; x_wconf 87' lang='grc' dir='ltr'><strong><em>σύ</em></strong></span> <span class='ocrx_word' id='word_1_88' title='bbox 773 1424 839 1485; x_wconf 88' lang='grc' dir='ltr'><strong><em>νῦν</em></strong></span> <span class='ocrx_word' id='word_1_89' title='bbox 852 1416 909 1505; x_wconf 76' lang='grc' dir='ltr'><strong><em>έμδ</em></strong></span> <span class='ocrx_word' id='word_1_90' title='bbox 924 1420 1055 1505; x_wconf 84' lang='grc' dir='ltr'><strong><em>έπκομί-</em></strong></span> 
     </span>
     <span class='ocr_line' id='line_1_13' title="bbox 73 1510 1057 1606; baseline 0.004 -23"><span class='ocrx_word' id='word_1_91' title='bbox 73 1537 122 1596; x_wconf 88' lang='grc' dir='ltr'><strong><em>σας</em></strong></span> <span class='ocrx_word' id='word_1_92' title='bbox 136 1514 238 1585; x_wconf 87' lang='grc' dir='ltr'><strong><em>αύτδυ</em></strong></span> <span class='ocrx_word' id='word_1_93' title='bbox 251 1518 308 1585; x_wconf 81' lang='grc' dir='ltr'><strong><em>παλ</em></strong></span> <span class='ocrx_word' id='word_1_94' title='bbox 324 1514 474 1603; x_wconf 84' lang='grc' dir='ltr'><strong><em>χρήματα</em></strong></span> <span class='ocrx_word' id='word_1_95' title='bbox 487 1510 530 1583; x_wconf 75' lang='grc' dir='ltr'><strong><em>τά</em></strong></span> <span class='ocrx_word' id='word_1_96' title='bbox 551 1515 613 1600; x_wconf 70' lang='grc' dir='ltr'><strong><em>μὲν</em></strong></span> <span class='ocrx_word' id='word_1_97' title='bbox 631 1511 743 1584; x_wconf 79' lang='grc' dir='ltr'><strong><em>αὐτῶν</em></strong></span> <span class='ocrx_word' id='word_1_98' title='bbox 759 1513 860 1597; x_wconf 75' lang='grc' dir='ltr'><strong><em>αὐτὸς</em></strong></span> <span class='ocrx_word' id='word_1_99' title='bbox 874 1522 942 1606; x_wconf 76' lang='grc' dir='ltr'><strong><em>ἔχε,</em></strong></span> <span class='ocrx_word' id='word_1_100' title='bbox 963 1516 1004 1587; x_wconf 88' lang='grc' dir='ltr'><strong><em>τά</em></strong></span> <span class='ocrx_word' id='word_1_101' title='bbox 1020 1523 1057 1587; x_wconf 74' lang='grc' dir='ltr'><strong><em>δὲ</em></strong></span> 
     </span>
     <span class='ocr_line' id='line_1_14' title="bbox 71 1612 1162 1704; baseline 0.003 -23"><span class='ocrx_word' id='word_1_102' title='bbox 71 1615 118 1699; x_wconf 74' lang='grc' dir='ltr'><strong><em>έμδ</em></strong></span> <span class='ocrx_word' id='word_1_103' title='bbox 135 1620 171 1682; x_wconf 77' lang='grc' dir='ltr'><strong><em>ἔα</em></strong></span> <span class='ocrx_word' id='word_1_104' title='bbox 186 1619 288 1699; x_wconf 79' lang='grc' dir='ltr'><strong><em>ἔχειν·</em></strong></span> <span class='ocrx_word' id='word_1_105' title='bbox 318 1614 447 1681; x_wconf 77' lang='grc' dir='ltr'><strong><em>εἵνεκέν</em></strong></span> <span class='ocrx_word' id='word_1_106' title='bbox 468 1638 504 1681; x_wconf 89' lang='grc' dir='ltr'><strong><em>τε</em></strong></span> <span class='ocrx_word' id='word_1_107' title='bbox 524 1612 703 1698; x_wconf 81' lang='grc' dir='ltr'><strong><em>χρημάτων</em></strong></span> <span class='ocrx_word' id='word_1_108' title='bbox 719 1612 828 1701; x_wconf 83' lang='grc' dir='ltr'><strong><em>ἀρξεις</em></strong></span> <span class='ocrx_word' id='word_1_109' title='bbox 848 1612 979 1703; x_wconf 87' lang='grc' dir='ltr'><strong><em>ἀπάσης</em></strong></span> <span class='ocrx_word' id='word_1_110' title='bbox 998 1623 1057 1704; x_wconf 81' lang='grc' dir='ltr'><strong><em>τῆς</em></strong></span> <span class='ocrx_word' id='word_1_111' title='bbox 1157 1649 1162 1659; x_wconf 91' lang='grc'><em>·</em></span> 
     </span>
     <span class='ocr_line' id='line_1_15' title="bbox 66 1705 1055 1800; baseline 0.003 -21"><span class='ocrx_word' id='word_1_112' title='bbox 66 1705 213 1791; x_wconf 78' lang='grc' dir='ltr'><strong><em>Ἑλλάδος.</em></strong></span> <span class='ocrx_word' id='word_1_113' title='bbox 250 1717 280 1779; x_wconf 85' lang='grc' dir='ltr'><strong><em>εί</em></strong></span> <span class='ocrx_word' id='word_1_114' title='bbox 299 1710 338 1779; x_wconf 89' lang='grc' dir='ltr'><strong><em>δέ</em></strong></span> <span class='ocrx_word' id='word_1_115' title='bbox 356 1734 412 1797; x_wconf 88' lang='grc' dir='ltr'><strong><em>μοι</em></strong></span> <span class='ocrx_word' id='word_1_116' title='bbox 432 1706 597 1788; x_wconf 74' lang='grc' dir='ltr'><strong><em>ἀπιστέεις</em></strong></span> <span class='ocrx_word' id='word_1_117' title='bbox 616 1708 656 1777; x_wconf 82' lang='grc' dir='ltr'><strong><em>τά</em></strong></span> <span class='ocrx_word' id='word_1_118' title='bbox 677 1714 752 1800; x_wconf 89' lang='grc' dir='ltr'><strong><em>περλ</em></strong></span> <span class='ocrx_word' id='word_1_119' title='bbox 775 1717 844 1781; x_wconf 77' lang='grc' dir='ltr'><strong><em>τῶν</em></strong></span> <span class='ocrx_word' id='word_1_120' title='bbox 867 1714 1055 1800; x_wconf 80' lang='grc' dir='ltr'><strong><em>χρημάτων,</em></strong></span> 
     </span>
     <span class='ocr_line' id='line_1_16' title="bbox 68 1807 1056 1900; baseline 0.001 -24"><span class='ocrx_word' id='word_1_121' title='bbox 68 1813 187 1895; x_wconf 74' lang='grc' dir='ltr'><strong><em>πέμψον</em></strong></span> <span class='ocrx_word' id='word_1_122' title='bbox 197 1808 289 1887; x_wconf 80' lang='grc' dir='ltr'><strong><em>ὅστις</em></strong></span> <span class='ocrx_word' id='word_1_123' title='bbox 299 1833 350 1875; x_wconf 88' lang='grc' dir='ltr'><strong><em>τοι</em></strong></span> <span class='ocrx_word' id='word_1_124' title='bbox 361 1807 557 1886; x_wconf 86' lang='grc' dir='ltr'><strong><em>πιστότατος</em></strong></span> <span class='ocrx_word' id='word_1_125' title='bbox 566 1808 725 1893; x_wconf 80' lang='grc' dir='ltr'><strong><em>τυγχάνει</em></strong></span> <span class='ocrx_word' id='word_1_126' title='bbox 735 1811 818 1896; x_wconf 81' lang='grc' dir='ltr'><strong><em>έολν,</em></strong></span> <span class='ocrx_word' id='word_1_127' title='bbox 833 1816 879 1900; x_wconf 76' lang='grc' dir='ltr'><strong><em>τῷ</em></strong></span> <span class='ocrx_word' id='word_1_128' title='bbox 894 1807 958 1895; x_wconf 66' lang='grc' dir='ltr'><strong><em>ἐμοὶ</em></strong></span> <span class='ocrx_word' id='word_1_129' title='bbox 970 1808 1056 1878; x_wconf 87' lang='grc' dir='ltr'><strong><em>ἀπο-</em></strong></span> 
     </span>
     <span class='ocr_line' id='line_1_17' title="bbox 68 1906 1124 1999; baseline 0.002 -19"><span class='ocrx_word' id='word_1_130' title='bbox 68 1915 147 1993; x_wconf 85' lang='grc' dir='ltr'><strong><em>δίξω.</em></strong></span> <span class='ocrx_word' id='word_1_131' title='bbox 193 1917 307 1980; x_wconf 83' lang='grc' dir='ltr'><strong><em>Ταῦτα</em></strong></span> <span class='ocrx_word' id='word_1_132' title='bbox 327 1906 474 1988; x_wconf 84' lang='grc' dir='ltr'><strong><em>ἀκούσας</em></strong></span> <span class='ocrx_word' id='word_1_133' title='bbox 486 1909 708 1998; x_wconf 80' lang='grc' dir='ltr'><strong><em>Πολυκράτης</em></strong></span> <span class='ocrx_word' id='word_1_134' title='bbox 726 1907 818 1998; x_wconf 79' lang='grc' dir='ltr'><strong><em>ἥσθη</em></strong></span> <span class='ocrx_word' id='word_1_135' title='bbox 833 1935 868 1980; x_wconf 88' lang='grc' dir='ltr'><strong><em>τε</em></strong></span> <span class='ocrx_word' id='word_1_136' title='bbox 884 1910 939 1979; x_wconf 77' lang='grc' dir='ltr'><strong><em>καί</em></strong></span> <span class='ocrx_word' id='word_1_137' title='bbox 957 1910 1056 1999; x_wconf 85' lang='grc' dir='ltr'><strong><em>έβού-</em></strong></span> <span class='ocrx_word' id='word_1_138' title='bbox 1072 1925 1124 1986; x_wconf 72' lang='lat'><strong><em>12³</em></strong></span> 
     </span>
     <span class='ocr_line' id='line_1_18' title="bbox 66 2004 1054 2096; baseline -0.001 -17"><span class='ocrx_word' id='word_1_139' title='bbox 66 2020 146 2080; x_wconf 88' lang='grc' dir='ltr'><strong><em>λετο·</em></strong></span> <span class='ocrx_word' id='word_1_140' title='bbox 166 2016 225 2079; x_wconf 84' lang='grc' dir='ltr'><strong><em>ταί</em></strong></span> <span class='ocrx_word' id='word_1_141' title='bbox 239 2035 322 2094; x_wconf 83' lang='grc' dir='ltr'><strong><em>τως,</em></strong></span> <span class='ocrx_word' id='word_1_142' title='bbox 344 2013 487 2094; x_wconf 88' lang='grc' dir='ltr'><strong><em>ίμείρετο</em></strong></span> <span class='ocrx_word' id='word_1_143' title='bbox 501 2004 568 2094; x_wconf 87' lang='grc' dir='ltr'><strong><em>γάρ</em></strong></span> <span class='ocrx_word' id='word_1_144' title='bbox 588 2009 767 2095; x_wconf 86' lang='grc' dir='ltr'><strong><em>χρημάτων</em></strong></span> <span class='ocrx_word' id='word_1_145' title='bbox 781 2009 949 2096; x_wconf 86' lang='grc' dir='ltr'><strong><em>μεγάλως,</em></strong></span> <span class='ocrx_word' id='word_1_146' title='bbox 971 2005 1054 2078; x_wconf 87' lang='grc' dir='ltr'><strong><em>ἀπο-</em></strong></span> 
     </span>
     <span class='ocr_line' id='line_1_19' title="bbox 66 2105 1054 2196; baseline 0 -20"><span class='ocrx_word' id='word_1_147' title='bbox 66 2113 172 2196; x_wconf 79' lang='grc' dir='ltr'><strong><em>πέμπει</em></strong></span> <span class='ocrx_word' id='word_1_148' title='bbox 200 2114 316 2192; x_wconf 82' lang='grc' dir='ltr'><strong><em>πρῶτα</em></strong></span> <span class='ocrx_word' id='word_1_149' title='bbox 342 2105 575 2193; x_wconf 72' lang='grc' dir='ltr'><strong><em>κατοψόμενον</em></strong></span> <span class='ocrx_word' id='word_1_150' title='bbox 598 2106 825 2193; x_wconf 80' lang='grc' dir='ltr'><strong><em>Μαιάνδριον</em></strong></span> <span class='ocrx_word' id='word_1_151' title='bbox 837 2113 1054 2195; x_wconf 88' lang='grc' dir='ltr'><strong><em>Μαιανδρίου</em></strong></span> 
     </span>
     <span class='ocr_line' id='line_1_20' title="bbox 65 2197 1053 2298; baseline 0 -23"><span class='ocrx_word' id='word_1_152' title='bbox 65 2206 160 2294; x_wconf 80' lang='grc' dir='ltr'><strong><em>ἀνδρα</em></strong></span> <span class='ocrx_word' id='word_1_153' title='bbox 179 2214 249 2274; x_wconf 80' lang='grc' dir='ltr'><strong><em>τῶν</em></strong></span> <span class='ocrx_word' id='word_1_154' title='bbox 270 2202 397 2288; x_wconf 75' lang='grc' dir='ltr'><strong><em>ἀστῶν,</em></strong></span> <span class='ocrx_word' id='word_1_155' title='bbox 418 2201 457 2282; x_wconf 85' lang='grc' dir='ltr'><strong><em>ὅς</em></strong></span> <span class='ocrx_word' id='word_1_156' title='bbox 476 2207 512 2272; x_wconf 72' lang='lat' dir='ltr'><strong><em>os</em></strong></span> <span class='ocrx_word' id='word_1_157' title='bbox 531 2197 577 2291; x_wconf 82' lang='grc' dir='ltr'><strong><em>ἦν</em></strong></span> <span class='ocrx_word' id='word_1_158' title='bbox 595 2204 858 2293; x_wconf 85' lang='grc' dir='ltr'><strong><em>γραμματιστής·</em></strong></span> <span class='ocrx_word' id='word_1_159' title='bbox 887 2202 924 2285; x_wconf 89' lang='grc' dir='ltr'><strong><em>δς</em></strong></span> <span class='ocrx_word' id='word_1_160' title='bbox 943 2205 1053 2298; x_wconf 78' lang='grc' dir='ltr'><strong><em>χρόνῳ</em></strong></span> 
     </span>
     <span class='ocr_line' id='line_1_21' title="bbox 64 2299 1052 2396; baseline 0.003 -26"><span class='ocrx_word' id='word_1_161' title='bbox 64 2303 99 2373; x_wconf 86' lang='grc' dir='ltr'><strong><em>ού</em></strong></span> <span class='ocrx_word' id='word_1_162' title='bbox 111 2311 220 2396; x_wconf 77' lang='grc' dir='ltr'><strong><em>πολλῷ</em></strong></span> <span class='ocrx_word' id='word_1_163' title='bbox 239 2301 384 2386; x_wconf 79' lang='grc' dir='ltr'><strong><em>ὕστερον</em></strong></span> <span class='ocrx_word' id='word_1_164' title='bbox 396 2302 528 2370; x_wconf 87' lang='grc' dir='ltr'><strong><em>τούτων</em></strong></span> <span class='ocrx_word' id='word_1_165' title='bbox 547 2299 609 2371; x_wconf 87' lang='grc' dir='ltr'><strong><em>τδν</em></strong></span> <span class='ocrx_word' id='word_1_166' title='bbox 628 2302 756 2390; x_wconf 81' lang='grc' dir='ltr'><strong><em>κόσμον</em></strong></span> <span class='ocrx_word' id='word_1_167' title='bbox 776 2301 837 2372; x_wconf 88' lang='grc' dir='ltr'><strong><em>τδν</em></strong></span> <span class='ocrx_word' id='word_1_168' title='bbox 857 2307 893 2372; x_wconf 81' lang='grc' dir='ltr'><strong><em>ἐκ</em></strong></span> <span class='ocrx_word' id='word_1_169' title='bbox 915 2312 977 2373; x_wconf 84' lang='grc' dir='ltr'><strong><em>τοῦ</em></strong></span> <span class='ocrx_word' id='word_1_170' title='bbox 990 2303 1052 2372; x_wconf 90' lang='grc' dir='ltr'><strong><em>ἀυ-</em></strong></span> 
     </span>
     <span class='ocr_line' id='line_1_22' title="bbox 64 2397 1053 2488; baseline 0.003 -20"><span class='ocrx_word' id='word_1_171' title='bbox 64 2407 197 2488; x_wconf 80' lang='grc' dir='ltr'><strong><em>δρεύνος</em></strong></span> <span class='ocrx_word' id='word_1_172' title='bbox 216 2409 279 2471; x_wconf 84' lang='grc' dir='ltr'><strong><em>τοῦ</em></strong></span> <span class='ocrx_word' id='word_1_173' title='bbox 297 2400 534 2488; x_wconf 83' lang='grc' dir='ltr'><strong><em>Πολυκράτεος</em></strong></span> <span class='ocrx_word' id='word_1_174' title='bbox 558 2401 657 2469; x_wconf 79' lang='grc' dir='ltr'><strong><em>ἐόντα</em></strong></span> <span class='ocrx_word' id='word_1_175' title='bbox 682 2398 880 2488; x_wconf 76' lang='grc' dir='ltr'><strong><em>ἀξιοθήητον</em></strong></span> <span class='ocrx_word' id='word_1_176' title='bbox 907 2397 1053 2488; x_wconf 82' lang='grc' dir='ltr'><strong><em>ἀνέθηκε</em></strong></span> 
     </span>
     <span class='ocr_line' id='line_1_23' title="bbox 62 2497 1052 2590; baseline 0.001 -19"><span class='ocrx_word' id='word_1_177' title='bbox 62 2504 160 2571; x_wconf 87' lang='grc' dir='ltr'><strong><em>πάντα</em></strong></span> <span class='ocrx_word' id='word_1_178' title='bbox 181 2505 213 2582; x_wconf 77' lang='grc' dir='ltr'><strong><em>ἐς</em></strong></span> <span class='ocrx_word' id='word_1_179' title='bbox 229 2499 427 2589; x_wconf 84' lang='grc' dir='ltr'><strong><em>τδἩραίον.</em></strong></span> <span class='ocrx_word' id='word_1_180' title='bbox 461 2497 480 2568; x_wconf 85' lang='grc' dir='ltr'><strong><em>δ</em></strong></span> <span class='ocrx_word' id='word_1_181' title='bbox 502 2502 539 2569; x_wconf 78' lang='grc' dir='ltr'><strong><em>δὲ</em></strong></span> <span class='ocrx_word' id='word_1_182' title='bbox 556 2498 704 2590; x_wconf 79' lang='grc' dir='ltr'><strong><em>Ὀροίτης</em></strong></span> <span class='ocrx_word' id='word_1_183' title='bbox 726 2499 849 2587; x_wconf 78' lang='grc' dir='ltr'><strong><em>μαθων</em></strong></span> <span class='ocrx_word' id='word_1_184' title='bbox 868 2500 929 2571; x_wconf 88' lang='grc' dir='ltr'><strong><em>τδν</em></strong></span> <span class='ocrx_word' id='word_1_185' title='bbox 949 2503 1052 2572; x_wconf 82' lang='grc' dir='ltr'><strong><em>κατά-</em></strong></span> 
     </span>
     <span class='ocr_line' id='line_1_24' title="bbox 62 2596 1052 2690; baseline 0.002 -22"><span class='ocrx_word' id='word_1_186' title='bbox 62 2623 178 2670; x_wconf 85' lang='grc' dir='ltr'><strong><em>σκοπον</em></strong></span> <span class='ocrx_word' id='word_1_187' title='bbox 205 2599 304 2669; x_wconf 78' lang='grc' dir='ltr'><strong><em>ἐόντα</em></strong></span> <span class='ocrx_word' id='word_1_188' title='bbox 330 2596 561 2686; x_wconf 67' lang='grc' dir='ltr'><strong><em>προσδόκιμον</em></strong></span> <span class='ocrx_word' id='word_1_189' title='bbox 586 2601 694 2667; x_wconf 75' lang='grc' dir='ltr'><strong><em>ἐποίεε</em></strong></span> <span class='ocrx_word' id='word_1_190' title='bbox 720 2600 848 2668; x_wconf 86' lang='grc' dir='ltr'><strong><em>τοιάδε·</em></strong></span> <span class='ocrx_word' id='word_1_191' title='bbox 883 2601 1052 2690; x_wconf 84' lang='grc' dir='ltr'><strong><em>λάρνακας</em></strong></span> 
     </span>
     <span class='ocr_line' id='line_1_25' title="bbox 62 2692 1050 2788; baseline 0.002 -24"><span class='ocrx_word' id='word_1_192' title='bbox 62 2696 137 2766; x_wconf 81' lang='grc' dir='ltr'><strong><em>ὀττιδ</em></strong></span> <span class='ocrx_word' id='word_1_193' title='bbox 158 2696 338 2785; x_wconf 77' lang='grc' dir='ltr'><strong><em>πληρώσας</em></strong></span> <span class='ocrx_word' id='word_1_194' title='bbox 358 2702 468 2765; x_wconf 89' lang='grc' dir='ltr'><strong><em>λίθων</em></strong></span> <span class='ocrx_word' id='word_1_195' title='bbox 494 2692 584 2782; x_wconf 84' lang='grc' dir='ltr'><strong><em>πλήν</em></strong></span> <span class='ocrx_word' id='word_1_196' title='bbox 605 2695 712 2780; x_wconf 83' lang='grc' dir='ltr'><strong><em>κάρτα</em></strong></span> <span class='ocrx_word' id='word_1_197' title='bbox 733 2700 871 2784; x_wconf 84' lang='grc' dir='ltr'><strong><em>βραχέος</em></strong></span> <span class='ocrx_word' id='word_1_198' title='bbox 889 2706 951 2768; x_wconf 84' lang='grc' dir='ltr'><strong><em>τοῦ</em></strong></span> <span class='ocrx_word' id='word_1_199' title='bbox 974 2701 1050 2788; x_wconf 82' lang='grc' dir='ltr'><strong><em>περλ</em></strong></span> 
     </span>
     <span class='ocr_line' id='line_1_26' title="bbox 61 2795 1048 2887; baseline 0.003 -22"><span class='ocrx_word' id='word_1_200' title='bbox 61 2796 136 2868; x_wconf 84' lang='grc' dir='ltr'><strong><em>αύτά</em></strong></span> <span class='ocrx_word' id='word_1_201' title='bbox 157 2796 198 2867; x_wconf 85' lang='grc' dir='ltr'><strong><em>τά</em></strong></span> <span class='ocrx_word' id='word_1_202' title='bbox 214 2804 341 2886; x_wconf 81' lang='grc' dir='ltr'><strong><em>χείλεα,</em></strong></span> <span class='ocrx_word' id='word_1_203' title='bbox 363 2798 522 2882; x_wconf 74' lang='grc' dir='ltr'><strong><em>ἐπιπολῆς</em></strong></span> <span class='ocrx_word' id='word_1_204' title='bbox 538 2801 607 2863; x_wconf 78' lang='grc' dir='ltr'><strong><em>τῶν</em></strong></span> <span class='ocrx_word' id='word_1_205' title='bbox 627 2801 737 2864; x_wconf 88' lang='grc' dir='ltr'><strong><em>λίθων</em></strong></span> <span class='ocrx_word' id='word_1_206' title='bbox 757 2795 884 2882; x_wconf 79' lang='grc' dir='ltr'><strong><em>χρυσὸν</em></strong></span> <span class='ocrx_word' id='word_1_207' title='bbox 898 2801 1048 2887; x_wconf 81' lang='grc' dir='ltr'><strong><em>έπέβαλε,</em></strong></span> 
     </span>
     <span class='ocr_line' id='line_1_27' title="bbox 61 2891 1047 2985; baseline -0.001 -20"><span class='ocrx_word' id='word_1_208' title='bbox 61 2896 235 2985; x_wconf 87' lang='grc' dir='ltr'><strong><em>καταδήσας</em></strong></span> <span class='ocrx_word' id='word_1_209' title='bbox 251 2894 289 2964; x_wconf 68' lang='grc' dir='ltr'><strong><em>δὲ</em></strong></span> <span class='ocrx_word' id='word_1_210' title='bbox 307 2891 368 2972; x_wconf 88' lang='grc' dir='ltr'><strong><em>τάς</em></strong></span> <span class='ocrx_word' id='word_1_211' title='bbox 387 2893 558 2979; x_wconf 80' lang='grc' dir='ltr'><strong><em>λάρνακας</em></strong></span> <span class='ocrx_word' id='word_1_212' title='bbox 580 2892 646 2979; x_wconf 76' lang='grc' dir='ltr'><strong><em>εἶχε</em></strong></span> <span class='ocrx_word' id='word_1_213' title='bbox 666 2896 805 2982; x_wconf 79' lang='grc' dir='ltr'><strong><em>ἑτοίμας.</em></strong></span> <span class='ocrx_word' id='word_1_214' title='bbox 840 2892 952 2966; x_wconf 70' lang='grc' dir='ltr'><strong><em>ἐλθοδυ</em></strong></span> <span class='ocrx_word' id='word_1_215' title='bbox 975 2893 1047 2964; x_wconf 76' lang='grc' dir='ltr'><strong><em>δδὸ</em></strong></span> 
     </span>
     <span class='ocr_line' id='line_1_28' title="bbox 60 2989 1045 3112; baseline -0.005 -47"><span class='ocrx_word' id='word_1_216' title='bbox 60 2996 262 3082; x_wconf 87' lang='grc' dir='ltr'><strong><em>Μαιάνδριος</em></strong></span> <span class='ocrx_word' id='word_1_217' title='bbox 276 2993 332 3062; x_wconf 76' lang='grc' dir='ltr'><strong><em>παλ</em></strong></span> <span class='ocrx_word' id='word_1_218' title='bbox 344 2992 556 3112; x_wconf 80' lang='grc' dir='ltr'><strong><em>θηησάμευος</em></strong></span> <span class='ocrx_word' id='word_1_219' title='bbox 570 2989 795 3083; x_wconf 86' lang='grc' dir='ltr'><strong><em>ἀπήγγειλε</em></strong></span> <span class='ocrx_word' id='word_1_220' title='bbox 764 3000 811 3060; x_wconf 70' lang='grc' dir='ltr'><strong><em>τά</em></strong></span> <span class='ocrx_word' id='word_1_221' title='bbox 826 2993 1045 3080; x_wconf 80' lang='grc' dir='ltr'><strong><em>Πολυκράτει.</em></strong></span> 
     </span>
     <span class='ocr_line' id='line_1_29' title="bbox 56 3086 1112 3210; baseline -0.006 -49.966"><span class='ocrx_word' id='word_1_222' title='bbox 56 3091 84 3160; x_wconf 96' lang='grc'><strong><em>0</em></strong></span> <span class='ocrx_word' id='word_1_223' title='bbox 97 3093 131 3162; x_wconf 89' lang='grc' dir='ltr'><strong><em>δε</em></strong></span> <span class='ocrx_word' id='word_1_224' title='bbox 144 3088 251 3161; x_wconf 83' lang='grc' dir='ltr'><strong><em>πολλὰ</em></strong></span> <span class='ocrx_word' id='word_1_225' title='bbox 267 3090 330 3178; x_wconf 71' lang='grc' dir='ltr'><strong><em>μὲν</em></strong></span> <span class='ocrx_word' id='word_1_226' title='bbox 342 3115 411 3161; x_wconf 91' lang='grc' dir='ltr'><strong><em>των</em></strong></span> <span class='ocrx_word' id='word_1_227' title='bbox 426 3088 609 3176; x_wconf 90' lang='grc' dir='ltr'><strong><em>μαντίων’</em></strong></span> <span class='ocrx_word' id='word_1_228' title='bbox 590 3089 872 3210; x_wconf 74' lang='grc' dir='ltr'><strong><em>απαγορευόρτωυ</em></strong></span> <span class='ocrx_word' id='word_1_229' title='bbox 886 3086 993 3158; x_wconf 78' lang='grc' dir='ltr'><strong><em>πολλοὶ</em></strong></span> <span class='ocrx_word' id='word_1_230' title='bbox 1013 3090 1048 3156; x_wconf 74' lang='grc' dir='ltr'><strong><em>δὲ</em></strong></span> <span class='ocrx_word' id='word_1_231' title='bbox 1065 3096 1112 3154; x_wconf 71' lang='grc' dir='ltr'><strong><em>λιι</em></strong></span> 
     </span>
     <span class='ocr_line' id='line_1_30' title="bbox 59 3184 1048 3279; baseline -0.006 -22"><span class='ocrx_word' id='word_1_232' title='bbox 59 3197 117 3259; x_wconf 81' lang='grc' dir='ltr'><strong><em>τῶν</em></strong></span> <span class='ocrx_word' id='word_1_233' title='bbox 129 3198 241 3279; x_wconf 86' lang='grc' dir='ltr'><strong><em>φίλων</em></strong></span> <span class='ocrx_word' id='word_1_234' title='bbox 253 3191 420 3256; x_wconf 82' lang='grc' dir='ltr'><strong><em>ἐστέλλετο</em></strong></span> <span class='ocrx_word' id='word_1_235' title='bbox 442 3184 543 3268; x_wconf 84' lang='grc' dir='ltr'><strong><em>αύτδς</em></strong></span> <span class='ocrx_word' id='word_1_236' title='bbox 557 3186 706 3276; x_wconf 87' lang='grc' dir='ltr'><strong><em>ἀπιέναι,</em></strong></span> <span class='ocrx_word' id='word_1_237' title='bbox 728 3184 813 3275; x_wconf 86' lang='grc' dir='ltr'><strong><em>πρδς</em></strong></span> <span class='ocrx_word' id='word_1_238' title='bbox 828 3189 864 3254; x_wconf 73' lang='grc' dir='ltr'><strong><em>δὲ</em></strong></span> <span class='ocrx_word' id='word_1_239' title='bbox 885 3187 940 3255; x_wconf 82' lang='grc' dir='ltr'><strong><em>καλ</em></strong></span> <span class='ocrx_word' id='word_1_240' title='bbox 954 3186 1048 3254; x_wconf 90' lang='grc' dir='ltr'><strong><em>ίδού-</em></strong></span> 
     </span>
     <span class='ocr_line' id='line_1_31' title="bbox 57 3277 1049 3370; baseline -0.007 -20"><span class='ocrx_word' id='word_1_241' title='bbox 57 3299 106 3365; x_wconf 79' lang='grc' dir='ltr'><strong><em>σης</em></strong></span> <span class='ocrx_word' id='word_1_242' title='bbox 121 3291 179 3370; x_wconf 81' lang='grc' dir='ltr'><strong><em>τῆς</em></strong></span> <span class='ocrx_word' id='word_1_243' title='bbox 197 3283 372 3370; x_wconf 83' lang='grc' dir='ltr'><strong><em>θυγατρὸς</em></strong></span> <span class='ocrx_word' id='word_1_244' title='bbox 387 3281 468 3360; x_wconf 79' lang='grc' dir='ltr'><strong><em>ὄυιυ</em></strong></span> <span class='ocrx_word' id='word_1_245' title='bbox 478 3281 642 3348; x_wconf 90' lang='grc' dir='ltr'><strong><em>ένυπνίου</em></strong></span> <span class='ocrx_word' id='word_1_246' title='bbox 652 3280 802 3366; x_wconf 85' lang='grc' dir='ltr'><strong><em>τοιήνδε·</em></strong></span> <span class='ocrx_word' id='word_1_247' title='bbox 820 3277 936 3347; x_wconf 84' lang='grc' dir='ltr'><strong><em>έδύκεέ</em></strong></span> <span class='ocrx_word' id='word_1_248' title='bbox 945 3277 1049 3344; x_wconf 76' lang='grc' dir='ltr'><strong><em>οἶτον</em></strong></span> 
     </span>
     <span class='ocr_line' id='line_1_32' title="bbox 57 3369 1047 3472; baseline -0.003 -27"><span class='ocrx_word' id='word_1_249' title='bbox 57 3386 168 3471; x_wconf 86' lang='grc' dir='ltr'><strong><em>πατέρα</em></strong></span> <span class='ocrx_word' id='word_1_250' title='bbox 185 3384 224 3450; x_wconf 86' lang='grc' dir='ltr'><strong><em>έν</em></strong></span> <span class='ocrx_word' id='word_1_251' title='bbox 240 3407 288 3472; x_wconf 74' lang='grc' dir='ltr'><strong><em>τω</em></strong></span> <span class='ocrx_word' id='word_1_252' title='bbox 273 3377 371 3468; x_wconf 80' lang='grc' dir='ltr'><strong><em>ἠέρι</em></strong></span> <span class='ocrx_word' id='word_1_253' title='bbox 382 3381 551 3465; x_wconf 84' lang='grc' dir='ltr'><strong><em>μετέωρον</em></strong></span> <span class='ocrx_word' id='word_1_254' title='bbox 568 3380 667 3446; x_wconf 86' lang='grc' dir='ltr'><strong><em>έύντα</em></strong></span> <span class='ocrx_word' id='word_1_255' title='bbox 677 3381 821 3445; x_wconf 78' lang='grc' dir='ltr'><strong><em>λοῦσθαι</em></strong></span> <span class='ocrx_word' id='word_1_256' title='bbox 832 3369 924 3462; x_wconf 56' lang='grc' dir='ltr'><strong><em>μὲν*</em></strong></span> <span class='ocrx_word' id='word_1_257' title='bbox 906 3371 973 3442; x_wconf 92' lang='grc' dir='ltr'><strong><em>νπδ</em></strong></span> <span class='ocrx_word' id='word_1_258' title='bbox 986 3378 1047 3442; x_wconf 78' lang='grc' dir='ltr'><strong><em>τοῦ</em></strong></span> 
     </span>
    </p>
   </div>
   <div class='ocr_carea' id='block_1_3' title="bbox 57 3468 1048 3614">
    <p class='ocr_par' dir='ltr' id='par_1_3' title="bbox 57 3468 1048 3614">
     <span class='ocr_line' id='line_1_33' title="bbox 57 3468 1048 3614; baseline -0.009 -70"><span class='ocrx_word' id='word_1_259' title='bbox 57 3477 146 3567; x_wconf 78' lang='grc' dir='ltr'><strong><em>Διὸς,</em></strong></span> <span class='ocrx_word' id='word_1_260' title='bbox 155 3486 313 3567; x_wconf 76' lang='grc' dir='ltr'><strong><em>χρίεσθαι</em></strong></span> <span class='ocrx_word' id='word_1_261' title='bbox 330 3473 403 3546; x_wconf 71' lang='grc' dir='ltr'><strong><em>δὲ</em></strong></span> <span class='ocrx_word' id='word_1_262' title='bbox 383 3475 452 3546; x_wconf 89' lang='grc' dir='ltr'><strong><em>υπδ</em></strong></span> <span class='ocrx_word' id='word_1_263' title='bbox 469 3502 531 3545; x_wconf 90' lang='grc' dir='ltr'><strong><em>του</em></strong></span> <span class='ocrx_word' id='word_1_264' title='bbox 520 3473 671 3544; x_wconf 87' lang='grc' dir='ltr'><strong><em>Ηλίου.</em></strong></span> <span class='ocrx_word' id='word_1_265' title='bbox 705 3472 968 3614; x_wconf 63' lang='grc' dir='ltr'><strong><em>ταύτήέβδούσα</em></strong></span> <span class='ocrx_word' id='word_1_266' title='bbox 985 3468 1048 3556; x_wconf 82' lang='grc' dir='ltr'><strong><em>τήν</em></strong></span> 
     </span>
    </p>
   </div>
   <div class='ocr_carea' id='block_1_4' title="bbox 0 0 1254 3925">
    <p class='ocr_par' dir='ltr' id='par_1_4' title="bbox 0 0 1254 3925">
     <span class='ocr_line' id='line_1_34' title="bbox 0 0 1254 3925; baseline 0 8"><span class='ocrx_word' id='word_1_267' title='bbox 0 0 1254 3925; x_wconf 95' lang='lat' dir='ltr'><strong><em> </em></strong></span> 
     </span>
    </p>
   </div>
  </div>
 </body>
</html>
