2500 3925
155 201 217 306 x86
552 241 804 301 οτωοοοτι

174 411 242 473 τῶν
257 410 436 491 κειμηλίων
450 409 518 470 τῶν
529 399 727 489 Ἀρίστωνος
737 397 916 488 ὁἈγητος,
934 401 988 469 καὶ
1004 397 1106 479 αάτος
1121 397 1191 487 τήν

92 523 96 532 “
174 498 295 589 ὁμοίην
312 502 434 588 ζητέων
450 502 615 588 φέρεσθαι
635 497 715 587 παρ’
732 502 880 587 ἐκείνου,
898 501 1048 568 ἐνθαῦτα
1062 495 1106 586 δή
1121 505 1192 567 τοῦ

173 605 307 685 ἑταίρου
316 596 378 687 τήν
388 613 533 687 γυναῖκα
543 600 695 685 ἐπειρᾶτο
707 593 908 684 ἀπάγεσθαι.
925 594 993 665 ὁδέ
1002 593 1093 684 πλήν
1102 593 1191 664 τού·

172 726 234 768 του
244 697 378 785 μούνου
388 723 428 766 τα
416 694 522 766 ἀλλα
534 694 614 818 &qm
610 697 810 763 καταινέσαι.
823 692 1092 783 ἀναγκαζόμενος
1102 697 1190 817 μέν·

171 823 224 866 τοι
237 803 284 888 τῷ
299 821 334 865 τε
349 796 439 888 ὅρκῳ
454 798 562 865 καὶ
524 821 581 881 της
595 791 724 881 ἀπάτης
736 800 777 884 τῇ
787 819 971 883 παραγωγη
956 791 1115 862 *antes
1095 792 1190 861 απά-

124 909 160 967 6³
173 907 304 983 γεσθαι.
345 893 444 964 Οὕτω
458 893 520 982 μέν
540 890 633 980 δή
596 919 660 979 την
672 898 788 979 τρίτην
810 891 987 980 ἐσηγάγετο
1003 904 1156 979 γυναῖκα
1170 917 1188 958 ο

168 989 346 1080 Ἀρίστων,
361 990 423 1080 τήν
439 989 631 1078 δευτέρην’
610 991 910 1112 ἀποπεμψάμενος,
929 992 967 1058 ἐν
976 994 1021 1111 βέ
1028 993 1063 1058 οἰ
1070 989 1188 1078 χρόνω

173 1090 330 1159 έλάσσονι
340 1087 445 1159 καὶοά
456 1090 662 1178 πληρώσασα
671 1086 750 1169 τοάς
760 1090 896 1158 δέκα
851 1086 987 1178 μηναςή
999 1086 1088 1176 γυνή
1099 1087 1188 1175 αὕτη

172 1193 274 1255 τίκτει
284 1194 406 1255 τοῦτον
416 1184 506 1275 δή
471 1214 533 1256 τον
542 1187 757 1276 Δημάρητον.
769 1195 840 1257 καί
846 1195 895 1268 τίς
905 1193 940 1258 οί
948 1215 1017 1256 των
1027 1189 1182 1258 οἰκετέων

173 1291 211 1358 έν
225 1289 328 1378 θω’κῳ
343 1292 516 1380 κατημένῳ
531 1286 613 1375 μετά
628 1295 696 1357 τῶν
713 1288 848 1377 έῳόρων
863 1291 1066 1378 έξαγγέλλει,
1092 1288 1139 1368 ὥς
1155 1296 1189 1358 οί

172 1403 250 1469 παίς
262 1392 389 1477 γέγονε.
412 1386 431 1458 ὁ
444 1390 479 1458 δὲ
492 1388 709 1477 ἐπιστάμενός
719 1416 755 1457 τε
765 1388 826 1458 τόν
835 1391 970 1478 χρόνον,
982 1397 1028 1482 τῷ
1039 1386 1187 1477 ἠγάγετο

172 1485 234 1577 τήν
244 1503 406 1577 γυναῖκα,
423 1493 479 1559 καί
491 1491 543 1559 έπί
554 1490 730 1560 δακτύλων
743 1489 1018 1580 συμβαλλόμενος
1026 1486 1108 1568 τοὺς
1119 1496 1185 1576 μή·

172 1612 234 1666 νας
244 1584 314 1655 εἰπε
325 1584 513 1674 ἀπομόσας·
533 1585 606 1656 οἀκ
621 1584 665 1655 ἀν
676 1586 752 1675 έμδς
762 1598 830 1675 εἰη·
845 1595 945 1658 τοῦτο
956 1587 1111 1677 ἥκουσαν
1121 1589 1187 1674 μέν

173 1691 207 1755 οἰ
221 1692 356 1774 ἔφοροι,
380 1693 516 1774 πρῆγμα
536 1689 648 1773 μέντοι
663 1685 764 1756 οάδδν
779 1688 980 1777 ἐποιήσαντο
996 1685 1034 1757 τό
1048 1712 1186 1772 παραυ-

172 1790 259 1853 τίκα·
281 1780 299 1853 ὁ
316 1781 352 1852 δέ
371 1799 449 1864 παλς
463 1783 599 1873 αὔξετο,
622 1789 678 1854 καὶ
694 1792 741 1877 τῷ
757 1783 930 1871 Ἀρίστωνι
946 1785 985 1855 τό
1005 1788 1183 1874 εἰρημένον

172 1882 343 1971 μετέμελε·
370 1888 473 1952 παῖδα
493 1881 559 1973 γάρ
579 1883 641 1953 τὸν
654 1884 861 1973 Δημάρητον
881 1887 915 1965 ἐς
935 1883 977 1954 τά
992 1884 1137 1974 μάλιστά
1154 1887 1185 1955 οἰ

172 1980 307 2067 ἐνόμισε
325 1979 419 2051 εἰναι.
468 1983 675 2072 Δημάρητον
690 1983 727 2052 δὲ
747 1980 838 2075 αὐτῷ
859 1982 990 2072 οὕνομα
1010 1991 1108 2055 ἔθετο
1126 1983 1183 2055 διά

171 2078 266 2148 τόδε·
281 2080 447 2168 πρότερον
458 2083 589 2150 τούτων
602 2084 766 2169 πανδημεί
778 2089 986 2171 Σπαρτιῆται
997 2082 1182 2172 Ἀρίστωνι,

172 2174 217 2255 ὡς
233 2174 332 2263 ἀνδρί
346 2177 575 2267 εὐδοκιμέοντι
586 2178 641 2249 διά
652 2182 791 2249 πάντων
802 2179 843 2269 δή
854 2187 923 2249 τῶν
936 2183 1103 2270 βασιλέων
1114 2189 1183 2250 τῶν

172 2278 209 2343 έν
242 2273 379 2365 Σπάρτη
403 2275 610 2364 γενομένων,
635 2271 722 2363 ἀρήν
754 2279 952 2367 ἐποιήσαντο
969 2287 1073 2351 παῖδα
1084 2285 1180 2370 γενεῑ

171 2385 268 2444 σθαι·
296 2373 353 2444 διδ
379 2384 478 2446 τοῦτο
500 2382 563 2465 μέν
585 2382 620 2449 οἰ
639 2376 675 2447 τό
694 2378 825 2465 οὔνομα
844 2381 1180 2470 Δημάρητοςέτέθη.

120 2493 155 2549 64
170 2476 309 2559 Χρόνον
320 2474 356 2545 δέ
370 2479 548 2565 προιόντος
558 2476 717 2566 Ἀρίστων
730 2480 793 2565 μὲν
804 2477 967 2570 ἀπέθανε,
979 2480 1183 2569 Δημάρητος

50 2572 52 2576 ’
172 2579 209 2644 δὲ
224 2582 297 2665 ἔσχε
309 2573 372 2665 τήν
382 2584 569 2667 βασιληίην.
591 2584 662 2647 ἔδεε
672 2579 720 2666 δὲ,
737 2575 782 2659 ὡς
795 2577 875 2667 οἰκε,
891 2576 1069 2650 ἀνάπυστα
1081 2584 1182 2670 γενό-

170 2703 255 2763 μενα
266 2682 370 2745 ταῦτα
381 2686 591 2748 καταπαῦσαι
602 2680 810 2767 Δημάρητον
822 2686 879 2765 τῆς
892 2687 1082 2768 βασιληίης,
1100 2680 1146 2750 δι’
1158 2677 1178 2748 ἀ

170 2778 354 2863 Κλεομένει
367 2778 530 2867 διεβλήθη
547 2778 699 2866 μεγάλως
713 2778 880 2866 πρότερόν
893 2804 930 2846 τε
944 2775 962 2847 ὁ
978 2778 1179 2867 Δημάρητος

169 2869 355 2960 ἀπαγαγόνν
364 2873 427 2963 τήν
439 2875 597 2963 στρατιήν
609 2880 641 2958 ἐξ
653 2875 839 2956 Ἐλευσῖνος
853 2880 909 2946 καί
921 2874 961 2965 δή
976 2880 1031 2947 καί
1040 2877 1115 2948 τότε
1126 2880 1167 2946 έιι

120 2986 153 3040 6⁵
169 2976 377 3060 Αἰγινητέων
388 2971 468 3053 τοδς
477 2980 681 3062 μηδίσαντας
691 2974 1092 3064 διαβάντοςΚλεομένεος.
1102 2974 1177 3059 ‘00-

169 3076 290 3160 μηθεὶς
303 3067 353 3140 όν
367 3070 592 3144 ἀποτίνυσθαι
606 3073 624 3143 ὁ
639 3077 830 3162 Κλεομένης
842 3081 1038 3143 συντίθεται
1048 3084 1176 3143 Δευτυ-

168 3178 290 3263 χίδη
257 3199 304 3240 τω
289 3172 494 3259 Μενάρεος
506 3201 567 3243 του
552 3174 696 3301 Ἀγιος,
708 3176 844 3245 έόντιοί
829 3182 964 3264 ἰκίης
924 3204 982 3265 της
994 3174 1096 3265 αάτής
1106 3186 1177 3264 Δη-
1181 3267 1185 3273 Δ

168 3274 316 3365 μαρήτῳ,
333 3265 428 3342 έπ’
399 3299 426 3365 ῳ
437 3299 482 3361 τε,
497 3271 576 3439 ήνέπ
553 3274 657 3345 αὐτὸν
672 3276 861 3366 καταστήσῃ
871 3281 1009 3365 βασιλέα
1020 3274 1177 3363 ἀντδΔη-

169 3368 339 3458 μαρήτου,
362 3370 576 3450 έιλιεταίίέπ
491 3396 508 3437 ο
607 3371 799 3459 Αἰγινήτας.
830 3397 849 3440 ο
835 3369 904 3438 ἐδ
919 3364 1157 3459 Λευτυχίδης
1134 3398 1178 3459 ην

169 3466 334 3559 ἐχθρός
301 3493 348 3534 τω
334 3467 551 3562 Δημαρήτῳ
566 3472 708 3557 μάλιστα
721 3496 869 3558 γεγονως
885 3468 941 3539 διά
955 3477 1093 3559 πρῆγμα
1106 3494 1174 3540 τοι
