2500 3925
326 247 847 312 LIB.V11.0AP.157-161.
1031 250 1148 317 191-
1239 249 1241 343 Ἰ

86 414 318 497 Συρηκοσίων.
345 404 429 477 ἀλλά
450 406 575 475 τούτου
594 405 658 494 μὲν
676 407 858 495 τοῦλόγου
875 415 989 499 μηκέτι
1005 442 1092 502 μυη-

86 516 184 595 σθῆς,
200 505 287 586 ὅκως
296 505 359 602 τήν
369 504 553 593 ἡγεμονίην
562 530 614 573 τοι
625 507 880 594 παραδώσομεν.
903 508 977 581 ἀλλ’
991 514 1092 600 εἰμὲν

86 606 225 693 βούλεαι
245 604 389 688 βωθέειν
411 611 451 693 τῆ
460 602 609 690 Ἑλλάδι,
625 613 699 673 ίσθι
711 601 893 693 ἀρξόμενος
904 606 971 677 ὑπό
982 619 1092 681 Λακε-
1121 690 1124 697 ,
1243 669 1245 699 ,

86 711 280 793 δαιμονίων,
293 698 323 772 ελ
333 707 367 771 δ’
379 703 445 789 ἀρα
455 699 501 789 μή
514 707 655 782 δικαιοῖς
666 697 838 794 ἀρχεσθαι,
851 705 894 776 σύ
906 711 942 778 δὲ
953 708 998 798 μή
1021 717 1094 796 βω·
1244 702 1245 709 ¹

85 807 189 871 θέειν.
225 800 318 886 Πρός
334 807 438 869 ταῦτα
452 797 471 869 ὁ
486 802 618 886 Γέλων,
638 798 751 887 έπειδὴ
770 801 841 891 ἀρα
861 802 1093 896 ἀπεστραμμέ·
1108 819 1159 875 16⁰

86 928 168 980 νους
178 899 257 981 τοὺς
264 901 387 987 λόγους
397 898 640 987 τοῦΣυάγρου,
650 896 911 972 τόντελενταῑόν
922 923 984 993 σφι
994 906 1093 976 τόνδε

87 1002 226 1087 ἐξέφηνε
240 998 359 1086 λόγον·
386 992 426 1065 Ὠ
446 1004 532 1077 ξεῖνε
546 1004 758 1085 Σπαρτιῆτα,
780 996 912 1069 ὀνείδεα
935 1004 1093 1073 κατιόντα

87 1098 260 1190 ἀνθρώπω
278 1101 385 1185 φιλέει
396 1096 578 1181 ἐπανάγειν
593 1093 655 1164 τόν
671 1095 797 1182 θυμόν.
819 1096 863 1167 σά
877 1104 992 1185 μέντοι
1006 1098 1094 1170 ἀπο-

87 1198 265 1283 δεξάμενος
276 1194 463 1285 ὑβρίσματα
474 1197 512 1263 έν
521 1202 568 1286 τῷ
579 1194 669 1287 λόγῳ
680 1194 723 1263 οὔ
733 1223 775 1282 με
784 1204 909 1279 πείσεις
921 1196 1093 1289 ἀσχήμονα

87 1300 125 1365 ἐν
138 1304 178 1385 τῆ
198 1294 321 1384 ἀμοιβή
334 1295 502 1382 γενέσθαι.
525 1293 609 1363 όκου
624 1296 662 1363 δὲ
681 1292 777 1381 ὑμεῖς
791 1294 880 1365 οὕτω
898 1302 1093 1387 περιέχεσθε

86 1405 145 1484 τῆς
160 1394 349 1484 ἡγεμονίης,
363 1393 456 1474 οίκός
469 1396 525 1463 καί
536 1396 593 1481 ἐμὲ
603 1400 733 1480 μᾶλλον
743 1392 856 1481 ὑμέων
867 1404 1092 1487 περιέχεσθαι,

87 1501 241 1582 στρατιῆς
254 1519 289 1562 τε
304 1492 402 1561 έόντα
416 1499 664 1579 πολλαπλησίης
677 1490 827 1580 ἡγεμόνα
841 1499 897 1565 καὶ
910 1506 998 1567 νεῶν
1008 1508 1093 1569 πολ-

87 1594 149 1664 λὸν
163 1592 330 1662 πλεόνων.
358 1590 433 1661 ἀλλ’
455 1594 563 1661 ἐπείτε
579 1589 664 1679 ἡμίν
681 1584 699 1660 ὁ
721 1592 820 1679 λόγος
834 1594 923 1663 οὕτω
940 1598 1092 1686 προσόν-

87 1723 147 1782 της
162 1700 367 1780 κατίσταται,
388 1690 482 1781 ἡμεῖς
497 1719 530 1758 τι
548 1689 729 1778 ὑπείξομεν
742 1700 805 1761 τοῦ
821 1690 961 1780 ἀρχαίου
974 1696 1088 1783 λόγου.

88 1799 120 1863 εί
130 1800 191 1860 τοῦ
206 1793 268 1879 μὲν
284 1796 385 1872 πεζοῦ
399 1789 494 1877 ὑμεῖς
507 1788 683 1878 ἡγέοισθε,
704 1798 765 1858 τοῦ
787 1792 823 1860 δὲ
837 1801 999 1861 ναυτικοῦ
1015 1791 1093 1881 ἐγω,

88 1898 168 1965 εἰδὲ
182 1892 263 1980 ὑμῖν
277 1889 383 1980 ἡδονή
403 1898 465 1959 τοῦ
482 1889 566 1959 κατά
587 1892 766 1960 θάλασσαν
779 1889 1010 1981 ἡγεμονεύειν,
1032 1900 1093 1961 τοῦ

87 1999 189 2075 πεζοῦ
206 1991 270 2079 ἐγω
286 1994 401 2060 ἐθέλω.
431 1993 486 2059 καὶ
501 1986 523 2077 ῆ
538 1991 686 2059 τοότοισι
701 1989 806 2078 ὑμέας
819 1993 928 2080 χρεόν
943 1996 1011 2063 ἐστι
1032 1991 1094 2079 ἀρ-
1184 2017 1187 2024 ’

88 2096 226 2162 κέεσθαι
242 2088 263 2177 ἡ
281 2089 415 2160 ἀπιέναι
435 2091 619 2178 συμμάχων
634 2095 782 2159 τοσῶνδε
797 2093 949 2180 έρῆμους.
978 2097 1093 2163 Γέλων

88 2192 151 2278 μὲν
167 2190 208 2280 δὴ
222 2200 326 2261 ταῦτα
344 2198 569 2279 προετείνετο,
591 2190 729 2276 φθάσας
743 2192 780 2260 δὲ
794 2188 812 2258 ὁ
828 2189 1017 2278 Ἀθηναίων
1031 2191 1094 2278 ἀγ·
1112 2197 1161 2256 161

87 2300 185 2378 γελος
198 2289 259 2360 τόν
275 2296 550 2379 Λακεδαιμονίων
568 2289 722 2379 ἀμείβετό
735 2317 795 2377 μιν
811 2282 951 2359 τοισίδε·
976 2285 1016 2359 Ὠ
1030 2300 1094 2379 βα-

88 2398 183 2460 σιλεῦ
192 2397 430 2478 Συρηκοσίων,
447 2389 510 2460 οὐκ
518 2388 684 2478 ἡγεμόνος
697 2395 838 2478 δεομένη
851 2388 998 2479 ἡἘλλάς
1013 2390 1094 2461 ἀπέ-

89 2503 220 2576 πεμψεν
233 2486 335 2576 ἡμέας
350 2488 434 2574 πρὸς
449 2491 503 2575 σὲ,
526 2487 611 2559 ἀλλά
628 2497 790 2576 στρατιῆς.
821 2490 864 2558 σε)
881 2493 917 2559 δὲ
931 2487 1019 2571 ὅκως
1032 2494 1094 2578 μὲν

90 2585 249 2677 στρατιήν
263 2590 403 2676 πέμψεις
418 2616 463 2676 μη
480 2586 667 2677 ἡγεόμενος
682 2596 740 2676 τῆς
753 2587 926 2678 Ἑλλάδος,
949 2589 991 2658 οὐ
1005 2615 1094 2675 προ-

91 2695 237 2778 φαίνεις,
262 2686 306 2768 ὠς
322 2689 358 2757 δὲ
375 2687 612 2775 στρατηγήσεις
628 2685 746 2774 αὐτῆς,
765 2695 904 2774 ’γλίχεαι
934 2687 1017 2756 ὅσον
1031 2692 1093 2776 μέν

90 2816 156 2858 νυν
166 2786 290 2868 παντὸς
300 2794 362 2857 τοῦ
372 2785 542 2875 Ἑλλήνων
554 2794 698 2876 στρατοῦ
709 2789 803 2855 έδέεν
810 2786 980 2876 ἡγέεσθαι,
997 2790 1093 2877 ἐξήρ-

90 2919 141 2961 κει
154 2888 235 2979 ἡμίν
249 2903 335 2959 τοῖσι
345 2886 553 2975 Ἀθηναίοισι
568 2885 711 2976 ἡσυχίην
726 2885 821 2973 ἀγειν
836 2890 1092 2976 ἐπισταμένοισι,

92 2986 166 3069 ὡςό
183 2987 309 3058 Λάκων
324 2989 440 3067 ίκανός
456 3014 507 3057 τοι
523 2993 638 3075 ἔμελλε
653 2993 791 3056 έσεσθαι
805 2991 860 3056 καί
879 2986 964 3074 ὑπὲρ
982 2985 1094 3076 ἀμφο-

91 3093 196 3172 τέρων
210 3084 493 3176 ἀπολογεόμενος,
513 3087 621 3156 έπείτε
634 3088 670 3156 δὲ
681 3083 811 3173 ἀπάσης
822 3083 1093 3173 ἀπελαυνόμενος

92 3191 179 3255 δέεαι
193 3194 251 3273 τῆς
265 3194 423 3273 ναυτικῆς
434 3185 565 3274 ἀρχειν,
583 3184 673 3254 οὕτω
683 3191 748 3272 ἔχει
759 3210 827 3253 τοι·
851 3181 924 3251 οὐδ’
937 3178 981 3271 ἡν
992 3180 1009 3250 ὁ
1020 3183 1088 3252 Λό-

91 3312 161 3354 κων
172 3288 246 3374 έπίη
256 3309 307 3352 τοι
318 3282 433 3371 ἀρχειν
444 3283 555 3372 αὐτῆς,
570 3281 665 3372 ἡμεῖς
679 3282 853 3371 ἐπήσομεν.
876 3278 1016 3369 ἡμετέρη
1026 3280 1091 3367 γάρ

92 3388 158 3454 ἐστι
169 3381 254 3469 αὕτη
265 3408 303 3470 γε
313 3379 358 3469 μή
370 3378 483 3449 αὐτῶν
493 3387 710 3469 βουλομένων
716 3384 999 3466 Λακεδαιμονίων.
1010 3379 1092 3446 τοό-

93 3505 177 3554 τοισι
191 3483 253 3571 μέν
269 3475 318 3551 όν
338 3479 499 3569 ἡγέεσθαι
516 3484 751 3570 βουλομένοισιΙ
773 3479 835 3550 οὐκ
856 3477 1094 3566 ἀντιτείνομεν,
