2500 3925
145 280 188 345 54
532 286 781 343 HERODOTI

145 439 262 530 ἤθελε,
289 446 439 527 ἔνθαπερ
480 440 648 529 πρότερον
672 448 878 531 προκατίζων
904 449 1045 534 έδίκαζε,
1070 442 1141 513 οὔτ’

145 548 209 629 ἔφη
225 545 321 609 δικᾶν
336 546 398 609 έτι·
434 536 476 608 οὗ
494 540 560 627 γάρ
579 545 613 610 οἰ
624 546 826 610 λυσιτελέειν
840 548 909 611 τῶν
924 547 1051 612 έωυτοῦ
1066 545 1142 630 ἐξη-

144 638 307 728 μεληκότα
322 654 407 708 τοῖσι
420 642 521 718 πέλας
545 636 591 706 δι’
613 638 738 727 ἡμέρης
758 640 911 722 δικάζειν.
950 641 1069 727 έοόσης
1090 634 1141 708 τόν

143 738 293 827 ἁρπαγῆς
306 739 360 806 καὶ
375 734 513 825 ἀνομίης
528 742 575 806 έτι
591 743 704 830 πολλῷ
725 744 853 826 μᾶλλον
869 737 934 807 άνδι
955 738 1014 819 τάς
1027 739 1141 827 κόμας

142 836 164 927 ἦ
185 838 350 923 πρότερον
368 829 429 924 ήν,
454 838 706 923 συνελέχθησαν
727 841 762 905 οἰ
771 844 886 925 Μήδου
906 840 940 917 ές
961 835 1067 907 τῶυτδ
1084 839 1141 904 καὶ

143 942 295 1007 ἐδίδοσαν
316 943 409 1023 σφίσι
430 933 549 1023 λόχον,
572 940 724 1021 λέγοντες
744 940 900 1025 περὶτῶν
914 934 1138 1023 κατηκόντων.

143 1036 186 1117 ὡς
201 1035 229 1104 δ’
245 1034 309 1123 ἐμοὶ
327 1038 442 1123 δοκέω,
457 1036 598 1123 μάλιστα
615 1043 730 1123 ἔλεγον
745 1042 779 1105 οἰ
792 1044 853 1105 τοῦ
863 1036 1017 1124 Δηιόκεω
1029 1043 1137 1123 φίλοι.

144 1132 194 1202 Οὐ
208 1132 273 1220 γάρ
288 1131 328 1221 δή
344 1131 455 1227 τρόπω
469 1142 514 1226 τῷ
535 1135 697 1220 παρεόντι
708 1134 883 1222 χρεόμενοι
894 1140 1035 1203 δυνατοί
1046 1142 1141 1222 εἰμεν

140 1235 260 1303 οἰκέειν
273 1229 334 1320 τήν
346 1232 475 1321 χάρην,
497 1236 577 1320 φέρε
591 1233 767 1320 στήσωμεν
785 1230 898 1321 ἡμέων
913 1230 1026 1301 αὐτῶν
1039 1240 1138 1320 βασι-

138 1340 214 1425 λέα·
243 1336 299 1404 καλ
320 1334 407 1403 οὕτω
427 1332 450 1422 ή
469 1335 612 1423 τε,χω’ρη
637 1332 856 1421 εὐνομήσεται
877 1336 931 1401 καλ
945 1329 1039 1401 αὐτοὶ
1053 1331 1140 1419 πρός

138 1441 219 1521 έρχα
231 1434 439 1522 τρεψόμεθα,
461 1432 538 1501 οὐδὲ
552 1430 612 1502 ὑπ’
632 1430 771 1520 άυομίης
786 1430 965 1501 ἀνάστατοι
978 1434 1135 1521 ἐσόμεθα.

141 1534 252 1605 Ταῦτά
276 1560 318 1622 κη
343 1537 494 1620 λέγοντες
520 1540 680 1603 πείθουσι
709 1529 855 1611 έωυτοδς
882 1532 1134 1618 βασιλεύεσθαι.

89 1654 125 1710 98
137 1630 264 1701 Αὐτίκα
285 1633 321 1699 δὲ
340 1634 639 1720 προβαλλομένων,
663 1622 779 1698 όντίνα
794 1630 971 1718 στήσονται
986 1632 1137 1718 βασιλέα,
1248 1625 1249 1708 ξ

66 1728 76 1752 “
136 1728 317 1817 δΔηιόκης
336 1722 380 1817 ἦν
400 1727 522 1809 πολλός
541 1728 608 1799 ὑπὸ
633 1727 757 1809 παντός
777 1726 902 1818 άνδρδς
916 1733 971 1800 καλ
985 1737 1139 1820 προβαλ-
1248 1713 1249 1736 ¹

133 1829 274 1915 λόμενος
287 1830 342 1896 καὶ
355 1828 563 1918 αἰνεόμενος,
585 1832 619 1909 ές
635 1828 656 1898 δ
668 1837 789 1899 τοῦτον
809 1835 1022 1901 καταινέουσι
1036 1838 1134 1918 βασι-

133 1931 191 1998 λέα
216 1934 309 2014 σφίσι
332 1928 423 1998 εἰναι.
465 1927 483 1998 δ
505 1926 537 1998 δ’
562 1931 696 1999 έκέλευε
716 1926 839 2009 αὐτοὺς
858 1935 946 1998 οἰκία
965 1955 1000 1998 τε
1020 1930 1135 2020 ἑωυτῷ

132 2025 209 2106 άξια
231 2035 289 2113 τῆς
313 2035 485 2118 βασιληίης
510 2035 728 2117 οἰκοδομῆσαι
760 2033 814 2099 καλ
839 2038 1001 2119 κρατῦναι
1026 2027 1136 2099 αὐτόν

132 2126 361 2215 δορυφόροισι.
400 2135 533 2197 ποιεῦσι
555 2127 594 2214 δή
619 2135 724 2196 ταῦτα
746 2133 780 2197 οἰ
797 2133 928 2215 Μῆδοι·
958 2133 1136 2215 οἰκοδομέ-
1247 2128 1248 2209 χ

132 2229 211 2291 ουσί
226 2249 261 2291 τε
283 2222 348 2313 χδρ
363 2223 453 2318 αὐτῷ
466 2231 555 2294 οἰκία
571 2227 699 2313 μεγάλα
712 2254 748 2296 τε
761 2230 817 2296 καί
838 2233 974 2316 ἰσχυρά,
994 2230 1052 2295 ἵνα
1067 2224 1132 2294 αό-
1247 2214 1248 2235 ¹

8 2387 10 2394 ,
131 2319 187 2400 τὰς
206 2327 330 2407 ἔφρασε
351 2331 409 2410 τῆς
428 2323 552 2411 χάρης,
577 2327 632 2393 καλ
652 2325 866 2412 δορυφόρους
880 2323 972 2416 αὐτῷ
995 2323 1133 2411 έπιτρά-
1247 2336 1248 2353 λ

129 2439 231 2486 τουσι
245 2422 281 2488 έκ
295 2420 432 2490 πάντων
447 2421 578 2512 Μήδων
596 2428 846 2504 καταλέξασθαι.
889 2422 907 2493 ὁ
934 2429 971 2496 δὲ
999 2422 1043 2503 ὥς
1057 2427 1133 2508 ἔσχε

128 2516 191 2604 τήν
210 2517 333 2607 άρχήν,
354 2520 432 2600 τούς
452 2521 595 2609 Μήδους
617 2521 788 2610 ήνάχκασε
808 2527 847 2590 ἓν
865 2523 1010 2609 πόλισμα
1030 2522 1134 2609 ποιή-

129 2627 270 2704 σασθαι,
297 2619 473 2687 καὶτοῦτο
499 2625 775 2709 περιστέλλοντας
800 2628 868 2689 τῶν
892 2619 1003 2691 ἄλλων
1028 2624 1133 2690 ἕσσον

127 2714 350 2800 ἐπιμέλεσθαι.
392 2724 605 2806 πειθομένων
633 2719 670 2788 δέ
695 2723 749 2788 καί
773 2728 876 2790 ταῦτα
900 2728 968 2789 τῶν
993 2721 1133 2809 Μήδων

127 2818 310 2902 οἰκοδομέει
324 2822 430 2904 τείχεα
444 2819 571 2908 μεγάλα
584 2847 620 2889 τε
637 2823 693 2888 καὶ
706 2823 867 2909 καρτερά,
887 2830 992 2890 ταῦτα
1005 2818 1045 2890 τά
1061 2829 1131 2889 νῦν

122 2910 307 3000 Ἀγβάτανα
327 2919 498 3005 κέκληται,
530 2923 645 3007 ἕτερον
672 2923 772 3009 ἑτέρῳ
798 2921 910 3014 κύκλῳ
936 2925 1128 2991 ἐνεστεῶτα.

123 3014 350 3101 μεμηχάνηται
370 3019 407 3085 δὲ
430 3017 518 3086 οὕτω
538 3027 637 3088 τοῦτο
660 3017 697 3086 τδ
718 3035 840 3107 τεῖχος,
866 3019 988 3090 ὥστεό
1015 3025 1130 3108 ἕτερος

123 3117 185 3180 τοῦ
194 3114 308 3200 έτέρου
323 3115 446 3196 κύκλος
460 3131 545 3186 τοῖσι
559 3125 773 3205 προμαχεῶοι
786 3120 946 3205 μοόνοισί
953 3124 1020 3190 ἐστι
1035 3119 1129 3210 ὑψη-

123 3207 267 3297 λότερος.
296 3210 333 3280 τό
356 3217 419 3300 μέν
438 3215 503 3284 κοό
517 3243 548 3283 τι
562 3219 617 3284 καὶ
632 3215 670 3285 τό
685 3227 810 3305 χωρίον
821 3225 1002 3308 συμμαχέει
1016 3231 1130 3292 κολω-

121 3309 181 3392 υδς
196 3309 253 3380 έὸν
293 3310 376 3382 ὥστε
395 3321 527 3384 τοιοῦτο
548 3315 653 3404 εἰναι,
673 3316 711 3386 τό
733 3322 769 3387 δέ
789 3321 844 3388 καὶ
859 3320 988 3408 μᾶλλόν
1002 3349 1034 3390 τι
1048 3325 1131 3392 έπε-

121 3409 287 3498 τηδεόθη,
303 3411 439 3480 κύκλων
452 3413 579 3482 έόντων
592 3421 661 3482 τῶν
676 3416 901 3486 συναπάντων
914 3418 1005 3488 ἑπτά.
1037 3422 1075 3487 έν
1089 3422 1129 3490 δὲ

120 3516 361 3602 τῷτελευταίῳ
382 3511 421 3579 τά
442 3513 597 3600 βασιλήια
620 3519 727 3583 ἔνεστι
748 3518 803 3584 καί
823 3521 857 3584 οἰ
868 3523 1045 3603 θησαυροί.
1087 3517 1128 3585 τό
