2500 3925
304 236 388 293 LIB.
420 238 442 292 1.
477 236 567 295 cAP
613 241 714 299 118-
729 246 788 301 116.
1012 237 1055 301 33

76 412 118 459 ιιι
108 390 257 463 θουλου
264 393 458 483 βουκολου
466 396 509 464 33
525 393 661 485 παιδός,
686 388 753 467 τάδε
774 404 1053 489 περιυβρίσμεθα,

76 486 182 571 ἐειτνός
196 516 259 560 τον
245 489 394 573 παιδός
408 489 488 573 τούς
504 492 625 581 τόμους.
668 492 830 577 Ἀκούσας
849 498 886 567 33
901 492 1055 567 καλέσων
1071 504 1121 559 1¹⁸

75 587 278 679 ὁἈστυάμης,
292 590 423 663 ἐθέλων
434 599 619 680 τιμωρῆσαι
634 618 680 683 τφ
666 598 785 664 παιδὶ
798 600 894 683 τιμῆς
908 600 966 681 τῆς
978 592 1055 713 Ἀρ-

74 690 220 779 ιεμβόρεω
235 692 375 779 εἵνεκεν,
382 692 658 780 μετεπέμπετο
619 719 681 764 τον
692 719 729 761 τε
741 691 912 782 βουκόλον
925 696 981 761 καὶ
993 688 1054 762 τόν

73 795 157 859 ταῑέα.
198 790 305 863 emm
326 787 363 859 33
373 796 529 877 παρῆσαν
543 785 740 878 ἀμφότεροι,
756 791 882 878 βλέψας
896 786 980 878 ττρός
993 786 1054 858 τόν

72 895 165 976 Κῦρον
186 884 205 957 ὁ
226 885 408 975 Ἀστυάγης
428 894 511 975 ἐφη·
554 886 610 957 Σό
626 886 668 977 331
690 885 756 957 ἐων
775 893 875 961 τοῦδε
895 888 1053 959 τοιούτου

71 982 161 1065 ἐόντος
177 997 256 1065 ταῖς
271 983 509 1073 ἐτόλμησας
474 1012 536 1064 τον
558 991 658 1056 τοῡθε
672 991 774 1059 ταῖθα
789 986 903 1067 ἐόντος
916 986 1053 1076 κρότου

69 1105 114 1169 ταρ
113 1079 211 1168 ’ἐμοὶ
226 1078 351 1171 άεικείμ
363 1088 474 1171 τοιηθε
481 1100 676 1173 περισπεῖν
697 1083 785 1157 ‘303
801 1083 954 1177 άμελβετο
969 1077 1051 1155 άόε

67 1172 263 1268 Ὠέέσττοτα,
290 1180 354 1267 ἐμά
377 1185 483 1251 ταῦτα
505 1184 633 1250 τοῦτον
646 1182 785 1267 έτιολησα
809 1179 875 1250 σόν
906 1187 997 1272 βάκ-ρ·
1020 1187 1055 1252 οἱ

69 1281 169 1369 νάρμε
183 1284 275 1351 ἐκ
234 1309 293 1371 της
307 1281 419 1371 κόμης
432 1288 564 1372 τιαϊόες,
586 1292 656 1355 τῶν
668 1288 725 1354 καλ
739 1275 833 1353 όθε
810 1312 865 1373 ην,
881 1290 1052 1365 παίζοντες

67 1376 219 1463 σφέων’
176 1386 290 1449 αυτιὸυ
303 1381 484 1471 ἐστήσαντο
498 1385 654 1471 βασιλέα·
685 1382 823 1453 ἐδόκεον
840 1382 906 1473 γάρ
927 1403 989 1470 σφι
1004 1380 1052 1451 εέ-

67 1504 103 1545 ναι
123 1480 158 1557 ἐς
180 1484 281 1547 τοῦτο
301 1480 570 1569 ἐπιτηδεότατος.
604 1484 639 1549 οἱ
659 1483 722 1567 μέν
743 1507 810 1549 νυν
825 1480 920 1551 άλλοι
937 1485 1052 1559 names

66 1574 91 1644 τό
102 1576 346 1665 ἐπιτασσόμενα
360 1578 543 1667 ἐπετέλεον,
566 1571 665 1659 οὗτος
679 1580 715 1649 33
730 1576 937 1667 ἀνηκούστεέ
947 1578 1052 1648 τεκαὶ

66 1676 149 1763 λόγον
165 1676 231 1765 εἶχε
242 1674 377 1765 οὐθένα,
392 1678 425 1757 ἐς
440 1674 569 1767 ὃέλαβε
584 1675 647 1767 τὴν
662 1683 770 1765 δίκην.
793 1684 824 1749 εέ
835 1670 885 1747 όν
900 1675 941 1765 δὴ
952 1679 1052 1748 τοῦδε

65 1779 176 1849 εἵνεκεν
192 1774 285 1859 άξιός
305 1804 364 1854 τεν
377 1784 485 1847 κακοῦ
500 1780 582 1865 εέμλ,
606 1776 665 1847 όθε
677 1803 731 1847 τοι
746 1776 892 1866 πάρειμι.
941 1780 1052 1843 Ταῦτα
1068 1778 1119 1836 113

64 1879 203 1964 λέγοντος
229 1885 293 1948 τοῦ-
317 1874 436 1957 παιδός
460 1872 522 1945 τόν
541 1874 723 1966 Ἀστυάγεα
747 1875 836 1966 ἐσήιε
863 1870 1053 1961 ἀνάγνωσις

63 1975 169 2062 ιύτοῦ,
191 1980 252 2045 καί
268 1973 336 2046 033
349 2001 385 2046 τε
403 1972 572 2096 χαρακτὴρ
589 1983 650 2045 τοῦ
666 1974 850 2066 προστάτου
864 1970 1053 2062 προσφέρε-

63 2087 129 2146 σθαι
144 2073 259 2146 ἐδόκεε
277 2075 310 2154 ἐς
323 2071 451 2142 ἑωυτόν
473 2071 566 2146 καὶ
548 2103 570 2163 η
592 2071 769 2163 ὑπόκρισις
789 2067 1051 2184 έλευθεριωτέρη

63 2173 150 2262 εἶναι,
173 2171 193 2243 3
214 2199 250 2242 τε
272 2171 393 2261 χρόνος
415 2178 473 2260 τῆς
492 2173 645 2250 ἐκθέσιος
666 2179 707 2262 τῇ
726 2167 839 2292 ν’ρλικόρ
858 2194 919 2238 του
904 2160 1051 2243 παιδός

61 2275 161 2344 ἐδόκεε
188 2279 396 2360 συμβαίνειν
429 2273 601 2360 ἐκπλαγεὶς
626 2271 664 2342 33
685 2269 833 2339 τοότοισι
853 2269 906 2338 ἐτιλ
928 2263 1052 2353 χρόνον

61 2372 225 2460 ἄφθογγος
238 2363 299 2458 ἦν
314 2369 411 2460 μόρας
422 2369 459 2440 33
473 2370 516 2458 δή
529 2367 818 2456 κοτεάνενιιχθεές
830 2364 911 2452 εἷπε,
923 2366 1052 2434 ἐθέλων

60 2472 213 2558 ἐκπέμψαι
234 2465 296 2538 τόν
312 2468 593 2558 Ἀρτεμβάρεα,“
578 2495 635 2537 ινα
656 2465 717 2538 τόν
736 2464 907 2555 βουκόλον
920 2467 1050 2549 μοῦνον

60 2567 162 2658 λαβών
173 2571 354 2656 βασανίσῃ·
373 2564 601 2687 Ἀρτέμβαρες,
616 2562 680 2652 ἐγω
695 2571 799 2634 ταῦτα
810 2559 950 2651 ποιήσω,
967 2556 1051 2626 ωσιε

60 2668 90 2736 33
108 2669 161 2736 καὶ
179 2663 242 2736 τόν
261 2660 418 2736 παιόα
383 2689 445 2740 τον
468 2663 531 2738 σόν
553 2665 659 2754 μηδὲν
679 2663 934 2750 ἐπιμέμφεσθαι.
983 2654 1051 2725 Τόν

60 2764 167 2856 μένθιὶ
181 2764 405 2856 Ἀρτεμβάρεα
419 2767 557 2852 τιέμτιει,
579 2761 640 2834 τόν
656 2764 693 2832 33
706 2768 824 2852 Κῦρον
839 2752 925 2850 ἦγον
940 2765 1006 2828 ἐσω
1020 2763 1054 2827 03
1171 2787 1175 2795 ·

59 2796 258 2953 ἐέερόαιοντες
274 2861 495 2942 κελεύσαντος
509 2886 570 2933 τον
556 2857 791 2944 Ἀστυάγεος.
818 2859 875 2926 ἐπε
877 2860 888 2926 3
910 2853 986 2924 33‘
968 2880 1051 2924 υπε-

59 2964 199 3032 λέλειιιτο
229 2956 247 3028 ὁ
278 2956 441 3044 βουκόλος
470 2960 595 3044 μοῦνος
624 2958 843 3044 μουνωθέντα
873 2951 977 3024 αὐτὸν
1005 2960 1053 3020 ελ-

61 3087 127 3146 ρετο
141 3058 159 3132 3
172 3057 372 3146 Ἀστυάγης,
391 3055 499 3126 κόθεν
513 3055 611 3143 λάβοι
638 3050 698 3123 τόν
719 3056 822 3122 ααῑθα
835 3053 891 3120 καὶ
904 3055 952 3130 τίς
967 3058 1017 3136 εἴη
1034 3045 1051 3118 3

61 3157 268 3249 τιαραθοός.’
254 3187 273 3229 ο
292 3159 328 3232 33
312 3159 412 3244 3‘33
395 3163 529 3228 εωυτοῦ
533 3182 569 3230 τε
583 3161 648 3243 ἐφη
662 3153 838 3241 γενονέναι
853 3147 958 3220 καὶ
923 3176 984 3240 την
999 3176 1053 3218 τε·

62 3256 298 3333 κουσαναάτὸν
316 3261 364 3333 ἔτι
385 3253 470 3326 εἶναι
484 3251 559 3345 παρ’
576 3256 698 3346 εωυτῶ.
739 3245 923 3338 Ἀστυάγης
944 3253 1054 3338 θέμιν

64 3357 115 3430 οὐκ
130 3386 168 3431 εν
154 3353 407 3450 βουλεύεσθαι
422 3361 486 3443 ἐφη
501 3353 729 3440 ἐπιθυμέοντα
740 3347 806 3432 ἐς’
788 3348 937 3437 ανάγκας
949 3348 1055 3438 μεμά-

65 3463 112 3537 λας
130 3452 414 3542 άκικνέεσθαι,”
391 3482 460 3542 αμα
480 3479 515 3526 τι
536 3453 645 3540 λέγων
665 3457 768 3520 ταῦτα
789 3447 947 3538 ἐσήμαινε
969 3460 1054 3517 τοῖσι
