2500 3925
351 235 437 295 ιιΒ.
469 235 506 290 ο.
540 217 638 293 υκοζ
671 239 846 292 ιον-ιω.
1060 226 1103 291 σε

98 403 154 481 τῆς
165 403 347 484 συλλογῆς,
367 393 450 464 τόστε
460 400 565 462 ταῦτα
578 399 854 477 συνυφανθῆναι,
865 390 925 458 τόν
932 392 1103 478 Μιλήσιον

94 493 349 583 Ἀρισταγόρην,
379 501 495 580 πρῦτα
515 493 578 579 μέν
597 496 729 576 λέγεται
749 488 870 578 αὐτόν,
898 489 941 570 ὡς
958 492 1103 560 ἐπύθετο

97 601 211 679 ταῦτα,
226 590 349 662 Ἰάνων
364 591 489 660 οῦῦένα
500 591 604 676 λόγον
614 589 854 675 ποιησάμενον,
869 583 909 658 εῦ
922 590 1043 675 εἰδότα,
1060 586 1105 666 ὡς

97 685 195 762 οὗτοί
206 720 244 779 γε
262 691 306 760 οῦ
318 697 597 776 καταπροΐξονται
610 686 826 775 ἀποστάντες,
842 698 1006 776 είρεσθαι,
1020 691 1105 756 οἵτι-

96 818 152 871 νες
166 791 234 860 εἶεν
245 797 280 860 oc
288 791 479 877 Ἀθηναῖοι,
489 789 573 874 μετὰ
586 788 623 856 δέ
637 788 837 875 πυθόμενον
849 795 979 874 αἰτῆσαι
994 788 1031 856 τό
1047 789 1105 856 τό-

96 901 172 979 ξον,
194 892 342 980 λαβόντα
358 894 395 960 δὲ
410 893 466 960 καλ
483 895 643 960 ἐπιθέντα
656 888 772 959 όίστόν
786 889 859 958 ἀνω
875 894 909 968 ές
924 889 985 959 τόν
999 890 1105 980 οῦρα-

97 991 161 1060 νῦν
180 989 331 1077 ἀπεῖναι,
352 995 411 1057 καί
422 1015 481 1074 μιν
501 991 534 1066 ές
554 985 615 1056 τόν
634 985 716 1075 ἠέρα
731 987 899 1074 βάλλοντα
915 995 1035 1058 εἰπεῖν·
1064 984 1104 1057 Ὠ

76 1147 79 1154 ,
97 1096 180 1176 Ζεῦ,
202 1091 400 1174 ἐκγενέσθαι
415 1111 474 1172 μοι
492 1083 695 1171 Ἀθηναίους
713 1093 888 1174 τίσασθαι,
909 1099 1048 1157 εἴπαντα
1067 1089 1105 1156 δὲ

97 1197 199 1262 ταῦτα
218 1190 402 1277 προστάξαι
417 1189 467 1255 ένλ
481 1193 550 1254 τῦν
568 1187 793 1274 θεραπόντων
813 1193 953 1258 δείπνου
965 1215 1105 1278 προκει-

94 1294 200 1376 μένου
216 1287 306 1379 αὐτῷ
320 1292 354 1366 ές
372 1289 444 1371 τρὶς
462 1285 617 1353 ἑκάστοτε
637 1290 760 1353 εἰπεῖν·
784 1289 956 1374 Δέσποτα,
980 1290 1103 1374 μέμνεο

94 1395 162 1455 τῦν
179 1385 379 1473 Ἀθηναίων.
421 1385 618 1469 Προστάξας
639 1386 794 1452 δὲταῦτα
809 1382 896 1473 εἶπε,
917 1390 1059 1466 καλέσας
1072 1389 1106 1465 ές
1122 1401 1169 1456 106

95 1486 176 1569 ὄψιν
184 1487 340 1558 Ἱστιαῖον
350 1483 412 1554 τόν
422 1485 613 1572 Μιλήσιον,
624 1483 687 1552 τόν
697 1483 717 1554 5
729 1495 874 1571 Δαρεῖος
882 1501 1011 1572 κατεῖχε
1023 1485 1104 1574 χρό-

96 1613 158 1654 νον
172 1585 236 1672 ἤιλη
250 1583 394 1653 πολλόν·
422 1583 669 1671 Πυνθάνομαι,
684 1584 830 1672 Ἱστιαῖε,
847 1589 1027 1674 ἐπίτροπον
1042 1584 1104 1654 τόν

96 1682 158 1753 σόν
166 1735 176 1768 ,
190 1690 236 1774 τῷ
252 1680 296 1750 σῦ
307 1687 462 1768 Μίλητον
476 1685 668 1771 ἐπέτρεψας,
682 1684 829 1771 νεώτερα
843 1687 877 1764 ές
891 1686 948 1770 ἐμὲ
962 1709 1104 1771 πεποιη-

94 1785 189 1852 κέναι
202 1779 395 1868 πρήγματα·
418 1779 545 1868 ἀνδρας
557 1779 623 1867 γάρ
639 1808 696 1869 μοι
710 1785 747 1851 έιι
761 1791 819 1870 τῆς
836 1787 947 1872 ἑτέρης
961 1781 1103 1872 ἠπείρου

94 1876 274 1968 έπαγαγῦν
297 1881 353 1946 καὶ
363 1875 483 1957 Ἴωνας
503 1876 570 1946 σῦν
592 1875 722 1948 αῦτοίσι
744 1879 824 1959 τοῦς
839 1880 1010 1961 ῦάσοντας
1030 1885 1103 1969 ἐμοὶ

95 1987 194 2067 δίκην
208 1986 276 2047 τόν
294 1982 472 2065 ἐποίησαν,
492 1978 634 2057 τούτους
647 1977 847 2066 άναγνιόσας
861 1980 931 2068 ἅμα
946 1985 1104 2051 ἐκείνοισι

94 2082 236 2147 ἕπεσθαι
251 2079 411 2163 Σαρδίων
421 2102 462 2161 με
474 2074 686 2164 ἀπεστέρηκε
705 2084 771 2145 νῦν
782 2072 832 2146 όν
842 2087 910 2160 κῦς
919 2107 972 2149 τοι
982 2089 1103 2167 φαίνε-

93 2205 147 2246 ται
161 2184 266 2245 ταῦτα
274 2183 367 2261 ἔχειν
380 2183 506 2258 καλῦς;
528 2203 595 2256 κως
607 2175 676 2245 5
653 2203 737 2245 ανευ
750 2184 819 2245 νῦν
829 2186 900 2247 σῦν
910 2182 1102 2303 βουλεγμά-

93 2303 161 2345 των
176 2274 309 2343 τοιοῦτό
323 2300 354 2343 τι
368 2274 576 2363 έπρήχθη;“
549 2300 635 2398 ορα,
646 2303 690 2363 μη
680 2273 736 2356 ἐξ
747 2274 888 2366 ὑστέρης
901 2278 1051 2349 σεωυτὸν
1066 2278 1102 2347 έν

94 2381 181 2463 αίτίη
197 2382 282 2463 έχης.
306 2372 390 2443 Eine
401 2373 487 2461 πρός
500 2381 605 2443 ταῦτα
619 2373 638 2443 5
647 2373 813 2455 Ἱστιαῖος·
834 2386 991 2463 Βασιλεῦ,
1007 2393 1103 2447 κοῖον

94 2476 261 2561 ἐφθέγξαο
276 2480 371 2557 ἔποςς
393 2477 449 2562 ἐμὲ
464 2481 648 2565 βουλεῦσαι
662 2482 814 2563 πρῆγμα,
838 2479 874 2544 έκ
890 2484 952 2545 τοῦ
965 2485 1022 2546 σοί
1032 2507 1064 2547 τι
1080 2506 1101 2562 η

94 2581 178 2665 μέγα
196 2571 219 2662 ἦ
236 2573 380 2662 σμικρὸν
400 2581 516 2663 ἔμελλε
536 2573 691 2662 λυπηρόν
706 2574 925 2661 άνασχήσεινς
950 2581 986 2645 τί
1003 2575 1035 2643 δ’
1057 2572 1102 2644 ἀν

89 2672 321 2760 ’ἐπιδιζήμενος
331 2672 478 2760 ποιέοιμι
488 2681 603 2759 ταῦτα,
610 2680 670 2741 τεῦ
684 2670 844 2759 ῦὲένῦεὴς
854 2674 938 2757 έόν;
953 2681 999 2765 τῷ
1009 2675 1101 2760 πάρα
1164 2744 1167 2748 ,

93 2776 155 2861 μέν
169 2772 280 2840 πάντα
305 2771 433 2860 ὅσαπερ
456 2777 526 2857 σοὶ,
541 2770 680 2839 πάντων
692 2771 728 2839 δὲ
739 2768 824 2855 πρὸς
839 2775 895 2840 σέο
907 2774 1100 2859 βουλευμά-

93 2898 160 2939 των
176 2869 355 2943 ἐπακούειν
369 2867 533 2956 ἀξιεῦμαι.
558 2866 633 2938 ἀλλ’
652 2879 745 2951 εἰπερ
755 2895 786 2937 τι
796 2877 949 2957 τοιοῦτο,
967 2867 1039 2939 οἷον
1055 2869 1099 2937 σῦ

93 2978 245 3056 είρηκας,
260 2966 402 3048 πρήσσει
413 2964 432 3033 ὁ
444 2965 522 3046 ἐμὸς
537 2970 729 3053 ἐπίτροπος,
745 2976 819 3035 ίσθι
830 2964 935 3035 αὐτόν
946 2966 998 3035 ἐπ’
1015 2970 1100 3036 ἑωυ-

92 3073 153 3134 τοῦ
162 3066 370 3154 βαλλόμενον
377 3070 590 3158 πεπρηγέναι.
613 3062 721 3153 ἀρχὴν
736 3064 773 3131 δὲ
789 3071 894 3150 ἔγωγε
910 3061 990 3133 οῦδὲ
1005 3067 1100 3133 ἐνδέ-

91 3189 194 3249 κομαι
207 3160 267 3229 τὸν
277 3162 398 3250 λόγον,
415 3164 501 3241 ὅκως
511 3191 543 3232 τι
553 3163 718 3251 Μιλήσιοι
731 3166 786 3232 καὶ
801 3162 818 3231 5
835 3162 913 3282 ἐμός
923 3167 1100 3248 ἐπίτροπος

90 3260 259 3348 υεοέτερον
272 3260 460 3348 πρήσσουσι
473 3266 549 3387 περι
563 3263 740 3387 πράγματα
756 3260 797 3329 τά
813 3264 872 3330 σά
895 3261 1010 3332 είῦ’”
987 3290 1051 3350 αρα
1067 3290 1099 3332 τι

90 3369 223 3433 τοιοῦτο
235 3369 367 3430 ποιεῦσι
378 3364 433 3431 καὶ
443 3361 487 3430 σῦ
498 3391 534 3432 το
523 3362 639 3433 έόν’
619 3364 777 3452 ακήκοας,
793 3392 821 3432 ω
806 3356 981 3453 βασιλεῦ,
996 3368 1098 3465 μάθε

89 3460 165 3535 οἷον
186 3468 322 3551 πρῆγμα
345 3466 424 3550 έργιῑ
449 3490 489 3531 αο
515 3464 554 3547 ἐμ
555 3462 616 3532 5’
597 3460 664 3531 απὸ
687 3471 861 3550 θαλασσης
883 3462 1099 3535 ἀνάσπαστον
