2500 3925
152 255 193 319 68
538 247 791 309 HERODOTI

152 424 219 485 τῶν
229 412 355 505 ἡλίκων
369 408 597 501 ἀνδρειοτάτῳ
612 407 669 475 καὶ
677 401 947 494 προσφιλεστάτῳ
961 397 1154 489 προσεκέετο

153 516 170 589 ὃ
190 518 356 603 ’Ἅρπαγος
370 518 462 602 δῶρα
474 516 636 600 πέμπων,
661 514 820 576 τίσασθαι
836 498 1020 586 Ἀστυάγεα
1035 499 1156 566 ἐπιθυ-

152 622 251 707 μέων.
278 610 331 686 ἄπ’
347 618 475 685 ἑωυτοῦ
486 608 551 699 γάρ
564 609 678 687 ἐόντος
689 603 827 676 ίδιάτεω
838 597 904 673 οάιι
914 595 1041 686 ἐνεάρα
1055 619 1157 681 τιμω·

151 724 229 805 ριήν
249 717 413 802 ἐσομένην
430 715 463 792 ἐς
480 709 680 795 Ἀστυάγεα,
702 712 821 791 Κῦρον
840 706 877 771 δέ
897 697 1007 787 ὁρέων
1029 698 1157 779 ἐπιτρε-

151 816 303 905 φόμενον
331 816 477 882 ἐποιέετο
503 808 697 896 σύμμαχον,
732 802 791 883 τὰς
815 800 931 881 πάθας
955 795 1015 877 τάς
1038 793 1158 880 Κύρου

150 924 226 1007 τῇσι
249 916 376 983 ἑωυτοῦ
404 908 630 1000 ὁμοιεύμευος.
674 903 739 991 πρδ
755 901 788 971 δ’
812 909 861 972 έτι
879 898 1006 970 τούτου
1026 893 1106 964 τάδε
1127 896 1161 960 ολ

151 1019 373 1100 κατέργαστο·
418 1010 534 1089 ἐόντος
564 1014 625 1076 τοῦ
647 1002 845 1089 Ἀστυάγεος
869 1004 994 1087 πικροῦ
1020 998 1053 1075 ἐς
1079 987 1160 1070 τοὺς

152 1115 313 1203 Μήδους,
337 1117 535 1199 συμμίσγων
558 1110 607 1176 ένλ
622 1104 749 1195 ἑκάστω
767 1098 972 1188 δ”Αρπαγος
984 1101 1053 1163 τῶν
1066 1089 1161 1178 πρά-

151 1237 220 1281 των
235 1210 367 1297 Μήδων
387 1206 564 1292 άνέπευθε,
588 1203 633 1284 ὡς
653 1199 715 1289 χρὴ
732 1206 851 1283 Κῦρον
864 1193 1161 1284 προστησαμένους

150 1310 336 1398 Ἀστυάγεα
353 1313 480 1379 παῦσαι
496 1309 555 1393 τῆς
573 1306 756 1392 βασιληίης.
792 1295 1061 1388 κατεργασμένου
1077 1290 1116 1359 δέ
1125 1292 1163 1357 οί

152 1414 275 1484 τούτου
302 1411 359 1480 καλ
386 1409 497 1488 ἐόντος
522 1408 672 1493 ἑτοίμου,
705 1400 793 1471 οὕτω
817 1397 857 1486 δὴ
880 1400 929 1489 τῷ
947 1392 1052 1486 Κόρη
1071 1396 1158 1460 διαι-

153 1515 298 1605 τεομένςο
327 1514 363 1581 ἐν
389 1511 539 1599 Πέρσησι
570 1504 773 1593 βουλόμενος
802 1497 1015 1587 δ”Αρπαγος
1047 1497 1160 1579 δηλῶ·

154 1639 210 1685 σαι
225 1614 286 1700 τὴν
303 1614 431 1680 ἑωυτοῦ
445 1613 584 1698 γνάμηυ
626 1608 735 1689 άλλως
756 1610 818 1695 μέν
840 1603 996 1691 οὐδαμῶς
1017 1598 1081 1686 εἶχε
1101 1597 1164 1663 ἅτε

154 1723 223 1785 τῶν
248 1711 339 1782 ὁδῶν
363 1713 649 1799 φυλασσομένων,
675 1708 753 1778 δδέ
778 1711 986 1793 ἐπιτεχνᾶται
1008 1698 1163 1772 τοιόνδε·

154 1812 261 1903 λαγὸν
283 1810 576 1901 μηχανησάμενος,
598 1811 654 1879 καλ
674 1806 855 1896 ἀνασχίσας
875 1803 999 1874 τούτου
1021 1795 1084 1887 τὴν
1097 1822 1165 1883 γα·

154 1916 254 2003 στέρα
276 1914 332 1982 καλ
354 1908 454 1981 οὐδὲν
473 1908 648 1996 ἀποτίλας,
675 1905 720 1988 ὡς
742 1908 779 1976 δὲ
799 1901 880 1994 εἶχε,
906 1900 995 1973 οὕτω
1019 1901 1165 1984 ἐσέθηκε

155 2017 307 2102 βιβλίον,
328 2011 462 2100 γράψας
482 2010 523 2077 τά
539 2014 572 2077 ολ
586 2008 717 2077 ἐδόκεε·
747 2004 948 2096 ἀπορράψας
968 1998 1005 2070 δέ
1023 2003 1086 2068 τοῦ
1100 2004 1166 2065 λα-

154 2119 218 2200 γοῦ
231 2107 294 2197 τὴν
308 2109 469 2196 γαστέρα,
491 2109 546 2175 καλ
560 2111 680 2175 δίκτυα
694 2103 774 2184 δυάς
788 2101 847 2172 άτε
859 2105 1012 2189 θηρευτῇ
1026 2102 1097 2165 τῶν
1112 2099 1167 2161 oc-

155 2215 279 2281 κετέωυ
293 2213 339 2300 τῷ
354 2205 551 2297 πιστοτάτῳ,
566 2201 739 2273 ἀπέστειλε
754 2206 788 2282 ές
802 2198 882 2281 τοδς
895 2203 1039 2287 Πέρσας,
1055 2200 1167 2266 ἐντει-

154 2306 299 2396 λάμενός
325 2310 359 2374 οί
385 2301 451 2373 άπὸ
477 2303 647 2392 γλάσσης,
677 2300 814 2371 διδόντα
841 2298 902 2370 τὸν
925 2297 1033 2388 λαγὸν
1055 2295 1167 2389 Κύρῳ

155 2411 320 2492 ἐπειπεῖν,
346 2400 536 2492 αὐτοχειρίῃ
560 2428 619 2488 μιν
641 2405 764 2470 διελεῖν
785 2401 841 2468 καὶ
861 2401 990 2487 μηδένα
1011 2401 1045 2467 οί
1056 2402 1168 2465 ταῦτα

89 2525 139 2578 124
153 2511 306 2574 ποιεῦντι
327 2517 491 2591 παρεῖναι.
540 2499 654 2570 Ταῦτά
672 2525 708 2568 τε
731 2496 773 2588 δὴ
793 2491 843 2567 άν·
858 2500 1007 2567 ἐπιτελέα
1021 2499 1168 2584 ἐγίνετο,

155 2605 210 2674 καὶ
224 2599 242 2671 ὁ
258 2608 371 2690 Κῦρος
385 2598 591 2689 παραλαβάν
607 2597 669 2668 τὸν
683 2595 789 2686 λαγὸν
803 2595 964 2686 άνέσχισε.
998 2595 1111 2688 εὑρὼν
1128 2601 1169 2665 δὲ

155 2708 192 2774 ἐν
219 2700 309 2794 αὐτῷ
334 2698 371 2770 τὸ
401 2707 534 2789 βιβλίον
562 2699 660 2770 ἐνεὸν
686 2696 801 2787 λαβάν
829 2700 1010 2785 ἐπελέγετο.
1055 2694 1097 2764 τά
1128 2700 1169 2764 δὲ

155 2803 333 2891 γράμματα
348 2805 441 2887 έλεγε
454 2799 550 2868 τάδε·
582 2794 622 2868 Ὠ
636 2813 698 2867 παῑ
711 2800 918 2888 Καμβύσεω,
940 2801 977 2868 σέ
998 2795 1064 2887 γάρ
1084 2804 1169 2867 θεολ

155 2901 352 2987 ἐπορέουσι,
379 2897 421 2966 οὐ
442 2897 507 2987 γάρ
530 2897 573 2968 άν
594 2924 671 2967 κοτε
691 2901 725 2979 ές
744 2906 885 2967 τοσοῦτο
904 2899 1006 2987 τύχης
1027 2896 1169 2986 άπίκεο,

154 2998 198 3070 σύ
215 3026 281 3068 νυν
292 2997 475 3085 Ἀστυάγεα
495 2997 556 3068 τὸν
573 3004 724 3068 σεωυτοῦ
739 3001 846 3086 φονέα
859 3013 957 3067 τῖσαι.
998 2995 1084 3067 κατὰ
1099 2999 1171 3083 μὲν

154 3097 218 3185 γάρ
233 3097 296 3188 τὴν
310 3100 435 3169 τούτου
448 3106 647 3188 προθυμίην
660 3102 838 3187 τέθνηκας,
851 3095 890 3166 τδ
904 3098 942 3166 δὲ
956 3094 1041 3166 κατά
1053 3098 1170 3177 θεούς

153 3224 189 3267 τε
205 3202 261 3268 καλ
275 3200 331 3286 ἐμὲ
347 3205 480 3284 περίεις.
510 3198 551 3267 τά
566 3220 602 3267 σε
617 3201 673 3268 καλ
692 3199 796 3269 πάλαι
809 3200 916 3267 δοκέω
935 3194 1047 3266 πάντα
1062 3192 1169 3283 ἐκμε·

154 3299 343 3384 μαθηκέναι
357 3299 414 3365 σέο
429 3323 464 3366 τε
479 3295 585 3367 αὐτοῦ
599 3301 694 3387 πέρι,
710 3297 755 3378 ὡς
769 3295 938 3386 ἐπρήχθη,
955 3297 1011 3365 καί
1025 3291 1082 3365 οἶα
1095 3295 1170 3383 έγά

157 3395 220 3467 ὑπὸ
238 3397 436 3485 Ἀστυάγεος
447 3403 620 3487 πέπονθα,
643 3400 694 3469 ὅτι
716 3419 754 3467 σε
775 3396 837 3466 οὐκ
857 3394 1053 3484 ἀπέκτεινα,
1075 3393 1171 3466 ἄλλά
