2500 3925
162 239 205 305 62
543 237 794 297 HERODOTI
837 286 843 290 .

162 413 259 473 τιθεῖ.
293 398 337 483 ὡς
352 402 456 471 δὲί
402 407 456 491 τρί
454 428 494 490 τη
508 398 615 491 ἡμέρη
629 422 676 518 αφ
662 400 811 488 παιδίφ
825 396 1004 489 ἐκκειμένῳ
1023 394 1170 483 ἐγέτετο,

162 500 214 591 ἤιε
230 505 263 582 ἐς
276 498 407 570 πόλιν“
391 529 409 569 ο
425 500 601 589 βουκόλος,
619 503 688 567 τῶν
701 492 777 565 τινά
793 501 994 585 προβοσκῶν
1009 492 1167 581 φάλακυν

163 599 267 671 αὐτου
253 596 494 686 καταλιπων,
517 594 629 667 ἐλθδν
651 596 687 667 δέ
702 597 736 676 ἐς
757 602 819 664 τοῦ
839 592 1011 714 Ἀρπάγου
1027 590 1167 662 ἀποδει-

162 698 286 768 κνάναι
301 700 398 784 ἔφη’
381 712 508 785 ετοιμος
523 694 607 765 εἶναι
629 720 693 765 του
676 699 840 763 παιδίου
860 690 921 761 τδν
937 693 1050 761 ι·.ἐκυν
1079 691 1167 779 πίμ-

163 813 228 879 φας
244 792 311 865 δὲ’
296 822 315 865 ο
325 793 492 885 Ἅρπαγος
508 802 576 863 τῶν
592 796 720 863 ἐωυτοῠ
734 790 938 883 δορυφόρων
954 790 1033 874 τούς
1047 810 1167 860 πιστο-

162 894 281 974 τάτους
297 892 364 963 είδί
375 919 411 963 τε
426 890 482 962 διά
497 892 626 963 τούτων
646 894 701 960 καὶ
724 896 831 975 ἔθανε
850 897 911 959 τοῦ
933 890 1104 981 βουκόλου
1125 887 1165 959 τὸ

160 996 303 1062 παιδίον.
348 994 403 1061 καὶ
426 987 466 1060 τὰ
486 992 548 1079 μὲν
565 992 744 1076 ἐτέθαπτο,
766 987 828 1059 τδυ
848 991 885 1059 δέ
916 988 1058 1077 ὕστερον
1083 987 1169 1057 606-

160 1116 228 1158 των
254 1094 372 1177 Κῦρον
412 1085 668 1177 οὐνομασθέντα
710 1097 954 1177 παραλαβοῦσα
992 1098 1110 1181 ἔτρεφε
1143 1086 1166 1177 6

161 1185 248 1277 γυνη
263 1194 325 1257 τοῦ
338 1186 526 1277 βουκόλου,
546 1185 677 1275 οὔνομα
691 1186 772 1257 άλλο
788 1188 851 1257 κού
866 1213 897 1264 τι
912 1192 968 1258 καί
990 1186 1031 1259 06
1045 1197 1168 1279 Κῦρον

158 1287 295 1374 θεμένη.

95 1417 143 1473 114
243 1385 352 1455 162⁰
331 1412 388 1456 οτε
402 1378 480 1474 66
458 1412 503 1475 ην
517 1381 709 1472 δεκαέτης’
694 1399 822 1475 οπαῑς,
842 1393 979 1476 πρῆγμα
1002 1392 1036 1470 ἐς
1057 1387 1168 1460 αὐτὸν

160 1484 292 1555 τοιόνδε
318 1485 505 1573 γενόμενον
530 1486 671 1572 ἐξέφηνέ
693 1510 761 1570 μιν.
805 1490 914 1567 ἔπαιξε
939 1488 977 1555 ἐν
1003 1494 1043 1577 τῇ
1066 1488 1167 1578 κώμη

159 1584 282 1673 ταύτῃ,
308 1586 345 1652 ἐν
366 1590 408 1704 τῇο
421 1575 509 1672 ἦσαν
524 1586 579 1651 καί
604 1610 624 1651 α
626 1587 835 1671 ίβουκολίαι
855 1576 972 1673 αὗται,
998 1591 1109 1669 ἔπαιζε
1126 1590 1168 1657 δὲ

142 1680 232 1770 ’μετ’
257 1680 369 1753 άλλωυ
390 1679 517 1771 ἡλίκων
540 1684 578 1751 ἐν
599 1678 678 1773 ὁδῷ.
717 1684 773 1751 καὶ
802 1686 836 1750 οί
855 1687 970 1764 παιδες
990 1690 1170 1781 παίζοντες

162 1783 291 1849 εἵλοντο
305 1782 440 1849 ἐωυτῶυ
453 1781 591 1870 βασιλέα
612 1749 697 1849 εἶναι
718 1787 841 1849 τοῦτον
861 1778 902 1870 66
924 1779 985 1851 τδυ
1000 1808 1062 1851 του
1047 1790 1170 1871 βου-

136 1932 139 1939 ,
160 1878 265 1947 κόλου
286 1880 458 1967 ἐπίκλησιν
477 1883 589 1947 παίδα.
621 1874 641 1945 ὁ
663 1879 699 1947 δὲ
720 1874 833 1947 αυτῶν
855 1881 980 1961 διέταξε
998 1878 1079 1964 τοὺς
1099 1882 1170 1970 μὲν

161 1987 266 2061 οἰκίας
283 1987 335 2052 οίκ
337 1981 505 2103 οδφμέειν,
526 1978 605 2060 τοδς
625 1982 663 2051 δέ
682 1979 944 2072 δορυφόρονςέ
913 2007 1015 2071 εναι,
1043 1981 1105 2056 τδν
1127 1992 1169 2055 δε

160 2080 224 2148 κοά
246 2106 322 2148 τινα
342 2077 454 2148 αὐτῶν
469 2076 651 2168 ὀφθαλμὸν
671 2079 875 2168 βασιλέοςί
844 2107 945 2168 εναι,
970 2089 1016 2174 τῷ
1038 2085 1078 2154 δέ
1094 2108 1169 2154 τινι

158 2174 217 2256 τὰς
231 2174 384 2296 ἀγγελίας
405 2179 560 2266 ἐσφέρειν
582 2181 696 2246 ἐδίδου
708 2177 871 2298 γίρας,’
848 2208 893 2260 ως
914 2179 1042 2274 ἐκάστφ
1058 2189 1169 2272 ἔργον

158 2273 387 2363 προστάσσων.
430 2269 476 2354 εἷς
496 2271 537 2363 66
561 2277 692 2346 τούτων
715 2284 783 2346 τῶν
802 2282 933 2347 παίδων
952 2287 1167 2401 συμπαίζων

157 2371 223 2442 ἐάν
234 2369 462 2461 Ἀρτεμβάρεα
476 2387 563 2462 παῖς,
580 2367 709 2463 ἀνδρὸς
719 2378 891 2463 δοκίμου’
874 2403 911 2444 εν
925 2376 1094 2468 Μήδοισι,
1120 2379 1169 2449 οὐ

155 2470 221 2563 γάρ
243 2468 283 2558 δὴ
300 2473 433 2557 ἐποίησε
455 2497 492 2540 το
482 2469 723 2562 προσταχθὲν
743 2476 780 2543 ἐκ
793 2500 854 2543 του
840 2474 1005 2564 Κύρου,
1026 2479 1168 2547 ἐκέλευε

157 2570 261 2642 αὐτὸν
281 2570 361 2651 τοὺς
382 2568 504 2653 άλλους
526 2579 647 2654 παῖδας
670 2579 858 2664 διαλαβεῖν,
883 2578 1099 2665 πειθομένων
1125 2581 1167 2648 δὲ
1237 2584 1238 2611 ¹

155 2677 223 2740 ταῖν
238 2675 367 2740 παίδων
382 2667 574 2762 ὁΚῦρος
540 2701 600 2743 τον
610 2678 713 2743 παῖδα
726 2674 923 2762 τρηχέως’
879 2700 985 2766 καρτα
999 2676 1168 2765 περιέσπε
1237 2700 1238 2723 ¹

155 2771 358 2856 μαστιγέων·
391 2767 409 2843 ὁ
437 2770 474 2842 δέ
507 2773 582 2842 ἐπεί
575 2796 615 2840 τε
648 2779 786 2860 μετείθη
806 2773 957 2863 τάχιστα,
987 2772 1032 2854 ὥς
1054 2800 1094 2862 γε
1118 2774 1167 2863 δὴ
1236 2846 1237 2849 ,

154 2868 274 2950 ἀνάξια
289 2874 416 2940 ἐωυτοῦ
433 2868 575 2990 παθβυ,
594 2869 723 2958 μᾶλλόν
741 2899 771 2940 τι
785 2873 1017 2962 περιημέκτεε,
1038 2882 1170 2942 κατελ-

152 2967 229 3040 θιδν
244 2971 279 3038 δέ
296 2971 328 3050 ἐς
345 2967 445 3040 πόλιν
459 2966 543 3057 πρὸς
559 2967 620 3038 τὸν
634 2971 759 3059 πατέρα
776 2965 978 3050 ἀποικτίζετο
1002 2977 1072 3038 τῶν
1088 2967 1167 3040 ὖπό

153 3069 271 3156 Κύρου
285 3065 419 3155 ἤντησε,
432 3068 541 3154 λίγων
552 3069 588 3136 δὲ
600 3066 768 3158 οάΚάρου
784 3064 841 3152 (06
856 3067 920 3155 γάρ
935 3095 983 3136 κω
996 3061 1040 3157 ἦν
1055 3077 1169 3138 τοῦτο

153 3167 332 3254 τοῦνομα),
348 3162 432 3236 άλλίι
448 3164 532 3256 πρὸς
545 3173 605 3236 τοῦ
620 3165 790 3290 60666606
803 3174 864 3235 τοῦ
876 3165 1069 3253 Ἀστυάγεος
1078 3193 1171 3236 παι-

154 3267 222 3347 δός.
256 3263 346 3336 ὁδλ’
340 3263 676 3388 21666666969'0666,
699 3263 743 3347 ὡς
758 3264 839 3355 εἶχε,
860 3263 972 3336 ἐλθών
987 3264 1080 3355 παρὰ
1097 3266 1172 3336 τὸν
1234 3320 1235 3351 ,

150 3360 332 3454 Ἀστυάγεα
345 3364 439 3434 καδ“
417 3393 485 3454 αμα
503 3362 668 3454 ἀγόμενος
690 3361 751 3434 τδυ
766 3369 885 3453 παῖδα,
906 3360 1052 3454 ἀνάρσια
1068 3367 1174 3456 πρή.

153 3492 260 3557 γματα
274 3469 338 3554 ἐφη
358 3465 583 3552 πεπουθέναι,
606 3464 731 3551 λέγων·
771 3455 810 3533 ’ίδ
825 3460 1020 3551 βασιλεῦ,
1002 3460 1070 3532 υπδ
1095 3476 1174 3535 τοῦ
