<?xml version="1.0" encoding="UTF-8"?>
<!DOCTYPE html PUBLIC "-//W3C//DTD XHTML 1.0 Transitional//EN"
    "http://www.w3.org/TR/xhtml1/DTD/xhtml1-transitional.dtd">
<html xmlns="http://www.w3.org/1999/xhtml" xml:lang="en" lang="en">
 <head>
  <title>
</title>
<meta http-equiv="Content-Type" content="text/html;charset=utf-8" />
  <meta name='ocr-system' content='tesseract 3.04.00' />
  <meta name='ocr-capabilities' content='ocr_page ocr_carea ocr_par ocr_line ocrx_word'/>
</head>
<body>
  <div class='ocr_page' id='page_1' title='image "./herodotihistori00dietgoog_0685.png"; bbox 0 0 2500 3925; ppageno 0'>
   <div class='ocr_carea' id='block_1_1' title="bbox 315 214 1073 281">
    <p class='ocr_par' dir='ltr' id='par_1_1' title="bbox 315 214 1073 281">
     <span class='ocr_line' id='line_1_1' title="bbox 315 214 1073 281; baseline -0.003 -1"><span class='ocrx_word' id='word_1_1' title='bbox 315 224 400 281; x_wconf 75' lang='grc' dir='ltr'><strong><em>ΗΒ.</em></strong></span> <span class='ocrx_word' id='word_1_2' title='bbox 433 224 505 279; x_wconf 88' lang='lat' dir='ltr'>v111.</span> <span class='ocrx_word' id='word_1_3' title='bbox 538 220 638 278; x_wconf 79' lang='lat' dir='ltr'><strong>CAP.</strong></span> <span class='ocrx_word' id='word_1_4' title='bbox 670 224 829 281; x_wconf 79' lang='lat'>98-101.</span> <span class='ocrx_word' id='word_1_5' title='bbox 1010 214 1073 281; x_wconf 71' lang='lat'><strong><em>265</em></strong></span> 
     </span>
    </p>
   </div>
   <div class='ocr_carea' id='block_1_2' title="bbox 16 375 1190 3531">
    <p class='ocr_par' dir='ltr' id='par_1_2' title="bbox 16 375 1190 3531">
     <span class='ocr_line' id='line_1_2' title="bbox 65 375 1073 470; baseline -0.001 -21"><span class='ocrx_word' id='word_1_6' title='bbox 65 381 129 469; x_wconf 87' lang='grc' dir='ltr'><strong><em>ήδη</em></strong></span> <span class='ocrx_word' id='word_1_7' title='bbox 145 382 334 451; x_wconf 77' lang='grc' dir='ltr'><strong><em>δοκεόντων</em></strong></span> <span class='ocrx_word' id='word_1_8' title='bbox 348 381 575 470; x_wconf 75' lang='grc' dir='ltr'><em>κατεργάσθαι</em></span> <span class='ocrx_word' id='word_1_9' title='bbox 590 375 720 466; x_wconf 76' lang='grc' dir='ltr'><strong><em>ἀποβάς</em></strong></span> <span class='ocrx_word' id='word_1_10' title='bbox 735 376 799 447; x_wconf 77' lang='grc' dir='ltr'><strong><em>ἀπὸ</em></strong></span> <span class='ocrx_word' id='word_1_11' title='bbox 815 386 883 447; x_wconf 76' lang='grc' dir='ltr'><strong><em>τῶν</em></strong></span> <span class='ocrx_word' id='word_1_12' title='bbox 897 386 985 447; x_wconf 78' lang='grc' dir='ltr'><strong><em>νεεὸν</em></strong></span> <span class='ocrx_word' id='word_1_13' title='bbox 999 404 1073 448; x_wconf 77' lang='grc' dir='ltr'><strong><em>πει·</em></strong></span> 
     </span>
     <span class='ocr_line' id='line_1_3' title="bbox 65 474 1073 568; baseline 0.001 -22"><span class='ocrx_word' id='word_1_14' title='bbox 65 480 202 567; x_wconf 89' lang='grc' dir='ltr'><strong><em>ρήσεται</em></strong></span> <span class='ocrx_word' id='word_1_15' title='bbox 216 476 442 568; x_wconf 80' lang='grc' dir='ltr'><strong><em>ἀντιωθῆναι,</em></strong></span> <span class='ocrx_word' id='word_1_16' title='bbox 464 477 536 548; x_wconf 81' lang='grc' dir='ltr'><strong><em>οὔτ’</em></strong></span> <span class='ocrx_word' id='word_1_17' title='bbox 558 481 594 547; x_wconf 87' lang='grc' dir='ltr'><strong><em>έκ</em></strong></span> <span class='ocrx_word' id='word_1_18' title='bbox 615 482 674 565; x_wconf 82' lang='grc' dir='ltr'><strong><em>τῆς</em></strong></span> <span class='ocrx_word' id='word_1_19' title='bbox 689 474 831 565; x_wconf 79' lang='grc' dir='ltr'><strong><em>ἠπείρου</em></strong></span> <span class='ocrx_word' id='word_1_20' title='bbox 847 482 961 565; x_wconf 82' lang='grc' dir='ltr'><strong><em>τῆσδε·</em></strong></span> <span class='ocrx_word' id='word_1_21' title='bbox 989 482 1024 547; x_wconf 76' lang='grc' dir='ltr'><strong><em>οἳ</em></strong></span> <span class='ocrx_word' id='word_1_22' title='bbox 1037 504 1073 547; x_wconf 90' lang='grc' dir='ltr'><strong><em>τε</em></strong></span> 
     </span>
     <span class='ocr_line' id='line_1_4' title="bbox 63 574 1073 666; baseline -0.002 -21"><span class='ocrx_word' id='word_1_23' title='bbox 63 575 145 664; x_wconf 78' lang='grc' dir='ltr'><strong><em>ἡμῖν</em></strong></span> <span class='ocrx_word' id='word_1_24' title='bbox 158 576 392 666; x_wconf 85' lang='grc' dir='ltr'><strong><em>ήντιάθησαν,</em></strong></span> <span class='ocrx_word' id='word_1_25' title='bbox 409 584 530 647; x_wconf 80' lang='grc' dir='ltr'><strong><em>ἔδοσαν</em></strong></span> <span class='ocrx_word' id='word_1_26' title='bbox 544 581 647 655; x_wconf 87' lang='grc' dir='ltr'><strong><em>δίκας.</em></strong></span> <span class='ocrx_word' id='word_1_27' title='bbox 670 580 774 661; x_wconf 85' lang='grc' dir='ltr'><strong><em>είμέν</em></strong></span> <span class='ocrx_word' id='word_1_28' title='bbox 791 602 857 643; x_wconf 89' lang='grc' dir='ltr'><strong><em>νυν</em></strong></span> <span class='ocrx_word' id='word_1_29' title='bbox 875 580 993 664; x_wconf 90' lang='grc' dir='ltr'><strong><em>δοκέει,</em></strong></span> <span class='ocrx_word' id='word_1_30' title='bbox 1010 574 1073 643; x_wconf 87' lang='grc' dir='ltr'><strong><em>αύ-</em></strong></span> 
     </span>
     <span class='ocr_line' id='line_1_5' title="bbox 64 668 1073 763; baseline -0.004 -19"><span class='ocrx_word' id='word_1_31' title='bbox 64 682 138 744; x_wconf 90' lang='grc' dir='ltr'><strong><em>τίκα</em></strong></span> <span class='ocrx_word' id='word_1_32' title='bbox 145 672 357 763; x_wconf 85' lang='grc' dir='ltr'><strong><em>πειρεοόμεθα</em></strong></span> <span class='ocrx_word' id='word_1_33' title='bbox 365 677 425 760; x_wconf 81' lang='grc' dir='ltr'><strong><em>τῆς</em></strong></span> <span class='ocrx_word' id='word_1_34' title='bbox 436 668 714 758; x_wconf 60' lang='grc' dir='ltr'><strong><em>Πελοποννήσου</em></strong></span> <span class='ocrx_word' id='word_1_35' title='bbox 726 678 756 740; x_wconf 90' lang='grc' dir='ltr'><strong><em>εί</em></strong></span> <span class='ocrx_word' id='word_1_36' title='bbox 765 676 802 741; x_wconf 77' lang='grc' dir='ltr'><strong><em>δὲ</em></strong></span> <span class='ocrx_word' id='word_1_37' title='bbox 814 676 869 741; x_wconf 79' lang='grc' dir='ltr'><strong><em>καί</em></strong></span> <span class='ocrx_word' id='word_1_38' title='bbox 880 674 988 742; x_wconf 79' lang='grc' dir='ltr'><strong><em>δοκέει</em></strong></span> <span class='ocrx_word' id='word_1_39' title='bbox 999 677 1073 742; x_wconf 85' lang='grc' dir='ltr'><strong><em>έπι-</em></strong></span> 
     </span>
     <span class='ocr_line' id='line_1_6' title="bbox 64 769 1071 861; baseline -0.004 -18"><span class='ocrx_word' id='word_1_40' title='bbox 64 788 173 860; x_wconf 77' lang='grc' dir='ltr'><strong><em>σχεῖν,</em></strong></span> <span class='ocrx_word' id='word_1_41' title='bbox 194 776 328 861; x_wconf 80' lang='grc' dir='ltr'><strong><em>παρέχει</em></strong></span> <span class='ocrx_word' id='word_1_42' title='bbox 344 777 471 841; x_wconf 78' lang='grc' dir='ltr'><strong><em>ποιέειν</em></strong></span> <span class='ocrx_word' id='word_1_43' title='bbox 487 778 600 840; x_wconf 79' lang='grc' dir='ltr'><strong><em>ταῦτα.</em></strong></span> <span class='ocrx_word' id='word_1_44' title='bbox 620 769 665 857; x_wconf 86' lang='grc' dir='ltr'><strong><em>μή</em></strong></span> <span class='ocrx_word' id='word_1_45' title='bbox 682 769 923 860; x_wconf 74' lang='grc' dir='ltr'><strong><em>δὲ’δυσθύμεε·</em></strong></span> <span class='ocrx_word' id='word_1_46' title='bbox 950 769 992 840; x_wconf 90' lang='grc' dir='ltr'><strong><em>ού</em></strong></span> <span class='ocrx_word' id='word_1_47' title='bbox 1006 771 1071 859; x_wconf 88' lang='grc' dir='ltr'><strong><em>γάρ</em></strong></span> 
     </span>
     <span class='ocr_line' id='line_1_7' title="bbox 64 868 1073 959; baseline -0.005 -17"><span class='ocrx_word' id='word_1_48' title='bbox 64 879 134 942; x_wconf 84' lang='grc' dir='ltr'><strong><em>ἐστι</em></strong></span> <span class='ocrx_word' id='word_1_49' title='bbox 150 872 286 959; x_wconf 86' lang='grc' dir='ltr'><strong><em>Ἕλλησι</em></strong></span> <span class='ocrx_word' id='word_1_50' title='bbox 306 870 445 959; x_wconf 79' lang='grc' dir='ltr'><strong><em>οὐδεμία</em></strong></span> <span class='ocrx_word' id='word_1_51' title='bbox 465 876 599 958; x_wconf 78' lang='grc' dir='ltr'><strong><em>ἔκδυσις</em></strong></span> <span class='ocrx_word' id='word_1_52' title='bbox 617 869 662 957; x_wconf 86' lang='grc' dir='ltr'><strong><em>μή</em></strong></span> <span class='ocrx_word' id='word_1_53' title='bbox 684 868 725 938; x_wconf 90' lang='grc' dir='ltr'><strong><em>ού</em></strong></span> <span class='ocrx_word' id='word_1_54' title='bbox 747 870 867 950; x_wconf 88' lang='grc' dir='ltr'><strong><em>δόντας</em></strong></span> <span class='ocrx_word' id='word_1_55' title='bbox 885 869 990 957; x_wconf 92' lang='grc' dir='ltr'><strong><em>λόγον</em></strong></span> <span class='ocrx_word' id='word_1_56' title='bbox 1005 876 1073 938; x_wconf 77' lang='grc' dir='ltr'><strong><em>τῶν</em></strong></span> 
     </span>
     <span class='ocr_line' id='line_1_8' title="bbox 65 966 1072 1058; baseline -0.005 -18"><span class='ocrx_word' id='word_1_57' title='bbox 65 977 227 1058; x_wconf 82' lang='grc' dir='ltr'><strong><em>ἐποίησαν</em></strong></span> <span class='ocrx_word' id='word_1_58' title='bbox 246 976 313 1037; x_wconf 83' lang='grc' dir='ltr'><strong><em>νῦν</em></strong></span> <span class='ocrx_word' id='word_1_59' title='bbox 328 996 365 1037; x_wconf 86' lang='grc' dir='ltr'><strong><em>τε</em></strong></span> <span class='ocrx_word' id='word_1_60' title='bbox 384 969 619 1056; x_wconf 78' lang='grc' dir='ltr'><strong><em>καὶπρότερον</em></strong></span> <span class='ocrx_word' id='word_1_61' title='bbox 634 968 719 1037; x_wconf 79' lang='grc' dir='ltr'><strong><em>εἶναι</em></strong></span> <span class='ocrx_word' id='word_1_62' title='bbox 735 966 816 1048; x_wconf 86' lang='grc' dir='ltr'><strong><em>σούς</em></strong></span> <span class='ocrx_word' id='word_1_63' title='bbox 832 968 984 1047; x_wconf 81' lang='grc' dir='ltr'><strong><em>δούλους.</em></strong></span> <span class='ocrx_word' id='word_1_64' title='bbox 1007 967 1072 1055; x_wconf 89' lang='grc' dir='ltr'><strong><em>μά-</em></strong></span> 
     </span>
     <span class='ocr_line' id='line_1_9' title="bbox 63 1066 1072 1156; baseline -0.002 -18"><span class='ocrx_word' id='word_1_65' title='bbox 63 1080 160 1138; x_wconf 92' lang='grc' dir='ltr'><strong><em>λιστα</em></strong></span> <span class='ocrx_word' id='word_1_66' title='bbox 174 1072 236 1156; x_wconf 88' lang='grc' dir='ltr'><strong><em>μέν</em></strong></span> <span class='ocrx_word' id='word_1_67' title='bbox 255 1095 322 1135; x_wconf 92' lang='grc' dir='ltr'><strong><em>νυν</em></strong></span> <span class='ocrx_word' id='word_1_68' title='bbox 342 1075 448 1135; x_wconf 80' lang='grc' dir='ltr'><strong><em>ταῦτα</em></strong></span> <span class='ocrx_word' id='word_1_69' title='bbox 464 1073 572 1136; x_wconf 83' lang='grc' dir='ltr'><strong><em>ποίεε·</em></strong></span> <span class='ocrx_word' id='word_1_70' title='bbox 601 1074 631 1137; x_wconf 86' lang='grc' dir='ltr'><strong><em>εί</em></strong></span> <span class='ocrx_word' id='word_1_71' title='bbox 651 1066 682 1135; x_wconf 88' lang='grc' dir='ltr'><strong><em>δ’</em></strong></span> <span class='ocrx_word' id='word_1_72' title='bbox 702 1067 768 1156; x_wconf 82' lang='grc' dir='ltr'><strong><em>ἀρα</em></strong></span> <span class='ocrx_word' id='word_1_73' title='bbox 787 1094 839 1137; x_wconf 91' lang='grc' dir='ltr'><strong><em>τοι</em></strong></span> <span class='ocrx_word' id='word_1_74' title='bbox 854 1068 1072 1155; x_wconf 74' lang='grc' dir='ltr'><strong><em>βεβούλευται</em></strong></span> 
     </span>
     <span class='ocr_line' id='line_1_10' title="bbox 17 1164 1072 1255; baseline -0.004 -19"><span class='ocrx_word' id='word_1_75' title='bbox 17 1227 18 1252; x_wconf 70' lang='grc'><strong><em>,</em></strong></span> <span class='ocrx_word' id='word_1_76' title='bbox 63 1164 170 1236; x_wconf 88' lang='grc' dir='ltr'><strong><em>αύτδν</em></strong></span> <span class='ocrx_word' id='word_1_77' title='bbox 190 1164 423 1235; x_wconf 79' lang='grc' dir='ltr'><strong><em>ἀπελαύνοντα</em></strong></span> <span class='ocrx_word' id='word_1_78' title='bbox 445 1164 589 1254; x_wconf 89' lang='grc' dir='ltr'><strong><em>ἀπάγειν</em></strong></span> <span class='ocrx_word' id='word_1_79' title='bbox 608 1164 670 1254; x_wconf 83' lang='grc' dir='ltr'><strong><em>τήν</em></strong></span> <span class='ocrx_word' id='word_1_80' title='bbox 688 1166 862 1255; x_wconf 83' lang='grc' dir='ltr'><strong><em>στρατιήν,</em></strong></span> <span class='ocrx_word' id='word_1_81' title='bbox 886 1165 992 1253; x_wconf 85' lang='grc' dir='ltr'><strong><em>ἀλλην</em></strong></span> <span class='ocrx_word' id='word_1_82' title='bbox 1010 1171 1072 1253; x_wconf 77' lang='grc' dir='ltr'><strong><em>ἔχω</em></strong></span> 
     </span>
     <span class='ocr_line' id='line_1_11' title="bbox 62 1264 1072 1355; baseline -0.002 -19"><span class='ocrx_word' id='word_1_83' title='bbox 62 1270 120 1336; x_wconf 78' lang='grc' dir='ltr'><strong><em>καὶ</em></strong></span> <span class='ocrx_word' id='word_1_84' title='bbox 133 1269 170 1336; x_wconf 85' lang='grc' dir='ltr'><strong><em>ἐκ</em></strong></span> <span class='ocrx_word' id='word_1_85' title='bbox 186 1272 294 1335; x_wconf 74' lang='grc' dir='ltr'><strong><em>τῶνδε</em></strong></span> <span class='ocrx_word' id='word_1_86' title='bbox 307 1267 445 1355; x_wconf 90' lang='grc' dir='ltr'><strong><em>βουλήν.</em></strong></span> <span class='ocrx_word' id='word_1_87' title='bbox 469 1265 513 1335; x_wconf 88' lang='grc' dir='ltr'><strong><em>σύ</em></strong></span> <span class='ocrx_word' id='word_1_88' title='bbox 527 1270 676 1354; x_wconf 81' lang='grc' dir='ltr'><strong><em>Πέρσας,</em></strong></span> <span class='ocrx_word' id='word_1_89' title='bbox 693 1273 849 1355; x_wconf 85' lang='grc' dir='ltr'><strong><em>βασιλεῦ,</em></strong></span> <span class='ocrx_word' id='word_1_90' title='bbox 870 1264 914 1355; x_wconf 86' lang='grc' dir='ltr'><strong><em>μή</em></strong></span> <span class='ocrx_word' id='word_1_91' title='bbox 931 1267 1072 1355; x_wconf 77' lang='grc' dir='ltr'><strong><em>ποιήσῃς</em></strong></span> 
     </span>
     <span class='ocr_line' id='line_1_12' title="bbox 17 1363 1072 1455; baseline -0.003 -20"><span class='ocrx_word' id='word_1_92' title='bbox 17 1417 19 1454; x_wconf 80' lang='grc'><strong><em>,</em></strong></span> <span class='ocrx_word' id='word_1_93' title='bbox 63 1364 330 1450; x_wconf 78' lang='grc' dir='ltr'><strong><em>καταγελάστους</em></strong></span> <span class='ocrx_word' id='word_1_94' title='bbox 359 1369 520 1452; x_wconf 84' lang='grc' dir='ltr'><strong><em>γενέσθαι</em></strong></span> <span class='ocrx_word' id='word_1_95' title='bbox 540 1364 684 1455; x_wconf 84' lang='grc' dir='ltr'><strong><em>Ἕλλησι.</em></strong></span> <span class='ocrx_word' id='word_1_96' title='bbox 723 1363 910 1455; x_wconf 68' lang='grc' dir='ltr'><strong><em>οὐδὲνγὰρ</em></strong></span> <span class='ocrx_word' id='word_1_97' title='bbox 931 1368 968 1434; x_wconf 87' lang='grc' dir='ltr'><strong><em>έν</em></strong></span> <span class='ocrx_word' id='word_1_98' title='bbox 987 1377 1072 1433; x_wconf 86' lang='grc' dir='ltr'><strong><em>τοίσι</em></strong></span> 
     </span>
     <span class='ocr_line' id='line_1_13' title="bbox 63 1458 1071 1553; baseline -0.006 -20"><span class='ocrx_word' id='word_1_99' title='bbox 63 1467 217 1553; x_wconf 88' lang='grc' dir='ltr'><strong><em>Πέρσησί</em></strong></span> <span class='ocrx_word' id='word_1_100' title='bbox 226 1489 278 1530; x_wconf 93' lang='grc' dir='ltr'><strong><em>τοι</em></strong></span> <span class='ocrx_word' id='word_1_101' title='bbox 291 1461 470 1551; x_wconf 88' lang='grc' dir='ltr'><strong><em>δεδήληται</em></strong></span> <span class='ocrx_word' id='word_1_102' title='bbox 477 1467 547 1532; x_wconf 79' lang='grc' dir='ltr'><strong><em>τύν</em></strong></span> <span class='ocrx_word' id='word_1_103' title='bbox 556 1460 771 1552; x_wconf 76' lang='grc' dir='ltr'><strong><em>πρηγμάτων,</em></strong></span> <span class='ocrx_word' id='word_1_104' title='bbox 786 1458 867 1530; x_wconf 80' lang='grc' dir='ltr'><strong><em>ούδὲ</em></strong></span> <span class='ocrx_word' id='word_1_105' title='bbox 878 1462 978 1551; x_wconf 77' lang='grc' dir='ltr'><strong><em>ἐρέεις</em></strong></span> <span class='ocrx_word' id='word_1_106' title='bbox 987 1460 1071 1531; x_wconf 85' lang='grc' dir='ltr'><strong><em>ὅκου</em></strong></span> 
     </span>
     <span class='ocr_line' id='line_1_14' title="bbox 17 1560 1072 1651; baseline -0.004 -18"><span class='ocrx_word' id='word_1_107' title='bbox 17 1621 20 1650; x_wconf 81' lang='grc'><strong><em>,</em></strong></span> <span class='ocrx_word' id='word_1_108' title='bbox 64 1562 252 1650; x_wconf 81' lang='grc' dir='ltr'><strong><em>ἐγενόμεθα</em></strong></span> <span class='ocrx_word' id='word_1_109' title='bbox 264 1560 385 1650; x_wconf 83' lang='grc' dir='ltr'><strong><em>ἀνδρες</em></strong></span> <span class='ocrx_word' id='word_1_110' title='bbox 399 1569 505 1631; x_wconf 91' lang='grc' dir='ltr'><strong><em>κακοί.</em></strong></span> <span class='ocrx_word' id='word_1_111' title='bbox 529 1570 560 1631; x_wconf 86' lang='grc' dir='ltr'><strong><em>εί</em></strong></span> <span class='ocrx_word' id='word_1_112' title='bbox 569 1565 605 1631; x_wconf 75' lang='grc' dir='ltr'><strong><em>δέ</em></strong></span> <span class='ocrx_word' id='word_1_113' title='bbox 616 1566 771 1641; x_wconf 84' lang='grc' dir='ltr'><strong><em>Φοίνικές</em></strong></span> <span class='ocrx_word' id='word_1_114' title='bbox 781 1589 817 1629; x_wconf 88' lang='grc' dir='ltr'><strong><em>τε</em></strong></span> <span class='ocrx_word' id='word_1_115' title='bbox 828 1565 883 1651; x_wconf 75' lang='grc' dir='ltr'><strong><em>καὶ</em></strong></span> <span class='ocrx_word' id='word_1_116' title='bbox 892 1561 1072 1649; x_wconf 82' lang='grc' dir='ltr'><strong><em>Αἰγύπτιοι</em></strong></span> 
     </span>
     <span class='ocr_line' id='line_1_15' title="bbox 16 1657 1072 1752; baseline -0.001 -22"><span class='ocrx_word' id='word_1_117' title='bbox 16 1717 19 1752; x_wconf 60' lang='grc'><strong><em>,</em></strong></span> <span class='ocrx_word' id='word_1_118' title='bbox 63 1664 121 1730; x_wconf 84' lang='grc' dir='ltr'><strong><em>καί</em></strong></span> <span class='ocrx_word' id='word_1_119' title='bbox 134 1660 285 1747; x_wconf 88' lang='grc' dir='ltr'><strong><em>Κύπριοί</em></strong></span> <span class='ocrx_word' id='word_1_120' title='bbox 297 1687 333 1727; x_wconf 89' lang='grc' dir='ltr'><strong><em>τε</em></strong></span> <span class='ocrx_word' id='word_1_121' title='bbox 346 1663 403 1729; x_wconf 78' lang='grc' dir='ltr'><strong><em>καί</em></strong></span> <span class='ocrx_word' id='word_1_122' title='bbox 415 1668 550 1739; x_wconf 86' lang='grc' dir='ltr'><strong><em>Κίλικες</em></strong></span> <span class='ocrx_word' id='word_1_123' title='bbox 563 1662 660 1729; x_wconf 83' lang='grc' dir='ltr'><strong><em>κακοὶ</em></strong></span> <span class='ocrx_word' id='word_1_124' title='bbox 676 1664 847 1748; x_wconf 82' lang='grc' dir='ltr'><strong><em>ἐγένοντο,</em></strong></span> <span class='ocrx_word' id='word_1_125' title='bbox 871 1658 971 1729; x_wconf 74' lang='grc' dir='ltr'><strong><em>οὐδέν</em></strong></span> <span class='ocrx_word' id='word_1_126' title='bbox 988 1657 1072 1748; x_wconf 87' lang='grc' dir='ltr'><strong><em>πρδς</em></strong></span> 
     </span>
     <span class='ocr_line' id='line_1_16' title="bbox 17 1751 1072 1848; baseline 0 -21"><span class='ocrx_word' id='word_1_127' title='bbox 17 1802 18 1805; x_wconf 61' lang='lat'><em>=</em></span> <span class='ocrx_word' id='word_1_128' title='bbox 63 1762 196 1846; x_wconf 80' lang='grc' dir='ltr'><strong><em>Πέρσας</em></strong></span> <span class='ocrx_word' id='word_1_129' title='bbox 206 1765 306 1828; x_wconf 82' lang='grc' dir='ltr'><strong><em>τούτο</em></strong></span> <span class='ocrx_word' id='word_1_130' title='bbox 317 1760 478 1847; x_wconf 91' lang='grc' dir='ltr'><strong><em>προσήκει</em></strong></span> <span class='ocrx_word' id='word_1_131' title='bbox 488 1756 526 1828; x_wconf 86' lang='grc' dir='ltr'><strong><em>τό</em></strong></span> <span class='ocrx_word' id='word_1_132' title='bbox 538 1760 658 1839; x_wconf 89' lang='grc' dir='ltr'><strong><em>πάθος.</em></strong></span> <span class='ocrx_word' id='word_1_133' title='bbox 674 1758 738 1847; x_wconf 84' lang='grc' dir='ltr'><strong><em>ήδη</em></strong></span> <span class='ocrx_word' id='word_1_134' title='bbox 751 1751 799 1827; x_wconf 78' lang='grc' dir='ltr'><strong><em>τόν</em></strong></span> <span class='ocrx_word' id='word_1_135' title='bbox 810 1755 923 1848; x_wconf 78' lang='grc' dir='ltr'><strong><em>ἐπειδὴ</em></strong></span> <span class='ocrx_word' id='word_1_136' title='bbox 935 1756 976 1827; x_wconf 91' lang='grc' dir='ltr'><strong><em>ού</em></strong></span> <span class='ocrx_word' id='word_1_137' title='bbox 982 1762 1072 1845; x_wconf 88' lang='grc' dir='ltr'><strong><em>Πέρ-</em></strong></span> 
     </span>
     <span class='ocr_line' id='line_1_17' title="bbox 16 1855 1072 1952; baseline -0.001 -26"><span class='ocrx_word' id='word_1_138' title='bbox 16 1901 21 1952; x_wconf 75' lang='grc'><strong><em>,</em></strong></span> <span class='ocrx_word' id='word_1_139' title='bbox 63 1880 120 1926; x_wconf 93' lang='grc' dir='ltr'><strong><em>σαι</em></strong></span> <span class='ocrx_word' id='word_1_140' title='bbox 131 1884 182 1926; x_wconf 91' lang='grc' dir='ltr'><strong><em>τοι</em></strong></span> <span class='ocrx_word' id='word_1_141' title='bbox 194 1866 297 1927; x_wconf 83' lang='grc' dir='ltr'><strong><em>αίτιοί</em></strong></span> <span class='ocrx_word' id='word_1_142' title='bbox 306 1864 379 1945; x_wconf 87' lang='grc' dir='ltr'><strong><em>είσι,</em></strong></span> <span class='ocrx_word' id='word_1_143' title='bbox 398 1861 471 1947; x_wconf 78' lang='grc' dir='ltr'><strong><em>ἐμοὶ</em></strong></span> <span class='ocrx_word' id='word_1_144' title='bbox 481 1866 615 1928; x_wconf 83' lang='grc' dir='ltr'><strong><em>πείθεο·</em></strong></span> <span class='ocrx_word' id='word_1_145' title='bbox 638 1868 672 1929; x_wconf 82' lang='grc' dir='ltr'><strong><em>εί</em></strong></span> <span class='ocrx_word' id='word_1_146' title='bbox 678 1884 730 1927; x_wconf 92' lang='grc' dir='ltr'><strong><em>τοι</em></strong></span> <span class='ocrx_word' id='word_1_147' title='bbox 741 1860 894 1926; x_wconf 81' lang='grc' dir='ltr'><strong><em>δέδοκται</em></strong></span> <span class='ocrx_word' id='word_1_148' title='bbox 905 1855 949 1944; x_wconf 81' lang='grc' dir='ltr'><strong><em>μή</em></strong></span> <span class='ocrx_word' id='word_1_149' title='bbox 962 1883 1072 1945; x_wconf 90' lang='grc' dir='ltr'><strong><em>παρα-</em></strong></span> 
     </span>
     <span class='ocr_line' id='line_1_18' title="bbox 62 1953 1072 2046; baseline -0.003 -19"><span class='ocrx_word' id='word_1_150' title='bbox 62 1961 189 2046; x_wconf 84' lang='grc' dir='ltr'><strong><em>μένειν,</em></strong></span> <span class='ocrx_word' id='word_1_151' title='bbox 208 1953 250 2026; x_wconf 89' lang='grc' dir='ltr'><strong><em>σύ</em></strong></span> <span class='ocrx_word' id='word_1_152' title='bbox 268 1960 330 2045; x_wconf 76' lang='grc' dir='ltr'><strong><em>μὲν</em></strong></span> <span class='ocrx_word' id='word_1_153' title='bbox 346 1956 476 2046; x_wconf 82' lang='grc' dir='ltr'><strong><em>έςήθεα</em></strong></span> <span class='ocrx_word' id='word_1_154' title='bbox 486 1956 527 2027; x_wconf 88' lang='grc' dir='ltr'><strong><em>τά</em></strong></span> <span class='ocrx_word' id='word_1_155' title='bbox 542 1965 694 2026; x_wconf 85' lang='grc' dir='ltr'><strong><em>σεωυτοῦ</em></strong></span> <span class='ocrx_word' id='word_1_156' title='bbox 708 1955 886 2043; x_wconf 85' lang='grc' dir='ltr'><strong><em>ἀπέλαυνε,</em></strong></span> <span class='ocrx_word' id='word_1_157' title='bbox 902 1962 960 2044; x_wconf 80' lang='grc' dir='ltr'><strong><em>τῆς</em></strong></span> <span class='ocrx_word' id='word_1_158' title='bbox 971 1979 1072 2040; x_wconf 91' lang='grc' dir='ltr'><strong><em>στρα-</em></strong></span> 
     </span>
     <span class='ocr_line' id='line_1_19' title="bbox 16 2053 1072 2153; baseline 0 -30"><span class='ocrx_word' id='word_1_159' title='bbox 16 2114 21 2153; x_wconf 82' lang='grc'><strong><em>,</em></strong></span> <span class='ocrx_word' id='word_1_160' title='bbox 62 2063 134 2141; x_wconf 85' lang='grc' dir='ltr'><strong><em>τιής</em></strong></span> <span class='ocrx_word' id='word_1_161' title='bbox 148 2053 288 2143; x_wconf 86' lang='grc' dir='ltr'><strong><em>ἀπάγων</em></strong></span> <span class='ocrx_word' id='word_1_162' title='bbox 303 2053 341 2124; x_wconf 87' lang='grc' dir='ltr'><strong><em>τδ</em></strong></span> <span class='ocrx_word' id='word_1_163' title='bbox 357 2060 500 2145; x_wconf 88' lang='grc' dir='ltr'><strong><em>πολλόν,</em></strong></span> <span class='ocrx_word' id='word_1_164' title='bbox 516 2058 572 2144; x_wconf 73' lang='grc' dir='ltr'><strong><em>ἐμὲ</em></strong></span> <span class='ocrx_word' id='word_1_165' title='bbox 585 2061 624 2126; x_wconf 84' lang='grc' dir='ltr'><strong><em>δέ</em></strong></span> <span class='ocrx_word' id='word_1_166' title='bbox 636 2078 689 2126; x_wconf 92' lang='grc' dir='ltr'><strong><em>σοι</em></strong></span> <span class='ocrx_word' id='word_1_167' title='bbox 703 2053 765 2144; x_wconf 82' lang='grc' dir='ltr'><strong><em>χρή</em></strong></span> <span class='ocrx_word' id='word_1_168' title='bbox 780 2053 992 2143; x_wconf 79' lang='grc' dir='ltr'><strong><em>τὴνἙλλάδα</em></strong></span> <span class='ocrx_word' id='word_1_169' title='bbox 1006 2080 1072 2124; x_wconf 90' lang='grc' dir='ltr'><strong><em>πα-</em></strong></span> 
     </span>
     <span class='ocr_line' id='line_1_20' title="bbox 16 2155 1072 2253; baseline 0.002 -33"><span class='ocrx_word' id='word_1_170' title='bbox 16 2213 20 2253; x_wconf 65' lang='grc'><strong><em>,</em></strong></span> <span class='ocrx_word' id='word_1_171' title='bbox 63 2166 198 2238; x_wconf 79' lang='grc' dir='ltr'><strong><em>ρασχείν</em></strong></span> <span class='ocrx_word' id='word_1_172' title='bbox 219 2157 491 2243; x_wconf 80' lang='grc' dir='ltr'><strong><em>δεδουλωμένην,</em></strong></span> <span class='ocrx_word' id='word_1_173' title='bbox 512 2156 692 2244; x_wconf 82' lang='grc' dir='ltr'><strong><em>τριήκοντα</em></strong></span> <span class='ocrx_word' id='word_1_174' title='bbox 707 2155 873 2243; x_wconf 87' lang='grc' dir='ltr'><strong><em>μυριάδας</em></strong></span> <span class='ocrx_word' id='word_1_175' title='bbox 893 2164 955 2224; x_wconf 88' lang='grc' dir='ltr'><strong><em>τοῦ</em></strong></span> <span class='ocrx_word' id='word_1_176' title='bbox 970 2174 1072 2243; x_wconf 80' lang='grc' dir='ltr'><strong><em>στρα·</em></strong></span> 
     </span>
     <span class='ocr_line' id='line_1_21' title="bbox 61 2239 1136 2342; baseline 0.001 -23"><span class='ocrx_word' id='word_1_177' title='bbox 61 2259 125 2320; x_wconf 83' lang='grc' dir='ltr'><strong><em>τοῦ</em></strong></span> <span class='ocrx_word' id='word_1_178' title='bbox 140 2239 399 2340; x_wconf 73' lang='grc' dir='ltr'><strong><em>ἀπολεξάμενον.</em></strong></span> <span class='ocrx_word' id='word_1_179' title='bbox 424 2260 536 2322; x_wconf 82' lang='grc' dir='ltr'><strong><em>Ταῦτα</em></strong></span> <span class='ocrx_word' id='word_1_180' title='bbox 547 2252 696 2334; x_wconf 89' lang='grc' dir='ltr'><strong><em>ἀκούσας</em></strong></span> <span class='ocrx_word' id='word_1_181' title='bbox 708 2255 831 2342; x_wconf 74' lang='grc' dir='ltr'><strong><em>Ξέρξης</em></strong></span> <span class='ocrx_word' id='word_1_182' title='bbox 850 2251 893 2332; x_wconf 80' lang='grc' dir='ltr'><strong><em>ὡς</em></strong></span> <span class='ocrx_word' id='word_1_183' title='bbox 907 2257 943 2322; x_wconf 81' lang='grc' dir='ltr'><strong><em>ἐκ</em></strong></span> <span class='ocrx_word' id='word_1_184' title='bbox 958 2257 1072 2321; x_wconf 79' lang='grc' dir='ltr'><strong><em>κακῶν</em></strong></span> <span class='ocrx_word' id='word_1_185' title='bbox 1088 2263 1136 2320; x_wconf 82' lang='lat'><strong><em>101</em></strong></span> 
     </span>
     <span class='ocr_line' id='line_1_22' title="bbox 16 2350 1071 2452; baseline 0.001 -32"><span class='ocrx_word' id='word_1_186' title='bbox 16 2415 20 2452; x_wconf 41' lang='lat'>3</span> <span class='ocrx_word' id='word_1_187' title='bbox 61 2353 164 2439; x_wconf 80' lang='grc' dir='ltr'><strong><em>ἐχάρη</em></strong></span> <span class='ocrx_word' id='word_1_188' title='bbox 179 2379 215 2420; x_wconf 90' lang='grc' dir='ltr'><strong><em>τε</em></strong></span> <span class='ocrx_word' id='word_1_189' title='bbox 228 2355 286 2422; x_wconf 79' lang='grc' dir='ltr'><strong><em>καί</em></strong></span> <span class='ocrx_word' id='word_1_190' title='bbox 298 2352 408 2441; x_wconf 86' lang='grc' dir='ltr'><strong><em>ήσθη,</em></strong></span> <span class='ocrx_word' id='word_1_191' title='bbox 432 2350 517 2441; x_wconf 83' lang='grc' dir='ltr'><strong><em>πρός</em></strong></span> <span class='ocrx_word' id='word_1_192' title='bbox 531 2354 735 2443; x_wconf 91' lang='grc' dir='ltr'><strong><em>Μαρδόνιόν</em></strong></span> <span class='ocrx_word' id='word_1_193' title='bbox 748 2380 784 2422; x_wconf 84' lang='grc' dir='ltr'><strong><em>τε</em></strong></span> <span class='ocrx_word' id='word_1_194' title='bbox 800 2355 1071 2444; x_wconf 86' lang='grc' dir='ltr'><strong><em>βουλευσάμενος</em></strong></span> 
     </span>
     <span class='ocr_line' id='line_1_23' title="bbox 17 2445 1069 2549; baseline 0.001 -30"><span class='ocrx_word' id='word_1_195' title='bbox 17 2517 19 2549; x_wconf 68' lang='lat'><em>÷</em></span> <span class='ocrx_word' id='word_1_196' title='bbox 62 2457 129 2537; x_wconf 78' lang='grc' dir='ltr'><strong><em>ἔφη</em></strong></span> <span class='ocrx_word' id='word_1_197' title='bbox 139 2448 402 2537; x_wconf 83' lang='grc' dir='ltr'><strong><em>ὑποκρινέεσθαι</em></strong></span> <span class='ocrx_word' id='word_1_198' title='bbox 412 2451 573 2541; x_wconf 87' lang='grc' dir='ltr'><strong><em>ὁκότερον</em></strong></span> <span class='ocrx_word' id='word_1_199' title='bbox 582 2453 715 2540; x_wconf 89' lang='grc' dir='ltr'><strong><em>ποιήσει</em></strong></span> <span class='ocrx_word' id='word_1_200' title='bbox 724 2453 862 2522; x_wconf 88' lang='grc' dir='ltr'><strong><em>τούτων.</em></strong></span> <span class='ocrx_word' id='word_1_201' title='bbox 878 2452 922 2532; x_wconf 78' lang='grc' dir='ltr'><strong><em>ὥς</em></strong></span> <span class='ocrx_word' id='word_1_202' title='bbox 934 2445 1069 2542; x_wconf 60' lang='grc' dir='ltr'><strong><em>δὲ’έβου-</em></strong></span> 
     </span>
     <span class='ocr_line' id='line_1_24' title="bbox 62 2547 1070 2638; baseline 0 -20"><span class='ocrx_word' id='word_1_203' title='bbox 62 2549 180 2618; x_wconf 89' lang='grc' dir='ltr'><strong><em>λεύετο</em></strong></span> <span class='ocrx_word' id='word_1_204' title='bbox 196 2548 265 2636; x_wconf 85' lang='grc' dir='ltr'><strong><em>άμα</em></strong></span> <span class='ocrx_word' id='word_1_205' title='bbox 275 2557 435 2637; x_wconf 85' lang='grc' dir='ltr'><strong><em>Περσέων</em></strong></span> <span class='ocrx_word' id='word_1_206' title='bbox 449 2565 535 2618; x_wconf 78' lang='grc' dir='ltr'><strong><em>τοῖσι</em></strong></span> <span class='ocrx_word' id='word_1_207' title='bbox 547 2551 762 2638; x_wconf 76' lang='grc' dir='ltr'><strong><em>ἐπικλήτοισι,</em></strong></span> <span class='ocrx_word' id='word_1_208' title='bbox 780 2554 873 2632; x_wconf 77' lang='grc' dir='ltr'><strong><em>ἔδοξέ</em></strong></span> <span class='ocrx_word' id='word_1_209' title='bbox 883 2555 917 2619; x_wconf 80' lang='grc' dir='ltr'><strong><em>οἱ</em></strong></span> <span class='ocrx_word' id='word_1_210' title='bbox 929 2553 984 2618; x_wconf 83' lang='grc' dir='ltr'><strong><em>καὶ</em></strong></span> <span class='ocrx_word' id='word_1_211' title='bbox 994 2547 1070 2638; x_wconf 87' lang='grc' dir='ltr'><strong><em>Ἀρ-</em></strong></span> 
     </span>
     <span class='ocr_line' id='line_1_25' title="bbox 17 2647 1072 2737; baseline 0.002 -23"><span class='ocrx_word' id='word_1_212' title='bbox 17 2713 20 2731; x_wconf 69' lang='grc'><strong><em>,</em></strong></span> <span class='ocrx_word' id='word_1_213' title='bbox 61 2651 214 2733; x_wconf 87' lang='grc' dir='ltr'><strong><em>τεμισίην</em></strong></span> <span class='ocrx_word' id='word_1_214' title='bbox 234 2649 267 2726; x_wconf 83' lang='grc' dir='ltr'><strong><em>ές</em></strong></span> <span class='ocrx_word' id='word_1_215' title='bbox 282 2654 492 2736; x_wconf 80' lang='grc' dir='ltr'><strong><em>συμβουλίην</em></strong></span> <span class='ocrx_word' id='word_1_216' title='bbox 511 2653 806 2736; x_wconf 81' lang='grc' dir='ltr'><strong><em>μεταπέμψασθαι,</em></strong></span> <span class='ocrx_word' id='word_1_217' title='bbox 834 2647 885 2718; x_wconf 84' lang='grc' dir='ltr'><strong><em>ότι</em></strong></span> <span class='ocrx_word' id='word_1_218' title='bbox 906 2649 1072 2737; x_wconf 84' lang='grc' dir='ltr'><strong><em>πρότερον</em></strong></span> 
     </span>
     <span class='ocr_line' id='line_1_26' title="bbox 17 2739 1069 2835; baseline 0 -19"><span class='ocrx_word' id='word_1_219' title='bbox 17 2746 18 2835; x_wconf 49' lang='grc'><strong><em>,</em></strong></span> <span class='ocrx_word' id='word_1_220' title='bbox 62 2751 219 2833; x_wconf 80' lang='grc' dir='ltr'><strong><em>ἐφαίνετο</em></strong></span> <span class='ocrx_word' id='word_1_221' title='bbox 234 2748 343 2833; x_wconf 88' lang='grc' dir='ltr'><strong><em>μούνη</em></strong></span> <span class='ocrx_word' id='word_1_222' title='bbox 365 2750 489 2813; x_wconf 88' lang='grc' dir='ltr'><strong><em>νοεύσα</em></strong></span> <span class='ocrx_word' id='word_1_223' title='bbox 513 2745 554 2814; x_wconf 88' lang='grc' dir='ltr'><strong><em>τά</em></strong></span> <span class='ocrx_word' id='word_1_224' title='bbox 564 2750 702 2834; x_wconf 88' lang='grc' dir='ltr'><strong><em>ποιητέα</em></strong></span> <span class='ocrx_word' id='word_1_225' title='bbox 717 2739 770 2834; x_wconf 83' lang='grc' dir='ltr'><strong><em>ήν.</em></strong></span> <span class='ocrx_word' id='word_1_226' title='bbox 795 2744 839 2827; x_wconf 79' lang='grc' dir='ltr'><strong><em>ὡς</em></strong></span> <span class='ocrx_word' id='word_1_227' title='bbox 852 2749 888 2816; x_wconf 72' lang='grc' dir='ltr'><strong><em>δέ</em></strong></span> <span class='ocrx_word' id='word_1_228' title='bbox 899 2745 1069 2834; x_wconf 82' lang='grc' dir='ltr'><strong><em>ἀπίκετοή</em></strong></span> 
     </span>
     <span class='ocr_line' id='line_1_27' title="bbox 17 2846 1071 2941; baseline -0.002 -23"><span class='ocrx_word' id='word_1_229' title='bbox 17 2920 18 2925; x_wconf 63' lang='grc'><strong><em>,</em></strong></span> <span class='ocrx_word' id='word_1_230' title='bbox 57 2848 262 2935; x_wconf 66' lang='grc' dir='ltr'><strong><em>Ἀρτεμισίη,</em></strong></span> <span class='ocrx_word' id='word_1_231' title='bbox 285 2849 575 2935; x_wconf 84' lang='grc' dir='ltr'><strong><em>μεταστησάμενος</em></strong></span> <span class='ocrx_word' id='word_1_232' title='bbox 588 2846 668 2928; x_wconf 82' lang='grc' dir='ltr'><strong><em>τούς</em></strong></span> <span class='ocrx_word' id='word_1_233' title='bbox 682 2847 820 2934; x_wconf 87' lang='grc' dir='ltr'><strong><em>ἀλλους,</em></strong></span> <span class='ocrx_word' id='word_1_234' title='bbox 840 2848 919 2926; x_wconf 90' lang='grc' dir='ltr'><strong><em>τούς</em></strong></span> <span class='ocrx_word' id='word_1_235' title='bbox 934 2874 970 2941; x_wconf 79' lang='grc' dir='ltr'><strong><em>τε</em></strong></span> <span class='ocrx_word' id='word_1_236' title='bbox 984 2869 1071 2934; x_wconf 92' lang='grc' dir='ltr'><strong><em>συμ-</em></strong></span> 
     </span>
     <span class='ocr_line' id='line_1_28' title="bbox 17 2943 1070 3036; baseline 0 -22"><span class='ocrx_word' id='word_1_237' title='bbox 17 2996 18 2999; x_wconf 63' lang='lat'>,</span> <span class='ocrx_word' id='word_1_238' title='bbox 62 2948 210 3036; x_wconf 78' lang='grc' dir='ltr'><strong><em>βούλους</em></strong></span> <span class='ocrx_word' id='word_1_239' title='bbox 228 2948 388 3034; x_wconf 85' lang='grc' dir='ltr'><strong><em>Περσέων</em></strong></span> <span class='ocrx_word' id='word_1_240' title='bbox 408 2948 464 3014; x_wconf 79' lang='grc' dir='ltr'><strong><em>καὶ</em></strong></span> <span class='ocrx_word' id='word_1_241' title='bbox 486 2943 566 3025; x_wconf 85' lang='grc' dir='ltr'><strong><em>τούς</em></strong></span> <span class='ocrx_word' id='word_1_242' title='bbox 586 2944 817 3033; x_wconf 82' lang='grc' dir='ltr'><strong><em>δορυφόρους,</em></strong></span> <span class='ocrx_word' id='word_1_243' title='bbox 840 2949 928 3024; x_wconf 81' lang='grc' dir='ltr'><strong><em>ἔλεξε</em></strong></span> <span class='ocrx_word' id='word_1_244' title='bbox 948 2949 1070 3034; x_wconf 73' lang='grc' dir='ltr'><strong><em>Ξέρξης</em></strong></span> 
     </span>
     <span class='ocr_line' id='line_1_29' title="bbox 61 3042 1190 3133; baseline -0.002 -19"><span class='ocrx_word' id='word_1_245' title='bbox 61 3047 159 3114; x_wconf 86' lang='grc' dir='ltr'><strong><em>τάδε·</em></strong></span> <span class='ocrx_word' id='word_1_246' title='bbox 187 3045 327 3113; x_wconf 85' lang='grc' dir='ltr'><strong><em>Κελεύει</em></strong></span> <span class='ocrx_word' id='word_1_247' title='bbox 340 3073 383 3131; x_wconf 89' lang='grc' dir='ltr'><strong><em>με</em></strong></span> <span class='ocrx_word' id='word_1_248' title='bbox 396 3047 594 3130; x_wconf 85' lang='grc' dir='ltr'><strong><em>Μαρδόνιος</em></strong></span> <span class='ocrx_word' id='word_1_249' title='bbox 608 3048 754 3133; x_wconf 86' lang='grc' dir='ltr'><strong><em>μένοντα</em></strong></span> <span class='ocrx_word' id='word_1_250' title='bbox 770 3042 875 3113; x_wconf 87' lang='grc' dir='ltr'><strong><em>αύτοῦ</em></strong></span> <span class='ocrx_word' id='word_1_251' title='bbox 889 3052 1071 3130; x_wconf 85' lang='grc' dir='ltr'><strong><em>πειρᾶσθαι</em></strong></span> <span class='ocrx_word' id='word_1_252' title='bbox 1188 3125 1190 3133; x_wconf 20' lang='lat' dir='ltr'><em>s</em></span> 
     </span>
     <span class='ocr_line' id='line_1_30' title="bbox 62 3139 1070 3232; baseline -0.002 -22"><span class='ocrx_word' id='word_1_253' title='bbox 62 3152 121 3231; x_wconf 77' lang='grc' dir='ltr'><strong><em>τῆς</em></strong></span> <span class='ocrx_word' id='word_1_254' title='bbox 133 3143 416 3232; x_wconf 90' lang='grc' dir='ltr'><strong><em>Πελοποννήσου,</em></strong></span> <span class='ocrx_word' id='word_1_255' title='bbox 433 3145 543 3231; x_wconf 79' lang='grc' dir='ltr'><strong><em>λέγων</em></strong></span> <span class='ocrx_word' id='word_1_256' title='bbox 562 3145 607 3225; x_wconf 78' lang='grc' dir='ltr'><strong><em>τός</em></strong></span> <span class='ocrx_word' id='word_1_257' title='bbox 619 3173 676 3232; x_wconf 92' lang='grc' dir='ltr'><strong><em>μοι</em></strong></span> <span class='ocrx_word' id='word_1_258' title='bbox 687 3144 816 3231; x_wconf 80' lang='grc' dir='ltr'><strong><em>Πέρσαι</em></strong></span> <span class='ocrx_word' id='word_1_259' title='bbox 826 3169 862 3211; x_wconf 93' lang='grc' dir='ltr'><strong><em>τε</em></strong></span> <span class='ocrx_word' id='word_1_260' title='bbox 876 3139 959 3211; x_wconf 80' lang='grc' dir='ltr'><strong><em>καὶὸ</em></strong></span> <span class='ocrx_word' id='word_1_261' title='bbox 975 3139 1070 3223; x_wconf 79' lang='grc' dir='ltr'><strong><em>πεζός</em></strong></span> 
     </span>
     <span class='ocr_line' id='line_1_31' title="bbox 62 3237 1070 3330; baseline -0.002 -20"><span class='ocrx_word' id='word_1_262' title='bbox 62 3239 203 3327; x_wconf 82' lang='grc' dir='ltr'><strong><em>στρατὸς</em></strong></span> <span class='ocrx_word' id='word_1_263' title='bbox 218 3237 359 3321; x_wconf 82' lang='grc' dir='ltr'><strong><em>οὐδενὸς</em></strong></span> <span class='ocrx_word' id='word_1_264' title='bbox 375 3251 535 3330; x_wconf 87' lang='grc' dir='ltr'><strong><em>μεταίτιοι</em></strong></span> <span class='ocrx_word' id='word_1_265' title='bbox 555 3243 684 3323; x_wconf 89' lang='grc' dir='ltr'><strong><em>πάθεός</em></strong></span> <span class='ocrx_word' id='word_1_266' title='bbox 703 3251 782 3329; x_wconf 88' lang='grc' dir='ltr'><strong><em>είσι,</em></strong></span> <span class='ocrx_word' id='word_1_267' title='bbox 804 3238 888 3311; x_wconf 87' lang='grc' dir='ltr'><strong><em>ἀλλά</em></strong></span> <span class='ocrx_word' id='word_1_268' title='bbox 903 3239 1070 3328; x_wconf 84' lang='grc' dir='ltr'><strong><em>βουλομέ-</em></strong></span> 
     </span>
     <span class='ocr_line' id='line_1_32' title="bbox 62 3334 1069 3431; baseline -0.004 -21"><span class='ocrx_word' id='word_1_269' title='bbox 62 3347 156 3410; x_wconf 93' lang='grc' dir='ltr'><strong><em>νοισί</em></strong></span> <span class='ocrx_word' id='word_1_270' title='bbox 168 3361 229 3426; x_wconf 87' lang='grc' dir='ltr'><strong><em>σφι</em></strong></span> <span class='ocrx_word' id='word_1_271' title='bbox 245 3341 372 3427; x_wconf 83' lang='grc' dir='ltr'><strong><em>γένοιτ’</em></strong></span> <span class='ocrx_word' id='word_1_272' title='bbox 391 3339 436 3411; x_wconf 85' lang='grc' dir='ltr'><strong><em>ἀν</em></strong></span> <span class='ocrx_word' id='word_1_273' title='bbox 452 3342 616 3424; x_wconf 82' lang='grc' dir='ltr'><strong><em>ἀπόδεξις.</em></strong></span> <span class='ocrx_word' id='word_1_274' title='bbox 640 3343 696 3431; x_wconf 76' lang='grc' dir='ltr'><strong><em>ἐμὲ</em></strong></span> <span class='ocrx_word' id='word_1_275' title='bbox 712 3334 760 3411; x_wconf 77' lang='grc' dir='ltr'><strong><em>ἀν</em></strong></span> <span class='ocrx_word' id='word_1_276' title='bbox 777 3335 800 3430; x_wconf 86' lang='grc' dir='ltr'><strong><em>ή</em></strong></span> <span class='ocrx_word' id='word_1_277' title='bbox 822 3347 926 3409; x_wconf 83' lang='grc' dir='ltr'><strong><em>ταῦτα</em></strong></span> <span class='ocrx_word' id='word_1_278' title='bbox 941 3339 1069 3409; x_wconf 87' lang='grc' dir='ltr'><strong><em>κελεύει</em></strong></span> 
     </span>
     <span class='ocr_line' id='line_1_33' title="bbox 60 3435 1071 3531; baseline -0.005 -20"><span class='ocrx_word' id='word_1_279' title='bbox 60 3443 205 3527; x_wconf 82' lang='grc' dir='ltr'><strong><em>ποιέειν,</em></strong></span> <span class='ocrx_word' id='word_1_280' title='bbox 220 3435 356 3527; x_wconf 87' lang='grc' dir='ltr'><strong><em>ήαύτδς</em></strong></span> <span class='ocrx_word' id='word_1_281' title='bbox 374 3444 483 3514; x_wconf 82' lang='grc' dir='ltr'><strong><em>ἐθέλει</em></strong></span> <span class='ocrx_word' id='word_1_282' title='bbox 495 3443 674 3531; x_wconf 90' lang='grc' dir='ltr'><strong><em>τριήκοντα</em></strong></span> <span class='ocrx_word' id='word_1_283' title='bbox 685 3440 851 3527; x_wconf 85' lang='grc' dir='ltr'><strong><em>μυριάδας</em></strong></span> <span class='ocrx_word' id='word_1_284' title='bbox 866 3436 1071 3526; x_wconf 58' lang='grc' dir='ltr'><strong><em>ἀπολεξάμε</em></strong></span> 
     </span>
    </p>
   </div>
   <div class='ocr_carea' id='block_1_3' title="bbox 0 0 1254 3925">
    <p class='ocr_par' dir='ltr' id='par_1_3' title="bbox 0 0 1254 3925">
     <span class='ocr_line' id='line_1_34' title="bbox 0 0 1254 3925; baseline 0 0"><span class='ocrx_word' id='word_1_285' title='bbox 0 0 1254 3925; x_wconf 95' lang='lat' dir='ltr'><strong><em> </em></strong></span> 
     </span>
    </p>
   </div>
  </div>
 </body>
</html>
