2500 3925
306 278 469 336 LIB.1X.
503 277 603 338 CAP.
638 283 777 341 70-74.
911 312 932 346 e
986 276 1049 340 39³

26 463 148 507 νοττο.
172 436 404 525 Καλλικράτης
418 433 483 524 γάρ
499 441 560 518 ἐξω
571 443 629 524 τής
642 437 747 524 μάχης
758 439 919 526 ἀπέθανε,
935 436 1047 508 ἐλθάν

26 534 121 624 ἀνήρ
140 535 317 615 κάλλιστος
337 536 370 615 ές
390 532 426 604 τδ
448 533 675 623 στρατόπεδον
695 542 763 602 τῶν
777 533 851 604 τότε
866 533 1046 624 Ἑλλήνων,

26 639 72 708 ού
92 646 229 735 μοῦνον
246 635 358 706 αὐτῶν
373 639 660 724 Δακεδαιμονίων,
675 633 760 704 ἀλλά
775 638 831 705 καὶ
847 643 915 704 τῶν
932 635 1048 706 ἀλλων

26 737 220 824 Ελλήνων,
236 732 289 823 δς,
307 733 651 823 ἐπειδήέσφαγιάζετο
669 741 880 824 Παυσανίης,
902 735 1047 825 κατήμε-

26 863 90 915 νος
109 838 149 904 ἐν
162 841 202 924 τή
212 834 284 916 τάξι
296 837 526 924 ἐτρωματίσθη
538 833 713 921 τοξεύματι
723 831 764 903 τά
776 836 914 925 πλευρά.
937 837 993 904 καλ
1005 832 1045 921 δή

26 938 64 1002 οἱ
77 931 143 1019 μέν
155 931 334 1020 ἐμάχοντο,
351 929 368 1001 ὁ
382 930 413 1001 δ’
428 936 696 1021 ἐξενηνειγμένος
708 935 937 1004 ἐδυσθανάτεέ
945 961 980 1005 τε
991 937 1046 1003 καὶ

26 1039 128 1117 ἔλεγε
150 1028 235 1118 πρὸς
256 1029 492 1119 Ἀρίμνηστον,
517 1029 625 1116 ἀνδρα
640 1035 809 1102 Πλαταιέα
826 1030 868 1101 ού
882 1038 996 1120 μέλειν
1013 1036 1048 1100 οί

26 1131 84 1200 ὅτι
100 1127 168 1219 πρδ
184 1137 241 1219 τῆς
251 1129 408 1211 Ἑλλάδος
419 1129 640 1219 ἀποθνήσκει,
655 1130 729 1202 ἀλλ’
743 1131 794 1201 ὅτι
811 1130 873 1201 οὐκ
885 1134 1045 1222 ἐχρήσατο

26 1235 71 1319 τῇ
89 1231 176 1316 χειρὶ
187 1231 242 1298 καλ
258 1227 308 1298 ὅτι
321 1226 422 1298 οὐδέν
437 1231 508 1298 ἐστί
520 1232 555 1297 οί
567 1225 835 1315 ἀποδεδεγμένον
846 1236 948 1318 ἔργον
960 1233 1044 1300 έωυ-

26 1335 95 1398 τοῦ
113 1325 210 1408 ἀξιον
230 1330 515 1416 προθυμεομένου
530 1326 769 1410 ἀποδέξασθαι.
800 1328 990 1420 Ἀθηναίων
1006 1330 1042 1400 δέ
1059 1354 1092 1411 73

27 1431 166 1516 λέγεται
181 1425 397 1516 εὐδοκιμῆσαι
412 1427 584 1514 Σωφάνης
601 1425 618 1495 ὁ
631 1426 839 1517 Εὐτυχίδεω,
855 1428 963 1518 δήμου
974 1441 1043 1500 Δε-

28 1535 229 1616 κελειήθεν,
250 1531 426 1597 Δεκελέων
450 1529 487 1596 δέ
509 1533 576 1596 τῶν
595 1529 670 1596 κοτέ
691 1529 927 1615 ἐργασαμένων
942 1535 1043 1615 ἔργον

30 1627 200 1718 χρήσιμον
213 1629 245 1705 ές
265 1622 326 1693 τόν
343 1625 453 1696 πάντα
467 1626 608 1714 χρόνον,
631 1623 676 1704 ὡς
688 1623 784 1694 αύτολ
800 1623 972 1713 Ἀθηναῖοι
987 1630 1043 1697 λέ-

30 1742 143 1814 γουσι.
168 1720 211 1803 ὡς
225 1721 289 1810 γάρ
311 1720 352 1811 δή
370 1721 407 1792 τὸ
430 1724 534 1792 πάλαι
549 1720 633 1792 κατά
644 1719 776 1810 Ἑλένης
792 1722 934 1812 κομιδήν
952 1731 1043 1792 Τυν-

33 1827 169 1910 δαρίδαι
183 1825 341 1911 ἐσέβαλον
356 1823 389 1902 ές
402 1829 467 1909 γῆν
482 1819 544 1908 τήν
554 1817 704 1907 Ἀττικήν
719 1818 785 1889 σύν
800 1829 944 1910 στρατοῦ
955 1821 1041 1909 πλή-

26 1927 94 1991 ’θει
107 1921 161 1989 καὶ
176 1917 359 1991 ἀνίστασαν
372 1920 451 2001 τούς
469 1920 612 2009 δήμους,
634 1915 697 1989 οὐκ
712 1919 835 2001 είδύτες
849 1924 906 1990 ἵνα
922 1918 1041 2003 ἀπεξε-

27 2024 128 2089 ’κέετο
142 2014 304 2107 ήἙλένη,
322 2020 396 2089 τότε
412 2024 547 2108 λέγουσι
559 2016 638 2099 τούς
648 2021 823 2108 Δεκελέας,
840 2024 874 2089 οί
886 2024 921 2089 δὲ
936 2015 1041 2088 αύτδυ

27 2119 185 2187 Δέκελον
199 2114 391 2205 ἀχθόμενόν
409 2144 445 2187 τε
460 2124 500 2208 τῇ
514 2119 641 2206 Θησέος
662 2114 742 2206 ύβρι
758 2120 813 2187 καί
828 2121 1040 2205 δειμαίνοντα

36 2218 112 2304 περὶ
126 2215 214 2305 πάση
227 2223 264 2306 τῇ
274 2213 463 2305 Ἀθηναίων
472 2217 576 2307 χάρη,
588 2215 838 2304 ἐξηγησάμενόν
847 2236 908 2304 σφι
921 2214 959 2287 τδ
971 2224 1040 2285 πᾶν

28 2322 170 2402 1ττρήγμα
185 2315 437 2404 κατηγήσασθαι
452 2317 504 2384 ἐπὶ
518 2312 577 2395 τάς
587 2312 761 2402 Ἀφίδνας,
775 2312 835 2395 τάς
845 2313 886 2404 δή
901 2313 1041 2394 Τιτακὸς

28 2410 103 2482 ’ἐάν
118 2410 293 2498 αὐτόχθων
308 2418 549 2501 καταπροδιδοῖ
564 2416 798 2501 Τννδαρίδησι.
822 2426 907 2481 τοῖσι
925 2413 961 2481 δὲ
971 2422 1041 2481 Δε-

40 2506 168 2579 κελεῦσι
183 2512 221 2580 ἐν
235 2510 376 2601 Σπάρτη
390 2508 457 2580 ἀπὸ
472 2510 595 2579 τούτου
607 2516 669 2579 τοῦ
679 2516 781 2596 ἔργον
796 2505 925 2577 ἀτέλειά
938 2512 1040 2578 τεκαὶ

41 2614 194 2697 προεδρίη
209 2610 367 2679 διατελέει
379 2612 412 2689 ἐς
422 2608 501 2678 τάδε
516 2611 578 2678 αέελ
591 2614 638 2677 ἔτι
649 2610 769 2695 έοῦσα,
785 2606 875 2678 οὕτω
888 2606 971 2677 ὥστε
985 2611 1041 2678 καὶ

43 2712 74 2789 ἐς
85 2706 141 2777 τόν
150 2707 296 2796 πόλεμον
307 2706 367 2777 τδυ
379 2707 522 2796 ὕστερον
536 2716 688 2778 πολλοῖσι
700 2714 785 2777 έτεσι
799 2708 929 2777 τούτων
939 2708 1039 2796 γενά-

44 2834 141 2897 μενον
151 2805 358 2896 Ἀθηναίοισί
363 2836 398 2878 τε
409 2812 771 2897 καὶΠελοποννησίοισι
780 2810 968 2895 σινομένων
977 2806 1038 2896 τήν

44 2906 142 2991 ἀλλην
155 2902 302 2993 Ἀττικήν
316 2912 610 2995 Λακεδαιμονίων,
625 2913 804 2994 Δεκελείης
820 2903 1035 2993 ἀποσχέσθαι.

49 3005 169 3073 Τούτου
183 3012 244 3074 τού
259 3005 369 3094 δήμου
382 3004 447 3076 έάν
463 3003 480 3075 ὁ
496 3006 667 3095 Σωφάνης
683 3007 737 3075 καὶ
751 3002 950 3093 ἀριστεύσας
963 3004 1037 3074 τότε
1052 3014 1086 3072 λλ
1183 2997 1192 3014 ”

43 3100 236 3190 Ἀθηναίων,
257 3102 368 3185 διξούς
385 3104 508 3193 λόγους
522 3106 723 3193 λεγομένους
738 3110 820 3192 ἔχει,
836 3101 897 3173 τὸν
912 3106 975 3191 μὲν
993 3101 1037 3184 ὡς

48 3204 81 3269 ἐκ
95 3207 149 3267 τοῦ
164 3206 325 3291 ζωστῆρος
340 3210 402 3272 τοῦ
422 3203 578 3290 θύρηκος
595 3202 715 3291 ἐφόρεε
728 3203 850 3292 χαλκέη
863 3200 960 3271 ἁλύσι
980 3205 1037 3269 δε-

49 3298 178 3385 δεμένην
192 3296 344 3389 ἀγκυραυ
355 3304 522 3388 σιδηρέην,
540 3297 602 3389 τήν
613 3298 701 3379 ὅκως
711 3299 864 3369 πελάσειε
878 3297 1036 3367 ἀπικνεό-

50 3421 139 3481 μενος
152 3410 232 3466 τοίσι
249 3405 436 3487 πολεμίοισι
451 3400 668 3487 βαλλέσκετο,
683 3401 740 3466 ἵνα
756 3398 798 3486 δή
812 3424 871 3485 μιν
889 3400 923 3466 οί
936 3400 1036 3467 πολέ-

51 3522 112 3582 μιοι
124 3499 327 3577 ἐκπίπτοντες
342 3501 378 3567 έιι
389 3506 446 3586 τῆς
457 3499 566 3581 τάξιος
576 3506 791 3587 μετακινῆσαι
802 3494 847 3584 μή
859 3502 1034 3625 δρναίατο·

838 3599 870 3652 21
