2500 3925
163 234 204 296 σο
339 202 344 212 ’
540 237 789 299 οεοοοοει

161 402 207 488 τῷ
215 396 319 488 Κύρῳ
329 393 392 484 την
401 399 578 484 βασιληίην
587 394 950 482 συγκατεργασάμενος.
967 387 1065 476 οὗτος
1076 393 1169 484 ὡνὴρ

110 583 115 589 ⁸
160 493 236 562 τότε
248 490 315 561 ὑπὸ
324 494 444 581 Κύρου
455 492 637 582 στρατηγὸς
650 491 849 582 ἀποδεχθεὶς
860 491 904 574 δις
915 490 1050 562 ἀπίκετο
1063 497 1095 574 ές
1106 493 1169 581 τὴν

157 591 302 681 Ἰωνίην,
325 596 416 681 αἵρεε
430 590 490 673 τὰς
516 590 610 671 πόλις
642 593 788 680 χώμασι·
817 591 904 674 ὅπως
919 591 983 680 γὰρ
999 592 1169 682 τειχήρεας

160 694 327 781 ποιήσειε,
343 690 380 761 τὸ
393 695 555 761 ἐνθεῦτεν
564 692 700 779 χώματα
714 698 783 779 χῶν
795 688 878 779 πρὸς
891 689 931 759 τὰ
944 697 1051 779 τείχεα
1065 690 1169 775 ἐπόρ-

98 810 144 866 ’.63
158 803 228 862 θεε
256 792 374 883 πρώτη
392 792 428 861 δέ
442 798 580 880 Φωκαίη
591 788 717 878 Ἰωνίης
740 793 1001 878 ἐπεχείρησεθ
973 791 1073 858 Οίδὲ
1089 797 1169 858 Φω·

159 888 325 976 καιέες
282 921 377 965 ουτοι
388 899 576 982 ναυτιλίῃσι
590 898 736 982 μακρῇσι
750 898 876 978 πρῶτοι
885 888 1056 979 Ἑλλήνων
1069 889 1168 1010 ἐχρη-

159 1020 278 1086 σαυτο,
302 1001 357 1067 καὶ
376 995 437 1066 τόν
456 1021 493 1063 τε
503 992 638 1080 Ἀδρίην
659 995 714 1062 καὶ
734 1018 796 1080 την
817 997 1008 1079 Τυρσηνίην
1029 987 1141 1059 καὶ
1103 1015 1168 1078 την

155 1104 300 1184 Ἰβηρίην
320 1099 375 1165 και
394 1082 766 1181 τδνΤαρτησσὸνοῦτοί
786 1097 848 1160 είσι
866 1114 897 1159 οι
919 1095 1165 1171 καταδέξαντες.

158 1195 275 1262 ἐναυτί
260 1201 391 1263 ίλλοντο
403 1195 438 1262 δὲ
451 1219 492 1261 ου
482 1190 731 1280 ’στρογγύλησι
747 1195 863 1279 νηυσί,
879 1189 964 1260 ἄλλα
977 1216 1165 1278 πεντηκον-

157 1292 290 1377 τέροισι.
314 1317 513 1379 απικομενοι
524 1291 560 1358 δέ
571 1291 605 1370 ἐς
613 1288 871 1378 τονΤαρτησσον
879 1294 1079 1380 προσφιλέες
1090 1291 1166 1377 ἐγέ-

157 1418 257 1462 νοντο
278 1400 324 1483 τῷ
344 1394 476 1481 βασιλέι
493 1397 563 1458 τῶν
576 1396 854 1482 Ταρτησσίων,
822 1397 868 1458 τῶ
892 1388 1022 1476 οὔνομα
1037 1381 1143 1476 μέν
1119 1416 1167 1476 ην

152 1488 419 1578 Ἀργανθωυιος,
448 1489 673 1612 έτμρίηνευσε
706 1487 759 1556 δὲ
757 1493 958 1576 Ταρτησσοῦ
970 1485 1166 1612 ὀγδώκοντα

156 1595 247 1676 έτεα,
273 1587 441 1678 έβίωσεδέ
457 1585 498 1657 πολ
519 1589 629 1656 παντα
645 1595 749 1656 εἰκοσι
764 1590 819 1656 καὶ
834 1588 962 1658 ἑκατόν.
991 1589 1099 1679 τούτῳ
1121 1585 1165 1674 δὴ

155 1693 202 1778 τῷ
219 1684 316 1775 ἀνδρὶ
331 1687 531 1775 προσφιλέες
553 1691 586 1755 οί
601 1689 768 1766 Φωκαιέες
786 1685 875 1754 οὕτω
891 1687 978 1776 δήτι
995 1689 1164 1778 ἐγένοντο,

157 1781 201 1864 ὡς
216 1781 256 1853 τὰ
271 1785 333 1872 μὲν
349 1785 465 1874 πρῶτά
480 1805 585 1872 σφεας
606 1784 802 1864 ἐκλιπόντας
813 1783 941 1873 Ἰωνίην
959 1791 1089 1856 έκέλευε
1103 1795 1165 1874 τῆς

121 1949 126 1956 .
155 1888 283 1952 ἑωυτοῦ
297 1883 405 1972 χοίρης
419 1888 550 1971 οἰκῆσαι
561 1881 645 1950 ὅκου
655 1883 847 1972 βούλονται,
863 1882 944 1973 μετα
960 1884 1006 1973 δὲ,
1023 1882 1067 1967 ὡς
1080 1893 1166 1954 τοῦ·
1208 1880 1209 1883 “

153 1982 193 2051 τό
206 2010 244 2069 γε
266 1981 329 2052 οὐκ
344 1989 460 2051 ἔπειθε
478 1979 559 2061 τούς
575 1986 764 2077 Φωκαιέας,
786 1982 803 2051 ὁ
826 1984 863 2052 δὲ
883 1986 1080 2109 πυθόμενος
1100 1984 1165 2054 τὸν

155 2085 278 2167 Μηδου
289 2105 356 2168 παρ
360 2077 717 2169 ἀὐτωνὼςαύξοιτο,
734 2085 847 2151 ἐδίδου
860 2104 921 2173 σφι
931 2112 1083 2176 χρηματα
1092 2100 1158 2154 τει

153 2204 210 2265 χος
230 2176 526 2305 περιβαλέσθαι’“
484 2206 553 2266 την
574 2180 684 2249 πόλιν.
711 2183 823 2251 ἐδίδου
845 2184 881 2253 δέ
903 2182 1082 2273 ἀφειδέως·
1105 2212 1164 2253 και

153 2302 218 2361 γαρ
234 2279 289 2345 καὶ
308 2306 329 2364 η
316 2274 501 2364 ’περίοδος
515 2286 576 2347 τοῦ
596 2285 718 2366 τείχεος
733 2279 796 2349 οὐκ
811 2281 919 2370 ὀλίγοι
935 2285 1065 2355 στοίδιοί
1085 2290 1164 2371 είσι,

152 2384 251 2444 τοῦτο
273 2377 309 2443 δὲ
330 2384 399 2443 πᾶν
416 2383 528 2447 λίδων
547 2380 704 2466 μεγάλων
725 2378 841 2450 καλ
801 2409 839 2451 ευ
861 2388 1163 2475 συναρμοσμένων.

89 2476 134 2533 1⁶4
156 2472 201 2542 T6
216 2478 278 2561 μὲν
289 2472 329 2562 δὴ
342 2488 446 2561 τειχος
455 2485 740 2548 τοίσιΦωκαιεῠσι
754 2482 867 2574 τρόπςο
877 2489 996 2576 τοιῷδε
1007 2485 1162 2574 ἐξεποιή-

150 2569 251 2659 δη,ὁ
274 2573 311 2640 δε
324 2571 527 2661 ’Ἀρπαγος’
506 2602 550 2654 ως
563 2575 760 2663 ἐπήλασε
723 2604 786 2664 την
806 2579 981 2669 στρατιην,
1003 2584 1165 2669 ἐπολιόρ-

150 2696 206 2739 κεε
219 2666 360 2757 αὐτοὺς,
382 2674 621 2760 προισχόμενος
639 2674 778 2742 ἐπεα”
725 2702 795 2762 ως
807 2682 841 2745 οί
849 2704 1012 2772 καταγρα
1030 2708 1046 2749 ε
1047 2684 1161 2769 ίβού

150 2776 264 2836 λονται
285 2772 452 2850 Φωκαιέες
471 2795 691 2859 προμαχεωυα
713 2775 773 2840 ἕνα
800 2782 931 2860 μοῦνον
953 2804 1014 2847 του
1035 2787 1163 2866 τείχεος

150 2868 278 2952 ἐρεῖψαι
288 2870 344 2935 καί
356 2877 477 2956 οἴκημα
492 2872 530 2937 ἓν
543 2877 733 2957 κατιρῶσαι.
759 2878 793 2941 οί
778 2873 840 2941 ίδέ
805 2877 1025 2956 δΦωκαιέες
1037 2903 1163 2966 περιη-

148 2966 340 3084 μεκτέοντες
353 2991 393 3053 τη
378 2968 598 3057 δουλοσύνη
612 2974 742 3089 ἔφασαν
756 2973 888 3040 ἐθέλειν
901 2970 1161 3062 βουλεύσασθαι

149 3059 277 3151 ημέρην
297 3071 378 3149 μίαν
398 3068 453 3133 καί
477 3071 606 3135 ἔπειτεν
620 3065 892 3154 ὑποκρινέεσθαι.
923 3073 960 3139 ἐν
975 3065 1055 3164 ᾦδδ
1072 3082 1162 3163 βου-

148 3160 304 3283 λεηίονται
318 3159 430 3248 αὐτοὶ,
453 3160 639 3251 ἀπαγαγεῖν
654 3170 784 3235 ἐκεῖνον
801 3164 1008 3237 ἐκέλευον
972 3197 1035 3258 την
1052 3194 1162 3261 στρα-

146 3258 222 3349 τεὴν
242 3258 308 3329 ἆπό
323 3268 384 3327 τοῦ
399 3269 529 3348 τείχεος.
553 3263 618 3333 ὁδ’
634 3266 801 3355 ’Ἀρπαγος
817 3276 881 3358 έφη
901 3270 1162 3359 είδέναιμέν
1120 3302 1162 3343 ευ

146 3389 186 3431 τα
174 3360 257 3429 ἐἐκ
244 3375 325 3429 ῑνοι
339 3365 492 3447 μέλλοιεν
506 3368 633 3435 ποιέειν
640 3395 755 3455 ,ομως
772 3373 812 3438 δέ
823 3391 884 3458 σφι
898 3374 1056 3458 παριέναι
1071 3384 1143 3465 βου

147 3460 341 3529 λεύσασθαι.
365 3452 441 3528 ἐν
413 3489 438 3553 φ
452 3454 528 3531 ωνδ
537 3462 736 3553 ’Ἀρπαγος’
718 3465 782 3535 απδ
795 3494 855 3535 του
841 3467 1019 3556 Ητείχεος
1000 3472 1163 3561 απήγαγε
