2500 3925
156 302 220 367 214
531 292 784 352 HERODOTI

156 457 289 576 ἐσβολαὶ
309 458 342 534 ἐς
358 463 549 540 Αἴγυπτον·
578 451 643 521 άπδ
665 452 731 541 γάρ
749 458 908 573 Φοινίκης
929 455 1023 541 μέχρι
1046 446 1158 532 οὔριον

154 558 223 623 τῶν
237 554 404 631 Καδύτιος
419 552 535 630 πόλιος
555 580 596 637 γη
583 556 678 621 ἐστὶ
695 553 822 638 Σύρων
839 559 907 619 τῶν
923 553 1156 618 Παλαιστίνων

156 656 383 739 καλεομένων
412 648 476 718 άπό
500 650 536 717 δέ
552 651 719 728 Καδύτιος
734 649 853 735 ἐούσης
872 648 1005 769 πβλιος,
1028 642 1072 765 βις
1089 647 1157 729 ἐμοὶ

156 752 280 837 δοκέει,
302 754 462 834 Σαρδίων
485 746 527 815 ού
553 754 665 838 πολλφ
686 742 952 871 ,ε’λάσσονος,άπδ
974 743 1098 827 ταύτης
1118 736 1156 806 τά

69 913 72 919 ,
156 850 298 937 ἐμπόρια
319 846 359 915 τά
383 849 435 916 ἐπὶ
459 848 633 932 θαλάσσης
653 848 747 932 μέχρι
767 844 919 932 Ἰηνύσου
947 841 1063 919 πόλιός
1091 842 1158 905 ἐστι

154 977 217 1018 τον
202 946 401 1034 Ἀραβίου,
419 942 538 1013 άπόδέ
535 943 722 1070 Ἰηνύσου
718 970 813 1020 αυτις
826 943 950 1028 Συρων
965 945 1059 1026 μεχρι
1070 946 1157 1023 Σερ

156 1052 299 1138 βωνίδος
313 1053 446 1132 λίμνης,
464 1042 544 1132 παρ’
566 1073 610 1131 ην
632 1041 722 1131 δη
687 1072 725 1111 το
741 1045 871 1111 Κάσιον
892 1037 993 1129 οὖρος
1011 1047 1111 1109 τείνει
1127 1042 1158 1116 ές

155 1147 350 1230 θάλασσαν,
373 1142 438 1212 άπο
428 1141 491 1212 δὲ
477 1148 719 1263 Σερβωνίδος
733 1144 908 1228 λίμνης,’
891 1168 928 1208 εν
948 1167 987 1228 τη
973 1136 1043 1224 δη
1059 1138 1158 1223 λόγος

156 1244 416 1329 τόνΤνφιόνακ
410 1231 658 1329 κρύφδαι,άπό
683 1242 804 1325 ταύτης
824 1238 887 1325 ἤδη
909 1246 1088 1323 Αἴγυπτος.
1120 1232 1157 1300 τὸ

156 1343 197 1430 δη
212 1342 335 1431 μεταξύ
347 1342 499 1429 Ἰηνύσου
510 1342 626 1418 πόλιος
640 1366 695 1406 και
683 1342 835 1405 Κασίου
849 1362 884 1403 τε
899 1334 1017 1417 οὔρεος
1032 1336 1158 1418 καὶτῆς

155 1448 369 1530 Σερβωνίδος
385 1449 518 1557 λίμνης,
536 1438 593 1508 ἐόν
607 1445 706 1506 τοῦτο
722 1434 784 1503 οὐκ
802 1432 917 1520 ὀλίγον
930 1440 1069 1519 χωρίον,
1088 1426 1157 1497 ἀλλ’

156 1540 239 1609 ὅσον
260 1569 296 1608 τε
313 1544 366 1609 ε’πὶ
390 1556 477 1627 τρεῖς
497 1537 621 1626 ἡμέρας
642 1533 740 1621 ὁδόν,
762 1533 911 1615 άνυδρόν
936 1534 1003 1599 ἐστι
1030 1535 1158 1606 δεινως.

125 1651 142 1705 6
160 1637 203 1707 Τ
188 1666 206 1706 ο
222 1639 258 1707 δέ
275 1637 382 1725 όλίγοι
400 1645 470 1706 τῶν
490 1640 523 1716 ές
537 1647 712 1721 Αἴγυπτον
726 1633 1030 1716 υαυτιλλομένων’
1013 1630 1160 1697 εννενοί·

156 1758 251 1823 κασι,
270 1745 368 1804 τοῦτο
390 1742 525 1823 ἔρχομαι
547 1734 697 1820 φράσων.
722 1733 755 1809 ές
770 1740 943 1816 Αίγνπτον
963 1732 998 1796 ἐκ
1013 1736 1071 1814 τῆς
1086 1727 1161 1796 Ἑλ-

156 1835 258 1911 λάδος
281 1834 388 1920 πάσης
410 1837 465 1901 καὶ
490 1830 573 1919 πρὸς
599 1834 635 1898 ἐκ
657 1837 816 1914 Φοινίκης
839 1836 981 1914 κέραμος
1006 1830 1159 1945 ἐσάγεται

156 1932 283 2022 πλήρης
304 1942 401 2002 οίνου
423 1937 473 2012 δὶς
492 1938 553 2000 τοῦ
574 1935 663 2008 ἔτεος
684 1928 841 2013 ἑκάστου,
864 1930 918 1994 καὶ
939 1930 976 1994 έν
997 1926 1161 2012 κεράμιον

141 2030 296 2119 ὀίνηρόν
310 2029 446 2122 ἀριθμῷ
466 2037 621 2115 κείμενον
637 2025 699 2094 οὐκ
720 2032 788 2094 ἔστι
804 2023 848 2104 ὡς
867 2025 956 2145 λόγω
972 2032 1077 2093 εἰπεῖν
1091 2027 1162 2092 ι’δέ-

156 2141 248 2247 σθαι.
282 2137 345 2196 κοῦ
368 2134 467 2214 δητα,
490 2138 577 2195 είποι
599 2154 649 2205 τις
675 2121 735 2212 άν,
756 2132 860 2193 ταῦτα
885 2124 1161 2211 άναισιμοῦνταις

157 2224 222 2313 ε’γοδ
240 2229 407 2294 καὶτοῦτο
423 2227 551 2312 φράσω
573 2230 623 2292 δεῖ
639 2223 699 2292 τόν
713 2226 775 2310 μὲν
786 2226 987 2312 δημαρχον”
967 2245 1108 2292 εκαστον
1125 2226 1161 2290 ἐκ

156 2335 213 2413 της
228 2329 355 2393 εωυτοῦ
366 2325 482 2402 πόλιος
493 2327 696 2404 συλλέξαντα
711 2325 820 2390 πάντα
834 2323 894 2391 τὸν
906 2322 1085 2410 κέραμον”
1064 2349 1162 2408 αγειν

156 2428 190 2503 ἐς
201 2427 360 2510 Μέμφιν,
377 2423 455 2503 τούς
472 2423 508 2491 δέ
523 2426 559 2491 ἐκ
575 2426 734 2509 Μέμφιος
749 2425 781 2500 ἐς
796 2429 898 2488 ταῦτα
917 2419 956 2509 δη
971 2420 1011 2489 τὰ
1028 2419 1162 2506 άνυδρα

155 2531 213 2609 της
224 2529 353 2608 Συρίης
367 2529 514 2609 κομίζειν
527 2523 716 2608 πλήσαντας
731 2521 860 2600 ὕδατος.
885 2521 973 2589 οὕτω
991 2521 1008 2590 ὁ
1025 2527 1163 2609 ἐπιφοι·

155 2624 240 2689 τέων
255 2623 397 2707 κέραμος
414 2626 468 2690 καλ
482 2621 712 2706 ἐξαιρεόμενος
728 2623 764 2688 έν
775 2621 934 2712 Αίγύπτρε
950 2624 1002 2690 ἐπὶ
1017 2619 1078 2688 τόν
1093 2647 1164 2687 πα-

126 2739 143 2794 7
157 2719 253 2790 λαιόν
269 2727 433 2807 κομίζεται
451 2727 483 2802 ἐς
499 2729 640 2810 Συρίην.
688 2719 786 2789 Οὕτω
801 2723 862 2808 μέν
876 2721 941 2789 νυν
954 2725 1082 2809 Πέρσαι
1098 2726 1163 2792 είσλ

157 2826 192 2888 οί
205 2819 267 2906 την
283 2818 425 2907 ἐσβολὴν
439 2823 565 2907 ταύτην
580 2821 893 2907 παρασκευάσαντες
907 2818 958 2888 ἐπ’
972 2831 1163 2910 Αἴγυπτον,

156 2915 239 2986 κατὰ
258 2915 299 3003 δὴ
321 2915 361 2984 τά
385 2923 540 3005 εἰρημένα
560 2920 719 2998 σάξαντες
739 2918 852 3004 ὕδατι,
889 2922 994 2987 ἐπείτε
1026 2921 1162 3006 τάχιστα

155 3019 348 3102 παρέλαβον
368 3025 551 3102 Αἴγυπτον.
581 3017 655 3083 τότε
681 3015 716 3083 δέ
740 3015 803 3085 οὐκ
829 3019 942 3096 έόντος
967 3045 1015 3086 κω
1038 3019 1165 3097 ὕδατος

155 3116 289 3199 ἑτοίμου
310 3113 493 3200 Καμβύσης
518 3114 714 3199 πυθόμενος
730 3111 1080 3203 τοῦἉλικαρνησσέος
1093 3120 1166 3195 ξεί-

124 3263 128 3266 .
152 3234 235 3293 νου,
257 3209 389 3292 πέμψας
403 3207 494 3296 παρά
514 3208 575 3276 τόν
592 3207 748 3298 Ἀράβιον
770 3208 930 3296 άγγέλους
951 3215 1005 3278 καὶ
1027 3215 1165 3298 δεηθεὶς

152 3315 210 3393 τῆς
224 3305 406 3393 άσφαλείης
423 3315 532 3394 ἔτυχε,
547 3317 656 3388 πίστις
671 3312 751 3388 δούς
767 3337 801 3377 τε
817 3315 871 3378 καὶ
888 3310 1068 3396 δεξάμενος
1082 3308 1163 3394 παρ’

120 3399 265 3473 θαύτοῦ.
311 3407 475 3490 Σέβονται
493 3407 528 3473 δέ
546 3403 694 3492 Ἀράβιοι
718 3414 826 3485 πίστις
847 3404 1043 3494 ἀνθρώπων
1059 3403 1164 3492 ὁμοῖα

151 3513 237 3568 τοῖσι
252 3500 402 3586 μάλιστα.
430 3511 603 3570 ποιεῦνται
626 3508 661 3571 δὲ
678 3502 780 3582 αὐτάς
794 3505 905 3602 τρόπφ
923 3509 1058 3596 τοιῷδε·
1090 3511 1166 3570 τῶν
