2500 3925
167 256 230 322 ³70
544 256 795 315 HERonoTl

167 417 228 487 τόν
238 420 387 506 πόλεμον
402 424 582 505 στρουθῶν
595 422 788 500 καταγαίων
799 414 902 504 δοράς
912 420 1074 504 φορέουσι
1086 440 1157 501 τρο-

82 532 87 542 “
167 518 326 605 βλήματα.
352 516 407 587 διά
425 520 462 587 δὲ
479 514 591 585 αύτῦν
607 523 725 594 Κῖνυψ
738 513 887 601 ποταμός
906 516 994 604 βέωυ
1011 518 1048 584 ἐκ
1062 514 1158 601 λόφου

167 620 377 703 καλεομένου
392 622 548 704 Χαρίτων
569 616 602 694 ές
622 614 802 681 θάλασσαν
817 615 951 682 έκδιδοτ.
979 612 1055 682 όδέ
1066 612 1158 699 λόφος

168 706 298 793 ούτοςὸ
316 720 471 800 Χαρίτων
487 710 591 792 δασύς
605 716 698 800 ίδησί
712 714 780 780 ἐστι
795 713 915 799 ἐούσης
929 720 987 800 τῆς
1001 711 1101 799 ἄλλης
1112 719 1158 797 τῆς

167 819 492 899 προκαταλεχθείσης
509 812 639 899 Λιβύης
659 818 775 898 ψιλῆς,
798 809 864 880 άπὸ
887 813 1063 898 θαλάσσης
1081 810 1115 878 δὲ
1134 813 1160 887 ἐς
1219 847 1220 868 ;

102 925 151 980 176
167 907 272 978 αῦτόν
287 910 417 978 στάδιοι
435 912 598 997 διηκόσιοί
612 915 685 977 είσι.
730 912 881 977 Μακέων
902 909 938 978 δέ
952 909 1085 978 τούτων
1097 908 1161 994 ἐχό-

167 1036 264 1099 μενοι
288 1014 493 1090 Γινδῦνές
518 1016 598 1096 εἰσι,
626 1017 695 1078 τῶν
721 1014 758 1078 αί
779 1024 938 1095 γυναῖκες
964 1009 1160 1096 κερασφόρα
1219 1005 1220 1026 ³

167 1108 343 1196 δερμάτων
359 1105 465 1178 πολλὰ
478 1108 598 1195 ἑκάστη
611 1112 728 1195 φορέει
743 1106 828 1177 κατὰ
841 1108 977 1177 τοιόνδέ
985 1134 1037 1195 τι,
1059 1104 1103 1184 ὡς
1115 1109 1160 1175 λε’-

166 1233 275 1294 γεται·
299 1205 372 1275 κατ’
390 1206 498 1295 ἄνδρα
510 1211 653 1276 ἕκαστον
663 1210 826 1293 μιχθέντα
837 1207 1065 1294 περισφύριον
1076 1231 1161 1291 περι·

167 1307 291 1373 δέεταν
312 1305 335 1392 ἢ
350 1304 382 1372 δ’
398 1302 442 1374 άν
455 1316 591 1375 πλεῖστα
602 1313 677 1395 ἔχη,
691 1305 777 1393 αῦτη
788 1303 904 1394 ἀρίστη
916 1310 1071 1375 δέδοκται
1088 1304 1160 1373 εἶναι
1214 1335 1220 1403 3

101 1425 149 1483 177
167 1404 211 1484 ὡς
232 1403 299 1473 ὑπό
316 1415 480 1475 πλείστων
504 1404 641 1495 άνδρῦν
657 1414 848 1493 φιληθεῖσα.
889 1403 1009 1492 ’Λκτὴυ
1031 1406 1068 1474 δὲ
1087 1430 1160 1492 προ-
1213 1420 1219 1492 ἦ

169 1506 312 1589 έχουσαυ
326 1507 359 1584 ές
373 1503 434 1573 τόν
448 1505 574 1574 πόντον
593 1504 725 1573 τούτων
737 1511 806 1572 τῶν
820 1504 1000 1573 Γινδάνων
1014 1507 1160 1592 νέμοντα

167 1604 434 1690 Λωτοφάγοι,
457 1611 491 1672 οἳ
508 1602 569 1672 τόν
589 1601 722 1690 καρπόν
738 1611 868 1691 μοῦνον
880 1610 942 1671 τοῦ
957 1611 1070 1673 λωτοῦ
1083 1602 1160 1689 τρά-

168 1726 284 1787 γοντες
307 1700 484 1782 ζύουσι·ό
510 1702 546 1771 δὲ
571 1708 633 1771 τοῦ
653 1708 763 1771 λωτοῦ
785 1701 914 1790 καρπός
934 1705 1004 1771 ἐστι
1023 1705 1161 1788 μέγαθος

166 1796 249 1867 ὅσον
276 1824 312 1866 τε
336 1807 395 1887 τῆς
422 1809 556 1887 σχίνου,
588 1802 782 1888 γλυκύτητα
806 1802 843 1869 δὲ
862 1808 924 1869 τοῦ
947 1809 1101 1887 φοίνικος
1120 1805 1159 1886 τῷ
1215 1795 1216 1798 '

166 1906 283 1990 καρπῷ
297 1907 503 1988 προσίκελος.
526 1906 701 1970 ποιεῦνται
717 1903 753 1968 δέ
768 1902 805 1968 έκ
823 1905 885 1969 τοῦ
898 1906 1032 1987 καρποῦ
1048 1898 1159 1968 τούτου
1215 1925 1216 1928 “

102 2017 152 2074 178
166 2004 200 2068 οἱ
212 2000 414 2086 Λωτοφάγοι
431 2005 487 2070 καὶ
503 1999 606 2069 οἶνον.
652 2000 870 2088 Λωτοφάγων
889 1997 927 2067 δέ
940 1996 978 2066 τό
996 1995 1086 2083 παρὰ
1099 1995 1160 2064 δάν

166 2109 293 2170 λασσαν
322 2104 452 2185 ἔχονται
478 2101 692 2185 Μάχλυες,
721 2105 768 2188 τῷ
789 2104 883 2189 λωτῷ
903 2100 966 2183 μὲν
995 2099 1052 2164 καὶ
1076 2087 1160 2163 οὗτοι

165 2197 351 2285 χρεόμενοι,
365 2196 450 2285 άτάρ
461 2199 563 2267 έσσόν
572 2225 611 2285 γε
621 2203 691 2267 τῶν
701 2196 867 2285 πρότερον
878 2199 1076 2282 λεχθέντων.
1088 2221 1161 2262 κστ-

164 2297 286 2384 ύκουσι
302 2297 339 2364 δέ
356 2299 408 2364 ἐπὶ
421 2295 572 2384 ποταμόν
586 2297 710 2383 μέγαν,
731 2304 778 2388 τῷ
792 2294 922 2380 οὕνομα
939 2299 1071 2381 Τρίτων
1083 2295 1160 2360 έστί·
1217 2342 1218 2345 ,

166 2395 293 2462 ἐκδιδοῖ
313 2393 350 2462 δέ
368 2385 465 2472 οὗτος
486 2397 519 2473 ἐς
539 2401 663 2481 λίμνην
679 2395 829 2481 μεγάλην
848 2399 1053 2477 Τριτωνίδα·
1079 2396 1113 2460 έν
1131 2390 1164 2459 δὲ

165 2487 250 2579 αῦτη
264 2497 367 2578 νῆσος
381 2496 448 2577 ένι,
469 2498 510 2580 τη
527 2489 657 2578 οῦυομα
671 2492 755 2560 Φλά.
784 2493 911 2578 ταύτην
928 2492 965 2560 δὲ
985 2490 1049 2578 τὴν
1064 2496 1162 2577 νῆσον
1216 2528 1217 2533 1

166 2593 463 2676 Λακεδαιμονίοισί
475 2608 558 2676 φασι
572 2590 691 2675 λόγιον
705 2588 790 2658 εἶναι
805 2599 922 2659 κτίσαι.

99 2707 149 2764 179
239 2685 332 2758 ’Ἐστι
347 2689 384 2757 δὲ
400 2693 455 2756 καὶ
471 2687 529 2757 ὅδε
546 2689 646 2774 λόγος
662 2690 859 2777 λεγόμενος,
875 2689 1023 2779 Ἰήσονα,
1060 2693 1162 2760 έσείτε

166 2793 200 2857 οί
213 2786 399 2873 ἐξεργάσθη
413 2784 480 2854 ὑπὸ
495 2793 542 2878 τῷ
555 2793 671 2878 Πηλίῳ
685 2785 708 2873 ἡ
722 2785 845 2875 Ἀργοῦ,
860 2792 1046 2877 έσδέμενον
1060 2795 1091 2871 ές
1103 2788 1162 2858 αύ-
1215 2826 1217 2865 ι

166 2883 228 2973 τὴν
255 2881 362 2970 άλλην
382 2909 418 2952 τε
439 2884 629 2972 ἑκατόμβην
650 2887 705 2951 καὶ
729 2883 769 2971 δὴ
793 2888 849 2953 καὶ
868 2892 1009 2974 τρίποδα
1029 2889 1164 2976 χάλκεον

165 2983 649 3074 περιπλύεινΠελοπόννησον,
661 2984 872 3069 βουλόμενον
882 2984 1080 3073 έςΔελφοῦς
1088 2983 1164 3053 άπι-

165 3087 295 3154 κέσθαι.
328 3090 388 3152 καί
405 3109 464 3170 μιν
486 3080 530 3162 ὡς
551 3080 707 3150 πλάοντα
726 3087 888 3169 γενέσθαι
909 3083 993 3152 κατὰ
1016 3087 1164 3171 Μαλέην,

165 3183 350 3270 ὑπολαβεῖν
364 3180 490 3270 άνεμον
512 3185 636 3270 βορέην
655 3186 711 3250 καὶ
727 3182 910 3270 ἀποφέρειν
926 3182 1012 3270 πρὸς
1031 3183 1090 3271 τὴν
1101 3192 1166 3252 Λι-

165 3280 270 3366 βύην·
293 3281 374 3366 πρὶν
384 3279 421 3348 δὲ
436 3283 631 3350 κατιδέσθαι
645 3289 709 3367 γῆν
720 3285 757 3349 έν
767 3297 852 3350 τοῖσι
862 3283 1164 3370 βράχεσιγενέσθαι
1213 3300 1215 3323 ¹

166 3382 284 3462 λίμνης
299 3384 358 3463 τῆς
375 3383 586 3463 Τριτωνίδος.
610 3386 669 3446 καί
681 3385 715 3448 σί
727 3378 904 3468 ἀπορέοντι
921 3381 984 3468 την
999 3379 1166 3468 ἐξαγωγὴν

167 3472 268 3559 λόγος
283 3474 351 3542 ἐστὶ
365 3482 513 3562 φανῆναι
531 3485 700 3563 Τρίτωνα,
721 3480 776 3547 καὶ
796 3481 947 3548 κελεύειν
960 3479 1022 3549 τόν
1038 3481 1165 3565 Ἰήσονα
1212 3502 1213 3505 ’
