2500 3925
199 192 263 257 κιο
576 178 838 254 ιιιιιιοοοτι·

199 355 361 425 ναυτικὸν
376 356 412 427 τὸ
427 358 557 443 ,Ξέρξεω
572 350 777 423 ἀπολέεσθαι
791 354 915 439 μέλλοι.
942 355 1064 418 Ταῦτα
1077 348 1188 443 μὲνιίι

199 466 292 535 καίος
307 451 325 524 6
341 454 527 531 Θεοκύδεος
543 458 645 537 έλεγε,
663 448 871 537 Δημαρήτου
882 473 918 516 τε
930 448 987 516 καί
997 445 1119 541 ἀλλων
1129 470 1190 530 μιρ

199 553 313 642 τύρων
327 552 582 639 καταπτόμενος.

149 662 186 720 66
286 656 331 722 06
346 653 382 722 δὲ
403 656 436 731 ές
456 649 517 719 τὸν
530 653 658 739 ,Ξέρξεω
676 645 838 718 ναυτικὸν
859 644 1005 735 στρατὸν
1022 650 1191 732 ταχθέντες,

200 750 313 838 ἐπειδὴ
324 754 361 821 ἐκ
376 758 537 840 Τρηχῖνος
550 748 762 837 θηησάμενοι
777 744 813 815 τὸ
829 752 943 833 τρῶμα
956 770 995 815 το
983 738 1192 813 Λακωνικὸν

200 847 483 938 ιλιέβησανέςτην
481 854 642 936 Ιστίαιιιν,
651 845 840 934 ἐπισχόντες
848 842 972 933 ημέρας
980 858 1078 933 τρεῖς
1086 848 1192 912 έπλωοι

200 947 246 1017 δι’
262 947 432 1037 Εὐρίπου,
454 949 510 1017 καί
523 950 561 1016 έν
575 948 704 1037 ἑτέρῃσι
724 949 811 1035 τρισὶ
832 942 973 1035 ἡμέρῃσι
995 944 1190 1032 έηιένοντοέι

200 1046 353 1138 Φαληρφ.
374 1045 572 1134 ἀςμὲνέμοί
582 1049 722 1132 δοκέειν,
738 1042 801 1114 νύκ
813 1044 1124 1125 έλάσσουεςέόυτες
1140 1040 1192 1128 ἀρι-

199 1140 292 1231 θμὸν
307 1146 466 1233 ἐσέβαλον
480 1145 514 1224 ές
528 1142 586 1225 τάς
596 1142 752 1232 Ἀθήνας,
767 1144 851 1213 κατά
867 1171 902 1214 τε
912 1142 1063 1232 ἤπειρον
1076 1144 1130 1213 καί
1140 1146 1190 1229 τησι

200 1244 299 1329 νηυσὶ
310 1239 519 1363 ἀπικύμενοι,
530 1238 553 1330 6¹
564 1245 621 1313 έπί
628 1243 827 1329 τιΣητιάία
837 1240 997 1312 ἀπίκοντο
1009 1245 1074 1312 καί
1085 1244 1119 1321 ές
1129 1248 1191 1321 Θιν

198 1339 359 1427 μοπύλας.
389 1336 562 1429 ἀντιθήσω
576 1337 642 1427 γὰρ
656 1345 744 1409 τοῖσί
754 1365 790 1407 τε
811 1335 876 1409 666
893 1346 953 1409 τού
967 1345 1137 1427 χειμῶνος
1147 1332 1189 1402 ιιύ

197 1445 266 1509 τῶν
280 1436 517 1526 ἀπολομένοισι
530 1443 586 1510 καὶ
596 1454 682 1509 τοῖσι
694 1442 732 1509 έν
743 1441 980 1530 Θερμοπύλῃσι
995 1443 1058 1509 καί
1073 1446 1145 1539 τῇσι
1155 1439 1189 1504 ἐι

195 1532 387 1629 Ἀρτεμισίῳ
398 1545 599 1627 ναυμαχίῃσι
609 1537 732 1607 τούσδε
742 1535 821 1617 τούς
831 1538 906 1607 τότε
920 1534 1011 1605 ούιιιο
1025 1522 1188 1624 επομένονι
1208 1566 1210 1643 6

200 1638 339 1722 βασιλέι,
354 1640 505 1724 Μηλιέας
518 1663 554 1705 τι
568 1640 624 1705 καλ
634 1644 787 1722 Δωριέας
797 1638 852 1706 καί
863 1634 1018 1723 Λοκρούς
1032 1638 1093 1705 καλ
1103 1644 1186 1703 Βοιο

200 1728 279 1811 τούς
293 1753 499 1824 πανστρατιη
484 1738 692 1822 ’ἑπομένους
702 1730 791 1822 πλὴν
805 1739 977 1805 Θεσπιέων
994 1762 1033 1804 τε
1049 1737 1106 1805 καί
1117 1739 1210 1835 1666

78 1840 83 1850 ’
201 1832 320 1898 ταιέων
335 1832 391 1899 ιιοιλ
410 1831 500 1918 μύλα
517 1839 727 1921 Καρυστίους
744 1857 779 1902 τε
799 1836 855 1903 καλ
871 1832 1048 1924 Ἀνδρίους
1071 1835 1127 1902 καλ
1141 1836 1185 1913 Τη
1209 1836 1210 1841 ’

201 1934 294 2008 νίους
314 1954 349 1998 τε
369 1932 423 2000 καὶ
444 1928 523 2012 τούς
544 1930 684 2012 λοιπούς
705 1932 869 2020 νησιώτας
889 1934 1015 2014 πάντας
1038 1929 1127 2020 πλὴν
1139 1933 1184 1998 των

201 2030 299 2096 πέντε
312 2036 456 2118 πολίων,
470 2039 539 2100 τῶν
554 2030 771 2120 ἐπεμνήσθην
788 2033 954 2120 πρότερον
967 2033 1007 2101 τά
1024 2029 1183 2116 ούνύμαιι

200 2127 268 2221 ὅσφ
281 2127 347 2217 γάρ
369 2127 410 2216 66
431 2133 610 2221 προέβαινε
623 2134 825 2220 έσωτέρω
786 2159 844 2219 της
859 2127 1047 2212 Ἑλλάδος’
1030 2159 1051 2200 ο
1066 2131 1182 2240 116666

150 2235 185 2291 67
203 2224 350 2318 τοσούτφ
362 2230 451 2296 πλέω
466 2229 570 2298 έθνεά
584 2233 620 2298 ολ
631 2232 749 2298 εἵπετο.
779 2223 908 2298 Ἐπεὶ
880 2255 929 2298 ου
944 2226 1088 2299 ἀπίκατο
1104 2229 1134 2305 ές
1144 2218 1207 2294 τίς

197 2321 342 2412 Ἀθήνας
355 2324 478 2406 πάντες
493 2318 588 2396 ούτοι
603 2326 693 2414 πλὴν
707 2336 846 2416 Παρίων
866 2330 1000 2416 Πάριοι
1015 2329 1056 2399 δὲ
1071 2326 1180 2396 ὑπολει-

201 2425 344 2509 φθέντες
357 2426 394 2493 έν
405 2423 536 2516 Κύθνφ
547 2425 822 2514 έιιαραίύκεον
788 2453 848 2495 τον
858 2427 1007 2515 πόλεμον
1020 2454 1066 2516 ιιη
1051 2415 1182 2508 ἀτοβίς

200 2527 367 2606 σεται,οί
376 2524 412 2592 δὲ
423 2522 567 2593 λοιποί
545 2551 589 2603 ως
600 2522 760 2594 ἀπίκοντο
773 2522 853 2604 ές
818 2550 856 2595 το
869 2524 1040 2612 Φάληρον,
1057 2525 1205 2596 ένθαύιι

199 2571 379 2710 κατέβη’
337 2622 437 2703 αυτὸς
448 2628 571 2712 ,Ξέρξης
584 2621 684 2694 έπλ
648 2651 706 2704 τας
717 2627 809 2712 νέας,
827 2627 957 2694 ἐθέλων
969 2645 1031 2712 σφι
1048 2617 1181 2711 συμμίξαι
1155 2599 1205 2783 66

199 2749 234 2791 τε
248 2724 302 2791 καὶ
316 2725 489 2792 πυθέσθαι
504 2732 571 2794 τῶν
585 2723 874 2795 έπιπλωόντοιν
837 2753 896 2806 τοις
910 2726 1056 2824 γνώμας,
1086 2716 1204 2824 έπελίὲ,

199 2817 403 2905 ἀπικόμενος
415 2827 583 2908 προΐζετο,
599 2829 756 2911 παρῆσαν
769 2823 996 2910 μετάπεμπτα
1013 2827 1048 2893 οἱ
1062 2827 1126 2891 τῶν
1138 2818 1178 2884 6
1203 2827 1204 2907 6

200 2930 288 2989 νέων
308 2925 375 2987 τῶν
395 2922 566 3006 σφετέρων
584 2922 747 3009 τύραννοι
770 2923 825 2990 καί
851 2926 1017 3007 ταξίαρχοι
1045 2917 1108 2988 ἀπὸ
1130 2917 1175 2981 τόν

202 3027 304 3103 νεῶν,
320 3021 376 3087 καλ
388 3018 542 3100 ἵζουτο”
514 3045 558 3099 ως
573 3039 634 3108 σφι
649 3017 807 3109 βασιλεύς
824 3021 950 3110 έκάστφ
968 3015 1068 3105 τιμὴν
1082 3007 1203 3085 ἐθείύ

199 3143 254 3188 ιιεε
261 3125 416 3204 ,πρῶτος
428 3116 519 3205 μέν’
504 3148 523 3187 υ
535 3120 703 3200 Σιδωέυιος
712 3123 881 3208 βασιλεύς,
895 3145 1055 3207 μεταο
965 3115 1055 3188 666
1071 3115 1173 3200 Τύριοι

199 3218 252 3286 έπλ
266 3216 303 3283 66
314 3207 423 3285 ωλλοι
448 3214 492 3296 ἀς
506 3219 543 3286 66
558 3218 671 3309 κόσμφ
683 3221 797 3306 πεξης
807 3222 928 3305 ιζοντο,
940 3218 1071 3306 πεμψας
1081 3213 1201 3296 6666

201 3313 400 3400 Μαρδόνιον
416 3314 582 3403 είριύτοιᾙ
563 3313 841 3402 αποπειρεόμενος
855 3316 1007 3402 ἑκάστου,
1026 3321 1057 3384 εί
1072 3331 1171 3396 ναυμα-

152 3421 187 3475 68
200 3418 276 3497 χίην
295 3413 451 3481 ποιέοιτο.
489 3410 575 3482 Ἐπελ
602 3413 638 3480 δὲ
665 3411 805 3498 περιιών
826 3412 980 3500 είράτα’
966 3440 983 3483 ο
1006 3410 1171 3502 Μαρδόνιος

1198 3647 1199 3723 6

1193 3781 1198 3862 λ
