2500 3925
340 266 427 323 LIB.
460 266 480 322 1.
515 265 613 323 GAP.
649 274 826 329 ιιο-ιοο.
1064 264 1104 331 λι

99 430 129 494 οί
139 425 204 512 μέν
217 451 308 505 τινες
319 421 433 494 αύτώυ
447 422 624 515 ἐμάχοντο,
647 424 722 495 ὅσοι
742 424 787 515 μή
808 435 870 497 τοῦ
888 426 995 515 λόγου
1008 430 1106 514 μετέ-

96 544 193 613 σχον,
217 528 253 593 ολ
265 522 303 593 δὲ
319 520 528 610 αὐτομόλεον
542 520 628 609 πρδς
641 522 722 605 τούς
734 527 884 615 Πέρσας,
908 531 944 595 ολ
960 527 997 595 δέ
1010 534 1105 596 κλεί-

96 642 166 691 στοι
187 620 416 692 ἐθελοκάκεόν
429 646 463 691 τε
479 624 534 690 καὶ
549 628 705 710 ἔφευγον.
741 628 977 705 Αιαλυθέυτος
991 627 1027 694 δέ
1042 631 1103 692 τοῦ
1123 635 1174 689 1ου

95 724 259 809 Μηδικοῦ
279 720 524 809 στρατεύματος
544 727 703 809 αἰσχρῶς,
732 719 778 803 ὥς
798 722 945 794 ἐπύθετο
967 723 1103 811 τάχιστα

95 818 113 892 ὁ
130 817 333 909 Ἀστυάγης,
355 826 420 909 ἐφη
435 818 600 890 ἀπειλέων
612 830 660 915 τῷ
674 823 795 909 Κύρῳ·
814 822 898 896 Ἀλλ’
911 820 989 892 οὐδ’
1002 819 1048 904 δός
1059 820 1102 908 [ό]

95 920 212 1010 Κῦρός
235 945 276 1008 γε
300 920 459 1009 χαιρήσει.
507 928 663 989 Τοσαῦτα
683 930 777 1002 είπας
800 930 936 1012 πρῶτον
956 923 1019 1010 μέν
1034 927 1104 989 τῶν

22 1094 28 1109 ,
94 1021 215 1109 μάγων
229 1018 310 1099 τούς
330 1016 587 1107 ὀνειροπόλους,
607 1023 643 1087 οἵ
660 1046 720 1107 μιν
739 1019 936 1111 ἀνέγνωσαν
955 1034 1103 1108 μετεῖναι

93 1119 154 1190 τόν
168 1126 300 1208 Κῦρον,
314 1119 457 1200 τούτους
471 1117 723 1209 ἀνεσκολόπισε,
739 1120 820 1207 μετά
836 1124 873 1191 δὲ
887 1120 1011 1190 ὥπλισε
1025 1117 1105 1199 τούς

93 1218 369 1305 ὑπολειφθέντας
388 1223 456 1286 τών
471 1216 606 1305 Μήδων
625 1220 664 1287 έν
683 1225 730 1310 τῷ
751 1215 858 1307 ἀστελ,
880 1220 979 1300 νέους
998 1220 1104 1287 τεκαὶ

93 1315 287 1404 πρεσβύτας
311 1312 446 1401 ἀνδρας.
490 1313 664 1403 ἐξαγαγών
681 1318 719 1386 δέ
738 1317 879 1398 τούτους
899 1321 954 1387 καί
970 1324 1102 1404 συμβα-

92 1414 164 1486 λών
190 1427 277 1484 τοῖσι
305 1416 454 1501 Πέρσησι
479 1413 631 1502 ἑσσώθη,
660 1416 716 1484 καὶ
740 1414 841 1497 αάτός
862 1442 899 1485 τε
921 1413 1103 1505 Ἀστυάγης

92 1512 289 1603 ἐζωγρήθη,
325 1514 381 1581 καὶ
410 1511 490 1593 τούς
520 1514 660 1601 ἐξήγαγε
689 1522 758 1584 τῶν
782 1514 916 1604 Μήδων
946 1513 1100 1604 ἀπέβαλε.

90 1612 198 1685 Ἐόυτι
214 1616 252 1683 δὲ
265 1610 460 1706 αἰχμαλώτῳ
473 1620 519 1706 τῷ
537 1612 713 1700 Ἀστυάγεϊ
724 1614 890 1703 προσστὰς
903 1611 921 1684 ὁ
935 1614 1102 1701 ’Ἅρπαγος
1120 1623 1170 1677 129

94 1716 273 1806 κατέχαιρέ
284 1742 320 1784 τε
334 1716 390 1783 καί
404 1714 660 1803 κατεκερτόμεε,
681 1720 737 1784 καί
759 1714 842 1786 ἀλλα
863 1717 971 1802 λέγων
992 1712 1104 1795 έςαό-

94 1814 155 1885 τόν
170 1814 351 1901 θυμαλγέα
365 1818 456 1900 ἐπεα,
472 1815 526 1882 καί
541 1810 581 1899 δή
598 1816 654 1882 καὶ
669 1813 778 1902 εἴρετό
791 1841 850 1901 μιν
864 1811 948 1901 πρός
962 1809 999 1880 τό
1016 1815 1103 1881 ἑωυ-

95 1922 157 1986 τοῦ
184 1919 340 2001 δείπνου,
358 1910 397 1982 τό
412 1940 470 2002 μιν
484 1915 610 1994 ἐκεῖνος
621 1916 716 2002 σαρξὶ
726 1921 788 1983 τοῦ
801 1910 920 1992 παιδός
934 1916 1102 2002 ἐθοίνησε,

97 2013 116 2084 ό
128 2040 161 2083 τι
183 2023 236 2102 εἴη
256 2011 277 2102 ή
293 2015 425 2082 ἐκείνου
440 2013 633 2100 δουλοσύνη
649 2010 723 2084 ἀντὶ
737 2019 794 2099 τῆς
806 2019 989 2100 βασιληίης.
1033 2010 1051 2082 ό
1067 2015 1106 2082 δέ

97 2136 155 2201 μιν
170 2108 344 2196 προσιδών
358 2107 543 2200 ἀντείρετο,
567 2115 597 2180 εί
617 2114 746 2178 ἑωυτοῦ
765 2113 909 2178 ποιέεται
930 2108 967 2178 τό
983 2109 1103 2198 Κύρου

98 2221 208 2301 ἔργον.
231 2211 400 2299 ’Ἅρπαγος
414 2211 451 2280 δέ
465 2217 546 2298 ἐφη,
563 2209 664 2291 αὐτός
677 2209 742 2298 γάρ
756 2208 900 2300 γράψαι,
915 2208 952 2279 τό
968 2218 1104 2300 πρῆγμα

96 2311 136 2399 δή
160 2314 291 2380 ἑωυτοῦ
313 2314 447 2389 δικαίως
468 2308 562 2378 εἶναι.
604 2308 788 2398 Ἀστυάγης
808 2311 848 2379 δέ
865 2335 924 2398 μιν
938 2308 1104 2397 ἀπέφαινε

97 2419 142 2503 τῷ
165 2409 256 2502 λόγῳ
278 2408 476 2479 σκαιότατόν
495 2435 532 2478 τε
551 2411 608 2478 καὶ
631 2407 837 2477 ἀδικώτατον
853 2408 952 2478 ἐόντα
967 2409 1104 2478 πάντων

98 2506 313 2595 ἀνθρώπων,
339 2508 537 2578 σκαιότατον
550 2511 613 2596 μέν
626 2535 682 2596 γε,
711 2515 742 2577 εί
761 2506 889 2594 παρεόν
902 2507 992 2600 αὐτῷ
1006 2517 1105 2598 βασι-

99 2609 157 2680 λέα
181 2609 358 2694 γενέσθαι,
385 2613 416 2677 εί
439 2606 480 2695 δή
502 2606 549 2676 δι’
573 2610 702 2677 ἑωυτοῦ
722 2633 760 2693 γε
778 2606 929 2696 ἐπρήχθη
943 2607 984 2676 τά
998 2633 1104 2695 παρε-

100 2707 198 2794 όντα,
225 2704 315 2798 ἀλλρι
329 2707 511 2794 περιέθηκε
525 2704 563 2775 τό
583 2705 723 2794 κράτος,
749 2701 956 2775 ἀδικώτατον
970 2709 1024 2793 δὲ,
1052 2704 1103 2776 ότι

99 2812 160 2874 τοῦ
182 2809 323 2876 δείπνου
344 2807 472 2874 εἵνεκεν
487 2805 630 2894 Μήδους
650 2804 896 2873 κατεδούλωσε·
926 2809 957 2872 εί
974 2801 1040 2890 γὰρ
1061 2800 1102 2892 δή

100 2909 172 2974 δεῖν
194 2904 330 2984 πάντως
353 2915 543 2991 περιθεῖναι
567 2901 664 2997 ἀλλην,
680 2906 744 2996 τέω
766 2901 829 2991 τήν
849 2908 1027 2992 βασιληίην
1048 2901 1103 2969 καλ

101 3000 143 3090 μή
160 2999 264 3072 αύτόν
280 3007 384 3089 ἔχειν,
407 3000 616 3085 δικαιότερον
639 2999 724 3069 εἶναι
739 2999 871 3088 Μήδων
885 3002 947 3091 τέω
962 3005 1103 3085 περιβα-

102 3111 172 3170 λεῖν
185 3109 283 3170 τοῦτο
298 3097 336 3170 τό
352 3097 487 3187 ἀγαθόν
500 3096 522 3189 ή
536 3102 713 3188 Περσέων·
750 3107 817 3168 νῦν
832 3103 868 3167 δέ
884 3097 1027 3187 Μήδους
1040 3098 1103 3184 μὲν

103 3197 271 3280 ἀναιτίους
283 3199 407 3269 τούτου
421 3198 536 3279 ἐόντας
550 3199 695 3280 δούλους
715 3197 789 3269 ἀντί
803 3199 991 3266 δεσποτέων
1004 3219 1103 3282 γεγο-

103 3301 212 3387 νέναι,
231 3303 366 3384 Πέρσας
385 3303 422 3367 δέ
447 3301 591 3379 δούλους
611 3299 728 3378 ἐόντας
742 3295 779 3367 τό
795 3299 876 3384 πρὶν
890 3295 1023 3385 Μήδων
1037 3303 1103 3363 νῦν

103 3402 274 3486 γεγονέναι
301 3397 471 3480 δεσπότας.
517 3397 701 3486 Ἀστυάγης
725 3401 788 3485 μέν
812 3424 879 3465 νυν
903 3396 1104 3486 βασιλεύσας
1119 3400 1170 3455 130

105 3494 158 3566 ἐπ’
173 3503 244 3567 ἐτεα
263 3501 363 3569 πέντε
376 3501 432 3568 καλ
447 3499 627 3585 τριήκοντα
642 3498 731 3568 οὕτω
745 3506 803 3587 τῆς
816 3505 990 3587 βασιληίης
1005 3522 1103 3566 κατε-
