2500 3925
149 232 212 295 200
518 234 773 292 HERODOTI

148 397 187 462 ἐν
207 400 253 485 τῷ
272 397 308 462 ac
324 398 514 479 λιθοτομίαι
539 396 652 459 ἔνεισι.
687 398 749 459 τοῦ
770 384 821 459 οἶν
836 389 877 478 δὴ
901 390 1026 476 οὔρεος
1041 390 1181 458 τούτου

150 489 240 617 ταρά
258 487 320 578 τὴν
336 484 535 578 ὑπωρέηυ
512 516 645 578 ηκταιη
632 486 830 578 ‘durique'
810 514 859 558 αττ
861 488 1038 577 ’ἑσπέρης
1055 485 1180 579 μακρὴ

149 590 232 679 πρὸς
246 590 309 680 τὴν
321 588 387 680 66,
403 594 458 659 καί
475 597 604 710 ἔπειτεν
618 598 720 659 τείνει
735 593 769 670 ἐς
780 591 993 679 διασφάγας,
1012 590 1181 675 φέρουσα

149 687 214 759 άιτδ
237 696 298 758 τοῦ
313 687 432 776 οὔρεος
448 686 532 776 πρὸς
547 696 758 778 μεσαμβρίην
773 714 810 758 τε
829 692 886 757 καί
909 687 1017 757 νότον
1039 684 1181 771 ἄνεμον

149 792 182 867 ίς
202 786 263 857 τὸν
283 788 411 858 κόλπον
427 785 487 855 τὸν
499 784 667 874 Ἀράβιον.
699 795 740 875 τῇ
761 786 799 855 δὲ
822 786 1002 873 ἐλάχιστόν
1023 786 1180 854 ἐστικαὶ

150 885 405 971 συντομώτατον
425 889 462 953 ἐκ
482 891 540 972 τῆς
560 891 699 972 βορηίης
718 886 897 971 θαλάσσης
920 882 1124 971 ὑπερβῆναι
1143 886 1182 959 ἐς
1232 970 1233 975 ¹

149 981 211 1069 τὴν
224 988 340 1069 νοτίην
353 987 408 1051 καί
419 980 588 1069 Ἐρυθρὴν
603 980 667 1067 τὴν
680 980 788 1070 αὐτὴν
799 982 930 1069 ταύτην
941 983 1179 1067 καλεομένην,
1232 980 1233 989 ’

150 1077 214 1148 άιιό
229 1086 289 1147 τοῦ
304 1086 433 1148 Κασίου
448 1078 567 1166 οὔρεος
582 1089 643 1147 τοῦ
659 1078 853 1166 οὐρίζοντος
864 1078 1049 1169 Λίγυτιτόν
1062 1104 1103 1147 τε
1119 1080 1181 1145 καί

149 1182 297 1262 Συρίην,
319 1173 384 1244 άτό
405 1178 528 1245 τούτου
550 1180 612 1247 εἰσί
628 1179 758 1245 στάδιοι
780 1174 904 1264 άτιαρτί
927 1184 1033 1265 χίλιοι
1055 1180 1094 1258 ἐς
1113 1174 1181 1243 τὸν

146 1273 302 1362 Ἀράβιον
315 1274 451 1345 κόλπον.
475 1284 573 1346 τοῦτο
584 1277 649 1396 μὲν
659 1274 696 1345 τὸ
709 1276 985 1363 συντομώτατον,
1002 1274 1024 1363 6
1037 1275 1077 1343 δέ
1091 1278 1178 1342 διῶ-

150 1377 211 1455 ρυξ
232 1380 343 1463 πολλῷ
362 1378 566 1462 μακροτέρη,
588 1373 657 1465 ὅσῳ
679 1378 885 1462 σκολιωτέρη
912 1378 992 1443 ἐστί.
1028 1369 1098 1461 τὴν
1121 1370 1180 1439 ἐπὶ

154 1473 250 1538 Νεκῶ
266 1469 455 1555 βασιλέος’
438 1473 640 1559 ορύσσοντες
655 1479 854 1559 Αἰγυπτίων
875 1470 1060 1543 άπάλοντο
1079 1471 1181 1539 δυσί·
1233 1526 1234 1549 ,

151 1569 231 1633 δεκα
245 1568 412 1653 μυριάδες.
451 1567 569 1648 Νεκάς
584 1572 647 1655 μέν
661 1596 728 1637 νυν
742 1569 900 1656 μεταξύ’
882 1573 1048 1659 ορύσσοιν
1063 1567 1180 1637 ἐπαύ-
1233 1580 1234 1599 ³

151 1685 230 1732 σατο
251 1672 413 1753 μαντηίου
437 1669 597 1754 ἐμποδίου
621 1671 811 1755 γενομένου
832 1676 987 1757 τοιοῦδε,
1009 1677 1059 1761 τῷ
1085 1666 1234 1756 βαρ·

151 1762 245 1852 βάρςο
267 1760 372 1830 αὐτὸν
394 1767 562 1851 προεργάζ
545 1772 670 1847 ζεσθαι.
702 1768 901 1854 βαρβάρους
923 1769 962 1837 δὲ
981 1768 1119 1846 πάντας
1145 1770 1182 1833 υί

88 1877 140 1933 159
155 1862 329 1950 Αίγάτττιοι
344 1866 501 1933 καλέουσι
513 1863 593 1945 τούς
606 1893 652 1988 μη
640 1864 764 1953 σφίσι
779 1865 1035 1954 ὁμογλώσσους.
1070 1875 1181 1935 Παυ-

151 1965 296 2048 σάμενος
309 1962 402 2030 δέ
363 1989 420 2050 της
434 1962 630 2051 διάρυχοςὸ
646 1962 767 2044 Νεκῶς
782 1967 945 2051 ἐτράπετο
960 1964 1049 2054 πρὸς
1066 1985 1180 2050 στρα-

150 2066 259 2144 τηίας,
290 2063 346 2127 καὶ
371 2061 520 2149 τριήρεες
549 2066 587 2130 αί
612 2064 675 2148 μὲν
707 2065 761 2131 ἐπὶ
791 2071 832 2152 τῇ
856 2071 981 2154 βορηίῃ
1007 2065 1180 2152 θαλάσση

152 2153 376 2242 ἐποιήθησαν,
397 2162 434 2225 αί
446 2155 479 2225 δ’
496 2161 533 2226 ἐν
547 2184 592 2251 τρι
578 2158 755 2250 ’Ἀραβίῳ
761 2163 878 2254 κόλπῳ
895 2166 949 2232 ἐπί
963 2189 1007 2252 τη
990 2161 1180 2249 ’Ἐρυθρῇ

151 2254 323 2340 θαλάσση,
351 2260 419 2322 τάν
445 2261 493 2324 ἔτι
518 2262 553 2326 οί
574 2255 667 2326 ὁλκοὶ
694 2260 750 2327 ἐπί
735 2263 853 2345 ίδηλοι.
889 2263 946 2329 καὶ
965 2261 1118 2349 ταύτῃσί
1140 2283 1179 2326 τε
1234 2312 1235 2345 ,

152 2353 266 2435 ἐχρᾶτο
283 2352 320 2417 ἐν
339 2379 385 2442 τρι
371 2355 525 2441 δέοντι,
548 2360 603 2423 καὶ
617 2362 774 2444 Συρίοισι
795 2356 911 2476 6666‘
896 2385 916 2426 ο
933 2355 1060 2436 Νεκιδς
1083 2379 1178 2444 συμ-

152 2443 266 2531 βαλών
281 2449 318 2513 ἐν
326 2446 509 2542 Μαγδωλρι
524 2455 672 2539 ἐνίκησε,
688 2479 770 2540 μετα
759 2452 879 2523 δὲ
841 2480 906 2543 την
922 2457 1038 2544 μάχην
1049 2457 1179 2524 Κάδυ-

152 2570 204 2611 τιν
229 2543 329 2612 ιιόλιν
351 2552 408 2632 τῆς
421 2555 550 2636 Συρίης
570 2552 694 2617 ἐοῦσαν
714 2555 867 2640 μεγάλην
888 2551 965 2624 εἷλε.
1001 2558 1041 2624 ἐν
1065 2562 1110 2644 τῇ
1138 2557 1178 2623 δέ

153 2643 268 2725 ἐσθῆτι
283 2646 488 2727 ἐτυχεταῦτα
499 2648 805 2766 κατεργασάμενος,
821 2648 1018 2744 ἀνέθηκε
984 2673 1033 2720 τω
1017 2650 1179 2720 Ἀπόλ-

152 2746 235 2806 λωνι
250 2741 379 2824 πέμψας
395 2742 427 2817 ἐς
441 2747 625 2827 Βραγχίδας
640 2743 718 2824 τούς
732 2753 924 2834 Μιλησίων.
956 2775 1044 2836 μετα
1032 2747 1180 2818 6666-

153 2836 289 2900 καίδεκα
305 2833 429 2902 ἐτεα
392 2863 432 2902 τα
447 2838 556 2906 πάντα
571 2839 671 2924 ἄρξας
685 2851 842 2934 τελευτᾷ,
864 2873 911 2937 τρι
896 2851 1027 2916 παιδὶ
1049 2851 1178 2936 Ψάμμι

153 2927 374 3011 παραδούς
340 2957 401 3016 την
415 2929 528 3018 ἀρχήν.

90 3051 140 3105 160
234 3023 302 3094 Ἐπί
325 3034 447 3095 τοῦτον
467 3029 507 3115 δη
531 3028 591 3097 τὸν
614 3036 785 3122 Ψάμμιν
811 3043 1044 3126 βασιλεύοντα
1059 3047 1178 3133 Αίγύ-

149 3150 229 3195 ατου
255 3125 414 3194 ἀπίκοντο
434 3122 573 3194 Ἠλείων
597 3123 737 3216 ἄνδρες,
766 3132 949 3223 αὐχέοντες
976 3143 1184 3212 δικαιότατα

152 3227 206 3292 καί
223 3224 379 3293 κάλλιστα
395 3223 575 3293 τιθέναι
542 3252 602 3292 τον
620 3229 658 3295 ἐν
678 3229 912 3326 οάλυμιιίη’
892 3245 1015 3325 αγαῑνα
1035 3243 1185 3314 πάντων

151 3321 359 3411 άνθράτων,
389 3326 446 3392 καί
469 3325 640 3406 δοκέοντες
666 3332 756 3419 παρὰ
780 3341 890 3407 ταῦτα
914 3337 1049 3408 οὐδ”
1026 3371 1074 3411 αν
1099 3343 1185 3425 τούς

153 3419 364 3508 σοφωτάτους
404 3421 595 3509 ἀνθρώπων
630 3433 842 3516 Αἰγυπτίους
884 3436 1018 3510 οὐδὲν
1032 3447 1183 3527 ἐπεξεν-
