<?xml version="1.0" encoding="UTF-8"?>
<!DOCTYPE html PUBLIC "-//W3C//DTD XHTML 1.0 Transitional//EN"
    "http://www.w3.org/TR/xhtml1/DTD/xhtml1-transitional.dtd">
<html xmlns="http://www.w3.org/1999/xhtml" xml:lang="en" lang="en">
 <head>
  <title>
</title>
<meta http-equiv="Content-Type" content="text/html;charset=utf-8" />
  <meta name='ocr-system' content='tesseract 3.04.00' />
  <meta name='ocr-capabilities' content='ocr_page ocr_carea ocr_par ocr_line ocrx_word'/>
</head>
<body>
  <div class='ocr_page' id='page_1' title='image "./herodotihistori00dietgoog_0209.png"; bbox 0 0 2500 3925; ppageno 0'>
   <div class='ocr_carea' id='block_1_1' title="bbox 209 250 1077 343">
    <p class='ocr_par' dir='ltr' id='par_1_1' title="bbox 209 250 1077 343">
     <span class='ocr_line' id='line_1_1' title="bbox 209 250 1077 343; baseline 0.001 -5"><span class='ocrx_word' id='word_1_1' title='bbox 209 250 214 261; x_wconf 82' lang='grc'>’</span> <span class='ocrx_word' id='word_1_2' title='bbox 334 283 409 339; x_wconf 73' lang='grc' dir='ltr'><strong><em>ιιι</em></strong></span> <span class='ocrx_word' id='word_1_3' title='bbox 449 284 482 339; x_wconf 77' lang='grc' dir='ltr'><strong><em>ιι</em></strong></span> <span class='ocrx_word' id='word_1_4' title='bbox 515 282 613 340; x_wconf 64' lang='lat' dir='ltr'><strong><em>cm.</em></strong></span> <span class='ocrx_word' id='word_1_5' title='bbox 647 288 821 343; x_wconf 73' lang='grc' dir='ltr'><strong><em>ιιι-ιιι.</em></strong></span> <span class='ocrx_word' id='word_1_6' title='bbox 1015 272 1077 339; x_wconf 75' lang='lat'><strong><em>207</em></strong></span> 
     </span>
    </p>
   </div>
   <div class='ocr_carea' id='block_1_2' title="bbox 77 438 1144 3487">
    <p class='ocr_par' dir='ltr' id='par_1_2' title="bbox 77 438 1144 3487">
     <span class='ocr_line' id='line_1_2' title="bbox 91 438 1078 531; baseline 0.004 -24"><span class='ocrx_word' id='word_1_7' title='bbox 91 465 135 507; x_wconf 85' lang='grc' dir='ltr'><strong><em>ται</em></strong></span> <span class='ocrx_word' id='word_1_8' title='bbox 152 446 314 526; x_wconf 82' lang='grc' dir='ltr'><strong><em>χρᾶσθαι,</em></strong></span> <span class='ocrx_word' id='word_1_9' title='bbox 338 440 556 526; x_wconf 82' lang='grc' dir='ltr'><strong><em>ἐντανύουσι,</em></strong></span> <span class='ocrx_word' id='word_1_10' title='bbox 578 438 680 509; x_wconf 79' lang='grc' dir='ltr'><strong><em>ἐπεάν</em></strong></span> <span class='ocrx_word' id='word_1_11' title='bbox 703 444 739 510; x_wconf 73' lang='grc' dir='ltr'><strong><em>δὲ</em></strong></span> <span class='ocrx_word' id='word_1_12' title='bbox 752 440 956 531; x_wconf 76' lang='grc' dir='ltr'><strong><em>χρήσωνται,</em></strong></span> <span class='ocrx_word' id='word_1_13' title='bbox 978 442 1078 511; x_wconf 84' lang='grc' dir='ltr'><strong><em>ἐκλό-</em></strong></span> 
     </span>
     <span class='ocr_line' id='line_1_3' title="bbox 90 538 1077 629; baseline 0.001 -20"><span class='ocrx_word' id='word_1_14' title='bbox 90 562 162 609; x_wconf 88' lang='grc' dir='ltr'><strong><em>ονσι.</em></strong></span> <span class='ocrx_word' id='word_1_15' title='bbox 195 546 226 609; x_wconf 89' lang='grc' dir='ltr'><strong><em>εί</em></strong></span> <span class='ocrx_word' id='word_1_16' title='bbox 247 539 314 628; x_wconf 88' lang='grc' dir='ltr'><strong><em>γάρ</em></strong></span> <span class='ocrx_word' id='word_1_17' title='bbox 340 538 381 627; x_wconf 85' lang='grc' dir='ltr'><strong><em>δή</em></strong></span> <span class='ocrx_word' id='word_1_18' title='bbox 412 540 473 609; x_wconf 84' lang='grc' dir='ltr'><strong><em>τόν</em></strong></span> <span class='ocrx_word' id='word_1_19' title='bbox 503 541 613 610; x_wconf 87' lang='grc' dir='ltr'><strong><em>πάντα</em></strong></span> <span class='ocrx_word' id='word_1_20' title='bbox 637 543 764 628; x_wconf 81' lang='grc' dir='ltr'><strong><em>χρόνον</em></strong></span> <span class='ocrx_word' id='word_1_21' title='bbox 793 545 990 627; x_wconf 76' lang='grc' dir='ltr'><strong><em>ἐντεταμένα</em></strong></span> <span class='ocrx_word' id='word_1_22' title='bbox 1014 551 1077 629; x_wconf 81' lang='grc' dir='ltr'><strong><em>τίη,</em></strong></span> 
     </span>
     <span class='ocr_line' id='line_1_4' title="bbox 87 635 1078 726; baseline -0.001 -20"><span class='ocrx_word' id='word_1_23' title='bbox 87 642 227 726; x_wconf 86' lang='grc' dir='ltr'><strong><em>ἐκραγείη</em></strong></span> <span class='ocrx_word' id='word_1_24' title='bbox 253 635 315 724; x_wconf 81' lang='grc' dir='ltr'><strong><em>άν,</em></strong></span> <span class='ocrx_word' id='word_1_25' title='bbox 349 637 433 707; x_wconf 80' lang='grc' dir='ltr'><strong><em>ὅστε</em></strong></span> <span class='ocrx_word' id='word_1_26' title='bbox 457 643 490 717; x_wconf 89' lang='grc' dir='ltr'><strong><em>ἐς</em></strong></span> <span class='ocrx_word' id='word_1_27' title='bbox 512 637 551 707; x_wconf 88' lang='grc' dir='ltr'><strong><em>τό</em></strong></span> <span class='ocrx_word' id='word_1_28' title='bbox 572 642 651 707; x_wconf 91' lang='grc' dir='ltr'><strong><em>δέον</em></strong></span> <span class='ocrx_word' id='word_1_29' title='bbox 671 637 736 708; x_wconf 78' lang='grc' dir='ltr'><strong><em>οὐκ</em></strong></span> <span class='ocrx_word' id='word_1_30' title='bbox 756 636 800 706; x_wconf 74' lang='grc' dir='ltr'><strong><em>ἐν</em></strong></span> <span class='ocrx_word' id='word_1_31' title='bbox 820 644 929 725; x_wconf 78' lang='grc' dir='ltr'><strong><em>ἐχοιεν</em></strong></span> <span class='ocrx_word' id='word_1_32' title='bbox 948 636 1078 706; x_wconf 86' lang='grc' dir='ltr'><strong><em>αὑτοίσι</em></strong></span> 
     </span>
     <span class='ocr_line' id='line_1_5' title="bbox 85 733 1078 823; baseline -0.003 -19"><span class='ocrx_word' id='word_1_33' title='bbox 85 744 228 823; x_wconf 64' lang='grc' dir='ltr'><strong><em>χρᾶσθαι.</em></strong></span> <span class='ocrx_word' id='word_1_34' title='bbox 252 734 342 804; x_wconf 84' lang='grc' dir='ltr'><strong><em>οὑτω</em></strong></span> <span class='ocrx_word' id='word_1_35' title='bbox 359 733 400 823; x_wconf 84' lang='grc' dir='ltr'><strong><em>δή</em></strong></span> <span class='ocrx_word' id='word_1_36' title='bbox 416 738 471 804; x_wconf 78' lang='grc' dir='ltr'><strong><em>καὶ</em></strong></span> <span class='ocrx_word' id='word_1_37' title='bbox 485 733 675 822; x_wconf 84' lang='grc' dir='ltr'><strong><em>άνθρόπον</em></strong></span> <span class='ocrx_word' id='word_1_38' title='bbox 688 735 903 815; x_wconf 86' lang='grc' dir='ltr'><strong><em>κατάστασις·</em></strong></span> <span class='ocrx_word' id='word_1_39' title='bbox 926 740 957 803; x_wconf 88' lang='grc' dir='ltr'><strong><em>εί</em></strong></span> <span class='ocrx_word' id='word_1_40' title='bbox 966 736 1078 803; x_wconf 91' lang='grc' dir='ltr'><strong><em>έθέλοι</em></strong></span> 
     </span>
     <span class='ocr_line' id='line_1_6' title="bbox 85 831 1079 922; baseline -0.002 -20"><span class='ocrx_word' id='word_1_41' title='bbox 85 833 369 903; x_wconf 70' lang='grc' dir='ltr'><strong><em>κατεσπουδάσθαι</em></strong></span> <span class='ocrx_word' id='word_1_42' title='bbox 382 835 446 903; x_wconf 67' lang='lat' dir='ltr'><strong><em>acet</em></strong></span> <span class='ocrx_word' id='word_1_43' title='bbox 460 836 544 920; x_wconf 73' lang='grc' dir='ltr'><strong><em>μηδὲ</em></strong></span> <span class='ocrx_word' id='word_1_44' title='bbox 558 835 591 911; x_wconf 89' lang='grc' dir='ltr'><strong><em>ές</em></strong></span> <span class='ocrx_word' id='word_1_45' title='bbox 606 842 768 921; x_wconf 77' lang='grc' dir='ltr'><strong><em>παιγνίην</em></strong></span> <span class='ocrx_word' id='word_1_46' title='bbox 782 832 820 903; x_wconf 84' lang='grc' dir='ltr'><strong><em>τό</em></strong></span> <span class='ocrx_word' id='word_1_47' title='bbox 837 844 936 922; x_wconf 80' lang='grc' dir='ltr'><strong><em>μέρος</em></strong></span> <span class='ocrx_word' id='word_1_48' title='bbox 950 831 1079 902; x_wconf 88' lang='grc' dir='ltr'><strong><em>έωντὺν</em></strong></span> 
     </span>
     <span class='ocr_line' id='line_1_7' title="bbox 85 927 1077 1020; baseline 0.004 -21"><span class='ocrx_word' id='word_1_49' title='bbox 85 931 221 1016; x_wconf 75' lang='grc' dir='ltr'><strong><em>ἀνιέναι,</em></strong></span> <span class='ocrx_word' id='word_1_50' title='bbox 235 932 337 1000; x_wconf 84' lang='grc' dir='ltr'><strong><em>λάθοι</em></strong></span> <span class='ocrx_word' id='word_1_51' title='bbox 351 928 396 999; x_wconf 84' lang='grc' dir='ltr'><strong><em>άν</em></strong></span> <span class='ocrx_word' id='word_1_52' title='bbox 411 929 486 1018; x_wconf 84' lang='grc' dir='ltr'><strong><em>ήτοι</em></strong></span> <span class='ocrx_word' id='word_1_53' title='bbox 499 935 615 1018; x_wconf 77' lang='grc' dir='ltr'><strong><em>μανεὶς</em></strong></span> <span class='ocrx_word' id='word_1_54' title='bbox 628 927 651 1019; x_wconf 86' lang='grc' dir='ltr'><strong><em>ή</em></strong></span> <span class='ocrx_word' id='word_1_55' title='bbox 667 930 689 1000; x_wconf 91' lang='grc' dir='ltr'><strong><em>ὅ</em></strong></span> <span class='ocrx_word' id='word_1_56' title='bbox 701 958 740 1020; x_wconf 89' lang='grc' dir='ltr'><strong><em>γε</em></strong></span> <span class='ocrx_word' id='word_1_57' title='bbox 753 930 964 1020; x_wconf 85' lang='grc' dir='ltr'><strong><em>άπόπληκτος</em></strong></span> <span class='ocrx_word' id='word_1_58' title='bbox 977 931 1077 1020; x_wconf 87' lang='grc' dir='ltr'><strong><em>γενό-</em></strong></span> 
     </span>
     <span class='ocr_line' id='line_1_8' title="bbox 83 1027 1076 1121; baseline -0.002 -22"><span class='ocrx_word' id='word_1_59' title='bbox 83 1057 180 1119; x_wconf 83' lang='grc' dir='ltr'><strong><em>μενος.</em></strong></span> <span class='ocrx_word' id='word_1_60' title='bbox 200 1029 244 1099; x_wconf 83' lang='grc' dir='ltr'><strong><em>τά</em></strong></span> <span class='ocrx_word' id='word_1_61' title='bbox 258 1027 324 1117; x_wconf 75' lang='grc' dir='ltr'><strong><em>ἐγὼ</em></strong></span> <span class='ocrx_word' id='word_1_62' title='bbox 338 1031 556 1117; x_wconf 84' lang='grc' dir='ltr'><strong><em>ἐπιστάμενος</em></strong></span> <span class='ocrx_word' id='word_1_63' title='bbox 565 1034 666 1117; x_wconf 91' lang='grc' dir='ltr'><strong><em>μέρος</em></strong></span> <span class='ocrx_word' id='word_1_64' title='bbox 677 1033 820 1121; x_wconf 88' lang='grc' dir='ltr'><strong><em>έκατέρφ</em></strong></span> <span class='ocrx_word' id='word_1_65' title='bbox 834 1032 933 1118; x_wconf 91' lang='grc' dir='ltr'><strong><em>νέμω.</em></strong></span> <span class='ocrx_word' id='word_1_66' title='bbox 964 1037 1076 1099; x_wconf 81' lang='grc' dir='ltr'><strong><em>Ταῦτα</em></strong></span> 
     </span>
     <span class='ocr_line' id='line_1_9' title="bbox 83 1123 1144 1215; baseline -0.003 -19"><span class='ocrx_word' id='word_1_67' title='bbox 83 1132 136 1215; x_wconf 68' lang='grc' dir='ltr'><strong><em>μέν</em></strong></span> <span class='ocrx_word' id='word_1_68' title='bbox 154 1127 235 1207; x_wconf 87' lang='grc' dir='ltr'><strong><em>τοὺς</em></strong></span> <span class='ocrx_word' id='word_1_69' title='bbox 256 1134 377 1212; x_wconf 89' lang='grc' dir='ltr'><strong><em>φίλους</em></strong></span> <span class='ocrx_word' id='word_1_70' title='bbox 392 1124 564 1214; x_wconf 77' lang='grc' dir='ltr'><strong><em>άμείφατο.</em></strong></span> <span class='ocrx_word' id='word_1_71' title='bbox 608 1128 749 1213; x_wconf 76' lang='grc' dir='ltr'><strong><em>Λέγεται</em></strong></span> <span class='ocrx_word' id='word_1_72' title='bbox 764 1128 800 1195; x_wconf 78' lang='grc' dir='ltr'><strong><em>δέ</em></strong></span> <span class='ocrx_word' id='word_1_73' title='bbox 814 1123 832 1196; x_wconf 89' lang='grc' dir='ltr'><strong><em>ὑ</em></strong></span> <span class='ocrx_word' id='word_1_74' title='bbox 847 1125 999 1214; x_wconf 72' lang='grc' dir='ltr'><strong><em>Ἄμασις,</em></strong></span> <span class='ocrx_word' id='word_1_75' title='bbox 1020 1128 1076 1197; x_wconf 78' lang='grc' dir='ltr'><strong><em>καλ</em></strong></span> <span class='ocrx_word' id='word_1_76' title='bbox 1095 1139 1144 1194; x_wconf 79' lang='lat' dir='ltr'><em>m</em></span> 
     </span>
     <span class='ocr_line' id='line_1_10' title="bbox 83 1217 1075 1315; baseline -0.001 -21"><span class='ocrx_word' id='word_1_77' title='bbox 83 1225 130 1296; x_wconf 86' lang='grc' dir='ltr'><strong><em>ὅτε</em></strong></span> <span class='ocrx_word' id='word_1_78' title='bbox 141 1220 184 1315; x_wconf 91' lang='grc' dir='ltr'><strong><em>ήν</em></strong></span> <span class='ocrx_word' id='word_1_79' title='bbox 198 1226 350 1312; x_wconf 78' lang='grc' dir='ltr'><strong><em>ίδιότης,</em></strong></span> <span class='ocrx_word' id='word_1_80' title='bbox 373 1222 418 1304; x_wconf 80' lang='grc' dir='ltr'><strong><em>ὡς</em></strong></span> <span class='ocrx_word' id='word_1_81' title='bbox 432 1223 616 1311; x_wconf 70' lang='grc' dir='ltr'><strong><em>φιλοπότης</em></strong></span> <span class='ocrx_word' id='word_1_82' title='bbox 628 1217 674 1312; x_wconf 85' lang='grc' dir='ltr'><strong><em>ήν</em></strong></span> <span class='ocrx_word' id='word_1_83' title='bbox 688 1229 744 1293; x_wconf 84' lang='grc' dir='ltr'><strong><em>καί</em></strong></span> <span class='ocrx_word' id='word_1_84' title='bbox 758 1225 1007 1315; x_wconf 72' lang='grc' dir='ltr'><strong><em>φιλοσκώμμων</em></strong></span> <span class='ocrx_word' id='word_1_85' title='bbox 1019 1227 1075 1293; x_wconf 77' lang='grc' dir='ltr'><strong><em>καὶ</em></strong></span> 
     </span>
     <span class='ocr_line' id='line_1_11' title="bbox 81 1319 1074 1412; baseline 0.002 -22"><span class='ocrx_word' id='word_1_86' title='bbox 81 1320 227 1410; x_wconf 78' lang='grc' dir='ltr'><strong><em>οὐδαμῶς</em></strong></span> <span class='ocrx_word' id='word_1_87' title='bbox 240 1326 572 1409; x_wconf 75' lang='grc' dir='ltr'><strong><em>κατεσπουδασμένος</em></strong></span> <span class='ocrx_word' id='word_1_88' title='bbox 585 1319 689 1409; x_wconf 90' lang='grc' dir='ltr'><strong><em>άνήρ·</em></strong></span> <span class='ocrx_word' id='word_1_89' title='bbox 718 1322 805 1403; x_wconf 90' lang='grc' dir='ltr'><strong><em>ὅκως</em></strong></span> <span class='ocrx_word' id='word_1_90' title='bbox 819 1329 858 1393; x_wconf 89' lang='grc' dir='ltr'><strong><em>δέ</em></strong></span> <span class='ocrx_word' id='word_1_91' title='bbox 878 1352 938 1412; x_wconf 90' lang='grc' dir='ltr'><strong><em>μιν</em></strong></span> <span class='ocrx_word' id='word_1_92' title='bbox 952 1328 1074 1395; x_wconf 82' lang='grc' dir='ltr'><strong><em>ἐπιλεί-</em></strong></span> 
     </span>
     <span class='ocr_line' id='line_1_12' title="bbox 81 1418 1075 1512; baseline 0.004 -25"><span class='ocrx_word' id='word_1_93' title='bbox 81 1446 130 1488; x_wconf 85' lang='grc' dir='ltr'><strong><em>ποι</em></strong></span> <span class='ocrx_word' id='word_1_94' title='bbox 143 1418 286 1490; x_wconf 87' lang='grc' dir='ltr'><strong><em>πίνοντά</em></strong></span> <span class='ocrx_word' id='word_1_95' title='bbox 304 1445 341 1487; x_wconf 88' lang='grc' dir='ltr'><strong><em>τε</em></strong></span> <span class='ocrx_word' id='word_1_96' title='bbox 354 1422 410 1489; x_wconf 83' lang='grc' dir='ltr'><strong><em>καί</em></strong></span> <span class='ocrx_word' id='word_1_97' title='bbox 424 1418 638 1490; x_wconf 73' lang='grc' dir='ltr'><strong><em>εὐπαθέοντα</em></strong></span> <span class='ocrx_word' id='word_1_98' title='bbox 651 1420 691 1490; x_wconf 83' lang='grc' dir='ltr'><strong><em>τά</em></strong></span> <span class='ocrx_word' id='word_1_99' title='bbox 708 1422 878 1512; x_wconf 88' lang='grc' dir='ltr'><strong><em>ἐπιτήδεα,</em></strong></span> <span class='ocrx_word' id='word_1_100' title='bbox 898 1427 1075 1495; x_wconf 72' lang='grc' dir='ltr'><strong><em>κλέπτεσκε</em></strong></span> 
     </span>
     <span class='ocr_line' id='line_1_13' title="bbox 80 1515 1075 1613; baseline 0.01 -28"><span class='ocrx_word' id='word_1_101' title='bbox 80 1515 118 1585; x_wconf 80' lang='grc' dir='ltr'><strong><em>δν</em></strong></span> <span class='ocrx_word' id='word_1_102' title='bbox 131 1518 281 1602; x_wconf 87' lang='grc' dir='ltr'><strong><em>περιιόν.</em></strong></span> <span class='ocrx_word' id='word_1_103' title='bbox 306 1521 340 1586; x_wconf 93' lang='grc' dir='ltr'><strong><em>οί</em></strong></span> <span class='ocrx_word' id='word_1_104' title='bbox 351 1517 386 1585; x_wconf 88' lang='grc' dir='ltr'><strong><em>δ’</em></strong></span> <span class='ocrx_word' id='word_1_105' title='bbox 401 1518 446 1587; x_wconf 82' lang='grc' dir='ltr'><strong><em>άν</em></strong></span> <span class='ocrx_word' id='word_1_106' title='bbox 455 1545 515 1606; x_wconf 92' lang='grc' dir='ltr'><strong><em>μιν</em></strong></span> <span class='ocrx_word' id='word_1_107' title='bbox 526 1521 673 1608; x_wconf 90' lang='grc' dir='ltr'><strong><em>φάμενοι</em></strong></span> <span class='ocrx_word' id='word_1_108' title='bbox 686 1528 773 1609; x_wconf 82' lang='grc' dir='ltr'><strong><em>ἐχειν</em></strong></span> <span class='ocrx_word' id='word_1_109' title='bbox 783 1522 824 1592; x_wconf 84' lang='grc' dir='ltr'><strong><em>τά</em></strong></span> <span class='ocrx_word' id='word_1_110' title='bbox 839 1529 983 1613; x_wconf 86' lang='grc' dir='ltr'><strong><em>σφέτερα</em></strong></span> <span class='ocrx_word' id='word_1_111' title='bbox 991 1522 1075 1611; x_wconf 82' lang='grc' dir='ltr'><strong><em>χρή-</em></strong></span> 
     </span>
     <span class='ocr_line' id='line_1_14' title="bbox 80 1614 1075 1710; baseline 0.001 -24"><span class='ocrx_word' id='word_1_112' title='bbox 80 1645 155 1703; x_wconf 83' lang='grc' dir='ltr'><strong><em>ματα</em></strong></span> <span class='ocrx_word' id='word_1_113' title='bbox 169 1614 382 1705; x_wconf 87' lang='grc' dir='ltr'><strong><em>άρνεόμενον</em></strong></span> <span class='ocrx_word' id='word_1_114' title='bbox 391 1617 536 1704; x_wconf 78' lang='grc' dir='ltr'><strong><em>ἄγεσκον</em></strong></span> <span class='ocrx_word' id='word_1_115' title='bbox 549 1622 603 1688; x_wconf 77' lang='grc' dir='ltr'><strong><em>ἐπὶ</em></strong></span> <span class='ocrx_word' id='word_1_116' title='bbox 615 1621 795 1710; x_wconf 90' lang='grc' dir='ltr'><strong><em>μαντήιον,</em></strong></span> <span class='ocrx_word' id='word_1_117' title='bbox 810 1620 894 1691; x_wconf 89' lang='grc' dir='ltr'><strong><em>ὅκου</em></strong></span> <span class='ocrx_word' id='word_1_118' title='bbox 908 1620 1075 1692; x_wconf 75' lang='grc' dir='ltr'><strong><em>ἑκάστοισι</em></strong></span> 
     </span>
     <span class='ocr_line' id='line_1_15' title="bbox 80 1714 1073 1806; baseline 0.001 -22"><span class='ocrx_word' id='word_1_119' title='bbox 80 1726 131 1803; x_wconf 86' lang='grc' dir='ltr'><strong><em>είη.</em></strong></span> <span class='ocrx_word' id='word_1_120' title='bbox 163 1714 271 1786; x_wconf 72' lang='grc' dir='ltr'><strong><em>πολλὰ</em></strong></span> <span class='ocrx_word' id='word_1_121' title='bbox 298 1716 361 1802; x_wconf 74' lang='grc' dir='ltr'><strong><em>μέν</em></strong></span> <span class='ocrx_word' id='word_1_122' title='bbox 385 1714 426 1803; x_wconf 85' lang='grc' dir='ltr'><strong><em>δή</em></strong></span> <span class='ocrx_word' id='word_1_123' title='bbox 449 1720 506 1786; x_wconf 80' lang='grc' dir='ltr'><strong><em>καί</em></strong></span> <span class='ocrx_word' id='word_1_124' title='bbox 530 1714 684 1805; x_wconf 77' lang='grc' dir='ltr'><strong><em>ἡλίσκετο</em></strong></span> <span class='ocrx_word' id='word_1_125' title='bbox 709 1717 775 1787; x_wconf 81' lang='grc' dir='ltr'><strong><em>ὑπὸ</em></strong></span> <span class='ocrx_word' id='word_1_126' title='bbox 801 1726 870 1789; x_wconf 79' lang='grc' dir='ltr'><strong><em>τάν</em></strong></span> <span class='ocrx_word' id='word_1_127' title='bbox 892 1724 1073 1806; x_wconf 80' lang='grc' dir='ltr'><strong><em>μαντηίων,</em></strong></span> 
     </span>
     <span class='ocr_line' id='line_1_16' title="bbox 80 1812 1074 1905; baseline -0.002 -22"><span class='ocrx_word' id='word_1_128' title='bbox 80 1814 236 1886; x_wconf 70' lang='grc' dir='ltr'><strong><em>πολλὰδὲ</em></strong></span> <span class='ocrx_word' id='word_1_129' title='bbox 263 1818 320 1885; x_wconf 79' lang='grc' dir='ltr'><strong><em>καὶ</em></strong></span> <span class='ocrx_word' id='word_1_130' title='bbox 349 1812 531 1902; x_wconf 87' lang='grc' dir='ltr'><strong><em>άπέφενγε.</em></strong></span> <span class='ocrx_word' id='word_1_131' title='bbox 576 1818 686 1886; x_wconf 87' lang='grc' dir='ltr'><strong><em>ἐπείτε</em></strong></span> <span class='ocrx_word' id='word_1_132' title='bbox 716 1820 754 1886; x_wconf 79' lang='grc' dir='ltr'><strong><em>δὲ</em></strong></span> <span class='ocrx_word' id='word_1_133' title='bbox 780 1818 836 1885; x_wconf 84' lang='grc' dir='ltr'><strong><em>καὶ</em></strong></span> <span class='ocrx_word' id='word_1_134' title='bbox 869 1819 1074 1905; x_wconf 79' lang='grc' dir='ltr'><strong><em>ἐβασίλευσε,</em></strong></span> 
     </span>
     <span class='ocr_line' id='line_1_17' title="bbox 81 1911 1073 2003; baseline 0.001 -20"><span class='ocrx_word' id='word_1_135' title='bbox 81 1917 203 2003; x_wconf 87' lang='grc' dir='ltr'><strong><em>ἐποίησε</em></strong></span> <span class='ocrx_word' id='word_1_136' title='bbox 215 1913 344 1984; x_wconf 73' lang='grc' dir='ltr'><strong><em>τοιάδε</em></strong></span> <span class='ocrx_word' id='word_1_137' title='bbox 367 1912 442 1985; x_wconf 84' lang='grc' dir='ltr'><strong><em>ὅσοι</em></strong></span> <span class='ocrx_word' id='word_1_138' title='bbox 455 1917 519 2003; x_wconf 76' lang='grc' dir='ltr'><strong><em>μέν</em></strong></span> <span class='ocrx_word' id='word_1_139' title='bbox 532 1912 638 1984; x_wconf 80' lang='grc' dir='ltr'><strong><em>αὑτὸν</em></strong></span> <span class='ocrx_word' id='word_1_140' title='bbox 650 1922 719 1986; x_wconf 75' lang='grc' dir='ltr'><strong><em>τόν</em></strong></span> <span class='ocrx_word' id='word_1_141' title='bbox 733 1923 827 1986; x_wconf 80' lang='grc' dir='ltr'><strong><em>θεῶν</em></strong></span> <span class='ocrx_word' id='word_1_142' title='bbox 844 1912 1015 1986; x_wconf 88' lang='grc' dir='ltr'><strong><em>άπέλνσαν</em></strong></span> <span class='ocrx_word' id='word_1_143' title='bbox 1028 1911 1073 2002; x_wconf 84' lang='grc' dir='ltr'><strong><em>μή</em></strong></span> 
     </span>
     <span class='ocr_line' id='line_1_18' title="bbox 81 2013 1074 2103; baseline 0.002 -21"><span class='ocrx_word' id='word_1_144' title='bbox 81 2021 168 2101; x_wconf 79' lang='grc' dir='ltr'><strong><em>φῶρα</em></strong></span> <span class='ocrx_word' id='word_1_145' title='bbox 183 2013 287 2102; x_wconf 81' lang='grc' dir='ltr'><strong><em>εἶναι,</em></strong></span> <span class='ocrx_word' id='word_1_146' title='bbox 307 2016 439 2084; x_wconf 81' lang='grc' dir='ltr'><strong><em>τούτων</em></strong></span> <span class='ocrx_word' id='word_1_147' title='bbox 455 2015 518 2103; x_wconf 70' lang='grc' dir='ltr'><strong><em>μὲν</em></strong></span> <span class='ocrx_word' id='word_1_148' title='bbox 531 2023 601 2084; x_wconf 78' lang='grc' dir='ltr'><strong><em>τῶν</em></strong></span> <span class='ocrx_word' id='word_1_149' title='bbox 616 2022 701 2103; x_wconf 79' lang='grc' dir='ltr'><strong><em>ίρῶν</em></strong></span> <span class='ocrx_word' id='word_1_150' title='bbox 716 2015 794 2085; x_wconf 82' lang='grc' dir='ltr'><strong><em>οὔτε</em></strong></span> <span class='ocrx_word' id='word_1_151' title='bbox 808 2018 981 2103; x_wconf 84' lang='grc' dir='ltr'><strong><em>ἐπεμέλετο</em></strong></span> <span class='ocrx_word' id='word_1_152' title='bbox 995 2013 1074 2084; x_wconf 78' lang='grc' dir='ltr'><strong><em>οὔτε</em></strong></span> 
     </span>
     <span class='ocr_line' id='line_1_19' title="bbox 82 2105 1073 2202; baseline 0.001 -21"><span class='ocrx_word' id='word_1_153' title='bbox 82 2110 299 2201; x_wconf 82' lang='grc' dir='ltr'><strong><em>έςέπισκενήν</em></strong></span> <span class='ocrx_word' id='word_1_154' title='bbox 313 2116 427 2183; x_wconf 90' lang='grc' dir='ltr'><strong><em>έδίδου</em></strong></span> <span class='ocrx_word' id='word_1_155' title='bbox 448 2111 568 2202; x_wconf 76' lang='grc' dir='ltr'><strong><em>οὐδέν,</em></strong></span> <span class='ocrx_word' id='word_1_156' title='bbox 589 2113 669 2184; x_wconf 72' lang='grc' dir='ltr'><strong><em>οὑδὲ</em></strong></span> <span class='ocrx_word' id='word_1_157' title='bbox 689 2116 833 2202; x_wconf 81' lang='grc' dir='ltr'><strong><em>φοιτέων</em></strong></span> <span class='ocrx_word' id='word_1_158' title='bbox 848 2105 931 2184; x_wconf 73' lang='grc' dir='ltr'><strong><em>ἔθυε</em></strong></span> <span class='ocrx_word' id='word_1_159' title='bbox 952 2112 996 2193; x_wconf 80' lang='grc' dir='ltr'><strong><em>ὡς</em></strong></span> <span class='ocrx_word' id='word_1_160' title='bbox 1012 2112 1073 2182; x_wconf 77' lang='grc' dir='ltr'><strong><em>οὐ·</em></strong></span> 
     </span>
     <span class='ocr_line' id='line_1_20' title="bbox 81 2212 1072 2303; baseline 0.001 -24"><span class='ocrx_word' id='word_1_161' title='bbox 81 2212 167 2293; x_wconf 85' lang='grc' dir='ltr'><strong><em>δενὺς</em></strong></span> <span class='ocrx_word' id='word_1_162' title='bbox 187 2217 282 2283; x_wconf 80' lang='grc' dir='ltr'><strong><em>ἐοῦσι</em></strong></span> <span class='ocrx_word' id='word_1_163' title='bbox 303 2212 424 2295; x_wconf 82' lang='grc' dir='ltr'><strong><em>άξίοισι</em></strong></span> <span class='ocrx_word' id='word_1_164' title='bbox 448 2219 573 2295; x_wconf 71' lang='grc' dir='ltr'><strong><em>ψευδέα</em></strong></span> <span class='ocrx_word' id='word_1_165' title='bbox 599 2241 636 2282; x_wconf 88' lang='grc' dir='ltr'><strong><em>τε</em></strong></span> <span class='ocrx_word' id='word_1_166' title='bbox 661 2213 803 2303; x_wconf 82' lang='grc' dir='ltr'><strong><em>μαντήια</em></strong></span> <span class='ocrx_word' id='word_1_167' title='bbox 826 2216 1072 2299; x_wconf 86' lang='grc' dir='ltr'><strong><em>κεκτημένοισι·</em></strong></span> 
     </span>
     <span class='ocr_line' id='line_1_21' title="bbox 81 2307 1073 2401; baseline 0 -23"><span class='ocrx_word' id='word_1_168' title='bbox 81 2309 146 2380; x_wconf 89' lang='grc' dir='ltr'><strong><em>ὅσοι</em></strong></span> <span class='ocrx_word' id='word_1_169' title='bbox 157 2316 197 2382; x_wconf 92' lang='grc' dir='ltr'><strong><em>δέ</em></strong></span> <span class='ocrx_word' id='word_1_170' title='bbox 209 2340 270 2400; x_wconf 90' lang='grc' dir='ltr'><strong><em>μιν</em></strong></span> <span class='ocrx_word' id='word_1_171' title='bbox 283 2317 471 2400; x_wconf 82' lang='grc' dir='ltr'><strong><em>κατέδησαν</em></strong></span> <span class='ocrx_word' id='word_1_172' title='bbox 485 2320 584 2401; x_wconf 81' lang='grc' dir='ltr'><strong><em>φάρα</em></strong></span> <span class='ocrx_word' id='word_1_173' title='bbox 604 2311 707 2399; x_wconf 77' lang='grc' dir='ltr'><strong><em>εἶναι,</em></strong></span> <span class='ocrx_word' id='word_1_174' title='bbox 728 2313 859 2382; x_wconf 79' lang='grc' dir='ltr'><strong><em>τούτων</em></strong></span> <span class='ocrx_word' id='word_1_175' title='bbox 875 2315 912 2382; x_wconf 71' lang='grc' dir='ltr'><strong><em>δὲ</em></strong></span> <span class='ocrx_word' id='word_1_176' title='bbox 929 2309 974 2392; x_wconf 80' lang='grc' dir='ltr'><strong><em>ὡς</em></strong></span> <span class='ocrx_word' id='word_1_177' title='bbox 990 2307 1073 2396; x_wconf 89' lang='grc' dir='ltr'><strong><em>άλη-</em></strong></span> 
     </span>
     <span class='ocr_line' id='line_1_22' title="bbox 79 2409 1073 2499; baseline -0.002 -22"><span class='ocrx_word' id='word_1_178' title='bbox 79 2413 158 2489; x_wconf 84' lang='grc' dir='ltr'><strong><em>θέως</em></strong></span> <span class='ocrx_word' id='word_1_179' title='bbox 171 2417 265 2479; x_wconf 73' lang='grc' dir='ltr'><strong><em>θεῶν</em></strong></span> <span class='ocrx_word' id='word_1_180' title='bbox 285 2410 413 2480; x_wconf 80' lang='grc' dir='ltr'><strong><em>ἐόντων</em></strong></span> <span class='ocrx_word' id='word_1_181' title='bbox 429 2414 484 2479; x_wconf 75' lang='grc' dir='ltr'><strong><em>καὶ</em></strong></span> <span class='ocrx_word' id='word_1_182' title='bbox 505 2409 654 2492; x_wconf 77' lang='grc' dir='ltr'><strong><em>άφευδέα</em></strong></span> <span class='ocrx_word' id='word_1_183' title='bbox 669 2411 812 2499; x_wconf 82' lang='grc' dir='ltr'><strong><em>μαντήια</em></strong></span> <span class='ocrx_word' id='word_1_184' title='bbox 837 2411 1073 2498; x_wconf 81' lang='grc' dir='ltr'><strong><em>παρεχομένων</em></strong></span> 
     </span>
     <span class='ocr_line' id='line_1_23' title="bbox 79 2505 1141 2597; baseline -0.003 -23"><span class='ocrx_word' id='word_1_185' title='bbox 79 2507 114 2575; x_wconf 86' lang='grc' dir='ltr'><strong><em>τά</em></strong></span> <span class='ocrx_word' id='word_1_186' title='bbox 127 2507 263 2595; x_wconf 86' lang='grc' dir='ltr'><strong><em>μάλιστα</em></strong></span> <span class='ocrx_word' id='word_1_187' title='bbox 278 2514 463 2597; x_wconf 84' lang='grc' dir='ltr'><strong><em>ἐπεμέλετο.</em></strong></span> <span class='ocrx_word' id='word_1_188' title='bbox 508 2511 575 2578; x_wconf 77' lang='grc' dir='ltr'><strong><em>Καὶ</em></strong></span> <span class='ocrx_word' id='word_1_189' title='bbox 588 2515 687 2576; x_wconf 82' lang='grc' dir='ltr'><strong><em>τοῦτο</em></strong></span> <span class='ocrx_word' id='word_1_190' title='bbox 704 2508 768 2594; x_wconf 79' lang='grc' dir='ltr'><strong><em>μέν</em></strong></span> <span class='ocrx_word' id='word_1_191' title='bbox 781 2512 820 2577; x_wconf 91' lang='grc' dir='ltr'><strong><em>έν</em></strong></span> <span class='ocrx_word' id='word_1_192' title='bbox 832 2508 902 2578; x_wconf 80' lang='grc' dir='ltr'><strong><em>Σάι</em></strong></span> <span class='ocrx_word' id='word_1_193' title='bbox 913 2515 954 2597; x_wconf 82' lang='grc' dir='ltr'><strong><em>τῇ</em></strong></span> <span class='ocrx_word' id='word_1_194' title='bbox 971 2505 1073 2592; x_wconf 85' lang='grc' dir='ltr'><strong><em>Ἀθη-</em></strong></span> <span class='ocrx_word' id='word_1_195' title='bbox 1089 2518 1141 2576; x_wconf 73' lang='grc'><strong><em>175</em></strong></span> 
     </span>
     <span class='ocr_line' id='line_1_24' title="bbox 79 2603 1072 2704; baseline -0.001 -31"><span class='ocrx_word' id='word_1_196' title='bbox 79 2615 146 2698; x_wconf 83' lang='grc' dir='ltr'><strong><em>ναίη</em></strong></span> <span class='ocrx_word' id='word_1_197' title='bbox 158 2610 350 2699; x_wconf 82' lang='grc' dir='ltr'><strong><em>προπύλαια</em></strong></span> <span class='ocrx_word' id='word_1_198' title='bbox 361 2607 518 2695; x_wconf 83' lang='grc' dir='ltr'><strong><em>θωμάσια</em></strong></span> <span class='ocrx_word' id='word_1_199' title='bbox 534 2603 788 2704; x_wconf 10' lang='grc' dir='ltr'><strong><em>οίαὶἐξεποίηοε,</em></strong></span> <span class='ocrx_word' id='word_1_200' title='bbox 805 2606 932 2677; x_wconf 82' lang='grc' dir='ltr'><strong><em>πολλὸν</em></strong></span> <span class='ocrx_word' id='word_1_201' title='bbox 945 2606 1072 2681; x_wconf 82' lang='grc' dir='ltr'><strong><em>πάντας</em></strong></span> 
     </span>
     <span class='ocr_line' id='line_1_25' title="bbox 80 2699 1070 2802; baseline -0.006 -26"><span class='ocrx_word' id='word_1_202' title='bbox 80 2706 360 2798; x_wconf 72' lang='grc' dir='ltr'><strong><em>ὑπερβαλλόμενος</em></strong></span> <span class='ocrx_word' id='word_1_203' title='bbox 372 2716 420 2802; x_wconf 78' lang='grc' dir='ltr'><strong><em>τῷ</em></strong></span> <span class='ocrx_word' id='word_1_204' title='bbox 433 2735 470 2778; x_wconf 91' lang='grc' dir='ltr'><strong><em>τε</em></strong></span> <span class='ocrx_word' id='word_1_205' title='bbox 483 2707 566 2790; x_wconf 70' lang='grc' dir='ltr'><strong><em>ὅμεί</em></strong></span> <span class='ocrx_word' id='word_1_206' title='bbox 577 2713 634 2777; x_wconf 80' lang='grc' dir='ltr'><strong><em>καὶ</em></strong></span> <span class='ocrx_word' id='word_1_207' title='bbox 647 2715 694 2799; x_wconf 72' lang='grc' dir='ltr'><strong><em>τῷ</em></strong></span> <span class='ocrx_word' id='word_1_208' title='bbox 707 2707 860 2794; x_wconf 78' lang='grc' dir='ltr'><strong><em>μεγάθει,</em></strong></span> <span class='ocrx_word' id='word_1_209' title='bbox 875 2705 966 2773; x_wconf 85' lang='grc' dir='ltr'><strong><em>ὅσων</em></strong></span> <span class='ocrx_word' id='word_1_210' title='bbox 981 2729 1018 2772; x_wconf 87' lang='grc' dir='ltr'><strong><em>τε</em></strong></span> <span class='ocrx_word' id='word_1_211' title='bbox 1031 2699 1070 2770; x_wconf 82' lang='grc' dir='ltr'><strong><em>τό</em></strong></span> 
     </span>
     <span class='ocr_line' id='line_1_26' title="bbox 81 2805 1070 2895; baseline -0.009 -19"><span class='ocrx_word' id='word_1_212' title='bbox 81 2811 213 2895; x_wconf 86' lang='grc' dir='ltr'><strong><em>μέγαθος</em></strong></span> <span class='ocrx_word' id='word_1_213' title='bbox 227 2818 341 2879; x_wconf 84' lang='grc' dir='ltr'><strong><em>λίθων</em></strong></span> <span class='ocrx_word' id='word_1_214' title='bbox 359 2812 427 2878; x_wconf 77' lang='grc' dir='ltr'><strong><em>ἐστὶ</em></strong></span> <span class='ocrx_word' id='word_1_215' title='bbox 447 2812 503 2879; x_wconf 79' lang='grc' dir='ltr'><strong><em>καί</em></strong></span> <span class='ocrx_word' id='word_1_216' title='bbox 518 2805 643 2877; x_wconf 80' lang='grc' dir='ltr'><strong><em>ὁκοίων</em></strong></span> <span class='ocrx_word' id='word_1_217' title='bbox 656 2807 757 2892; x_wconf 88' lang='grc' dir='ltr'><strong><em>τέων,</em></strong></span> <span class='ocrx_word' id='word_1_218' title='bbox 778 2813 876 2873; x_wconf 83' lang='grc' dir='ltr'><strong><em>τοῦτο</em></strong></span> <span class='ocrx_word' id='word_1_219' title='bbox 894 2806 931 2872; x_wconf 79' lang='grc' dir='ltr'><strong><em>δέ</em></strong></span> <span class='ocrx_word' id='word_1_220' title='bbox 949 2808 1070 2870; x_wconf 88' lang='grc' dir='ltr'><strong><em>κολοσ-</em></strong></span> 
     </span>
     <span class='ocr_line' id='line_1_27' title="bbox 82 2900 1069 2996; baseline -0.005 -23"><span class='ocrx_word' id='word_1_221' title='bbox 82 2906 148 2987; x_wconf 89' lang='grc' dir='ltr'><strong><em>σοὺς</em></strong></span> <span class='ocrx_word' id='word_1_222' title='bbox 160 2909 329 2996; x_wconf 88' lang='grc' dir='ltr'><strong><em>μεγάλους</em></strong></span> <span class='ocrx_word' id='word_1_223' title='bbox 347 2912 403 2977; x_wconf 75' lang='grc' dir='ltr'><strong><em>καὶ</em></strong></span> <span class='ocrx_word' id='word_1_224' title='bbox 420 2907 672 2996; x_wconf 88' lang='grc' dir='ltr'><strong><em>άνδρόσφιγγας</em></strong></span> <span class='ocrx_word' id='word_1_225' title='bbox 691 2904 892 2993; x_wconf 80' lang='grc' dir='ltr'><strong><em>περιμήκεας</em></strong></span> <span class='ocrx_word' id='word_1_226' title='bbox 912 2900 1069 2988; x_wconf 76' lang='grc' dir='ltr'><strong><em>ἀνέθηκε,</em></strong></span> 
     </span>
     <span class='ocr_line' id='line_1_28' title="bbox 81 2998 1070 3094; baseline 0 -20"><span class='ocrx_word' id='word_1_227' title='bbox 81 3012 183 3087; x_wconf 83' lang='grc' dir='ltr'><strong><em>λίθους</em></strong></span> <span class='ocrx_word' id='word_1_228' title='bbox 194 3033 233 3076; x_wconf 93' lang='grc' dir='ltr'><strong><em>τε</em></strong></span> <span class='ocrx_word' id='word_1_229' title='bbox 255 3006 380 3087; x_wconf 85' lang='grc' dir='ltr'><strong><em>άλλονς</em></strong></span> <span class='ocrx_word' id='word_1_230' title='bbox 400 3009 434 3086; x_wconf 89' lang='grc' dir='ltr'><strong><em>ές</em></strong></span> <span class='ocrx_word' id='word_1_231' title='bbox 454 3003 637 3094; x_wconf 80' lang='grc' dir='ltr'><strong><em>ἐπισκευήν</em></strong></span> <span class='ocrx_word' id='word_1_232' title='bbox 656 3003 849 3092; x_wconf 76' lang='grc' dir='ltr'><strong><em>ὑπερφυέας</em></strong></span> <span class='ocrx_word' id='word_1_233' title='bbox 869 2998 907 3070; x_wconf 83' lang='grc' dir='ltr'><strong><em>τὰ</em></strong></span> <span class='ocrx_word' id='word_1_234' title='bbox 922 3004 1070 3088; x_wconf 68' lang='grc' dir='ltr'><strong><em>μέγαθος</em></strong></span> 
     </span>
     <span class='ocr_line' id='line_1_29' title="bbox 81 3095 1070 3193; baseline -0.007 -24"><span class='ocrx_word' id='word_1_235' title='bbox 81 3105 204 3193; x_wconf 88' lang='grc' dir='ltr'><strong><em>ἐκόμισε.</em></strong></span> <span class='ocrx_word' id='word_1_236' title='bbox 231 3103 376 3193; x_wconf 79' lang='grc' dir='ltr'><strong><em>ἠγάγετο</em></strong></span> <span class='ocrx_word' id='word_1_237' title='bbox 392 3105 430 3174; x_wconf 80' lang='grc' dir='ltr'><strong><em>δέ</em></strong></span> <span class='ocrx_word' id='word_1_238' title='bbox 443 3104 574 3173; x_wconf 80' lang='grc' dir='ltr'><strong><em>τούτων</em></strong></span> <span class='ocrx_word' id='word_1_239' title='bbox 583 3103 664 3183; x_wconf 88' lang='grc' dir='ltr'><strong><em>τοὺς</em></strong></span> <span class='ocrx_word' id='word_1_240' title='bbox 674 3105 736 3191; x_wconf 74' lang='grc' dir='ltr'><strong><em>μέν</em></strong></span> <span class='ocrx_word' id='word_1_241' title='bbox 747 3105 783 3172; x_wconf 86' lang='grc' dir='ltr'><strong><em>έκ</em></strong></span> <span class='ocrx_word' id='word_1_242' title='bbox 793 3108 862 3170; x_wconf 80' lang='grc' dir='ltr'><strong><em>τῶν</em></strong></span> <span class='ocrx_word' id='word_1_243' title='bbox 876 3095 959 3167; x_wconf 87' lang='grc' dir='ltr'><strong><em>κατά</em></strong></span> <span class='ocrx_word' id='word_1_244' title='bbox 970 3097 1070 3180; x_wconf 89' lang='grc' dir='ltr'><strong><em>Μέμ-</em></strong></span> 
     </span>
     <span class='ocr_line' id='line_1_30' title="bbox 81 3195 1071 3291; baseline -0.008 -22"><span class='ocrx_word' id='word_1_245' title='bbox 81 3227 129 3284; x_wconf 89' lang='grc' dir='ltr'><strong><em>φιν</em></strong></span> <span class='ocrx_word' id='word_1_246' title='bbox 150 3206 298 3282; x_wconf 81' lang='grc' dir='ltr'><strong><em>ἐουσέων</em></strong></span> <span class='ocrx_word' id='word_1_247' title='bbox 321 3205 562 3291; x_wconf 80' lang='grc' dir='ltr'><strong><em>λιθοτομιέων,</em></strong></span> <span class='ocrx_word' id='word_1_248' title='bbox 588 3201 669 3282; x_wconf 82' lang='grc' dir='ltr'><strong><em>τοὺς</em></strong></span> <span class='ocrx_word' id='word_1_249' title='bbox 693 3202 731 3270; x_wconf 74' lang='grc' dir='ltr'><strong><em>δὺ</em></strong></span> <span class='ocrx_word' id='word_1_250' title='bbox 756 3196 1012 3285; x_wconf 74' lang='grc' dir='ltr'><strong><em>ὑπερμεγάθεας</em></strong></span> <span class='ocrx_word' id='word_1_251' title='bbox 1035 3195 1071 3272; x_wconf 83' lang='grc' dir='ltr'><strong><em>ἐξ</em></strong></span> 
     </span>
     <span class='ocr_line' id='line_1_31' title="bbox 77 3293 1069 3389; baseline -0.004 -19"><span class='ocrx_word' id='word_1_252' title='bbox 77 3295 297 3389; x_wconf 79' lang='grc' dir='ltr'><strong><em>Ἐλεφαντίνης</em></strong></span> <span class='ocrx_word' id='word_1_253' title='bbox 314 3299 432 3382; x_wconf 87' lang='grc' dir='ltr'><strong><em>πόλιος</em></strong></span> <span class='ocrx_word' id='word_1_254' title='bbox 447 3302 556 3371; x_wconf 93' lang='grc' dir='ltr'><strong><em>πλόον</em></strong></span> <span class='ocrx_word' id='word_1_255' title='bbox 570 3305 625 3370; x_wconf 84' lang='grc' dir='ltr'><strong><em>καὶ</em></strong></span> <span class='ocrx_word' id='word_1_256' title='bbox 640 3309 744 3368; x_wconf 87' lang='grc' dir='ltr'><strong><em>είκοσι</em></strong></span> <span class='ocrx_word' id='word_1_257' title='bbox 758 3295 909 3386; x_wconf 84' lang='grc' dir='ltr'><strong><em>ἡμερέων</em></strong></span> <span class='ocrx_word' id='word_1_258' title='bbox 924 3293 1069 3380; x_wconf 75' lang='grc' dir='ltr'><strong><em>ἀπεχού-</em></strong></span> 
     </span>
     <span class='ocr_line' id='line_1_32' title="bbox 78 3392 1068 3487; baseline -0.007 -23"><span class='ocrx_word' id='word_1_259' title='bbox 78 3419 126 3486; x_wconf 87' lang='grc' dir='ltr'><strong><em>σης</em></strong></span> <span class='ocrx_word' id='word_1_260' title='bbox 138 3397 202 3469; x_wconf 89' lang='grc' dir='ltr'><strong><em>άπὺ</em></strong></span> <span class='ocrx_word' id='word_1_261' title='bbox 218 3401 334 3481; x_wconf 85' lang='grc' dir='ltr'><strong><em>Σάίος.</em></strong></span> <span class='ocrx_word' id='word_1_262' title='bbox 364 3398 402 3468; x_wconf 85' lang='grc' dir='ltr'><strong><em>τό</em></strong></span> <span class='ocrx_word' id='word_1_263' title='bbox 419 3403 457 3471; x_wconf 75' lang='grc' dir='ltr'><strong><em>δέ</em></strong></span> <span class='ocrx_word' id='word_1_264' title='bbox 473 3400 537 3470; x_wconf 84' lang='grc' dir='ltr'><strong><em>οὑκ</em></strong></span> <span class='ocrx_word' id='word_1_265' title='bbox 556 3399 677 3487; x_wconf 82' lang='grc' dir='ltr'><strong><em>ἥκιστα</em></strong></span> <span class='ocrx_word' id='word_1_266' title='bbox 698 3394 810 3464; x_wconf 77' lang='grc' dir='ltr'><strong><em>αὐτῶν</em></strong></span> <span class='ocrx_word' id='word_1_267' title='bbox 825 3392 909 3463; x_wconf 85' lang='grc' dir='ltr'><strong><em>άλλά</em></strong></span> <span class='ocrx_word' id='word_1_268' title='bbox 926 3393 1068 3478; x_wconf 86' lang='grc' dir='ltr'><strong><em>μάλιστα</em></strong></span> 
     </span>
    </p>
   </div>
   <div class='ocr_carea' id='block_1_3' title="bbox 79 3490 1069 3586">
    <p class='ocr_par' dir='ltr' id='par_1_3' title="bbox 79 3490 1069 3586">
     <span class='ocr_line' id='line_1_33' title="bbox 79 3490 1069 3586; baseline -0.021 -13"><span class='ocrx_word' id='word_1_269' title='bbox 79 3498 230 3585; x_wconf 76' lang='grc' dir='ltr'><strong><em>θωμάζω,</em></strong></span> <span class='ocrx_word' id='word_1_270' title='bbox 258 3497 328 3570; x_wconf 77' lang='grc' dir='ltr'><strong><em>ἐστὶ</em></strong></span> <span class='ocrx_word' id='word_1_271' title='bbox 367 3499 461 3568; x_wconf 86' lang='grc' dir='ltr'><strong><em>τόδε·</em></strong></span> <span class='ocrx_word' id='word_1_272' title='bbox 495 3509 618 3586; x_wconf 86' lang='grc' dir='ltr'><strong><em>οίκημα</em></strong></span> <span class='ocrx_word' id='word_1_273' title='bbox 644 3493 852 3582; x_wconf 82' lang='grc' dir='ltr'><strong><em>μουνόλιθον</em></strong></span> <span class='ocrx_word' id='word_1_274' title='bbox 877 3490 1009 3576; x_wconf 83' lang='grc' dir='ltr'><strong><em>ἐκόμισε</em></strong></span> <span class='ocrx_word' id='word_1_275' title='bbox 1034 3490 1069 3564; x_wconf 76' lang='grc' dir='ltr'><strong><em>ἐξ</em></strong></span> 
     </span>
    </p>
   </div>
   <div class='ocr_carea' id='block_1_4' title="bbox 0 0 1254 3925">
    <p class='ocr_par' dir='ltr' id='par_1_4' title="bbox 0 0 1254 3925">
     <span class='ocr_line' id='line_1_34' title="bbox 0 0 1254 3925; baseline 0 1"><span class='ocrx_word' id='word_1_276' title='bbox 0 0 1254 3925; x_wconf 95' lang='lat' dir='ltr'><strong><em> </em></strong></span> 
     </span>
    </p>
   </div>
  </div>
 </body>
</html>
