2500 3925
307 251 393 312 Lln
427 250 474 307 Ν.
510 250 607 309 cm.
641 259 817 316 116—120.
1000 256 1063 321 θλε

89 438 140 490 τας.
160 410 232 491 τούς
245 436 280 479 τε
301 412 343 494 δη
358 406 482 487 ἄλλους
496 406 593 494 ἐχει*
576 406 636 477 υττ’
660 413 774 504 έωτετβ
790 416 937 503 Θρήικας
950 420 1007 489 καλ
1020 418 1062 507 δὴ

86 511 130 577 καὶ
141 506 211 587 τούς
223 507 302 596 ἡμῖν
313 507 429 585 ἐόντας
439 507 690 594 πλησιοχώρους
699 512 812 591 Γέτας.
846 520 958 583 Ταῦτα
968 524 1065 584 Σκυ-
1081 530 1130 585 119

86 616 160 679 θέων
177 610 469 695 ἐπαγγελλομένω
483 607 705 695 ἐβουλεύοντο
727 615 762 679 οί
779 615 930 697 βασιλέες
947 610 1015 683 οῖ’
995 612 1062 683 aas)

86 707 301 779 τῦνέθνέων”
277 732 433 793 ηκοντες,
456 712 515 774 καί
526 724 644 790 σφεων
653 708 857 796 ἐσχίσθησαν
870 717 907 781 αί
914 719 1046 801 γνῶμαι

84 805 161 893 ὁμὲν
172 804 322 884 Γελωνός
342 806 397 873 καὶ
412 801 430 871 ὁ
445 806 610 881 Βουδῖνος
630 807 686 873 καλ
701 802 720 871 ό
735 810 961 898 Σαυρομάτης
976 809 1061 879 κατὰ

84 901 169 971 τόντδ
182 902 358 991 γενόμενοι
373 900 576 971 ὑπεδέκοντο
588 901 749 991 Σκύθησι
761 907 976 996 τιμωρήσειν,
991 907 1010 979 ό
1024 909 1060 979 δέ

81 1001 265 1089 Ἀγάθυρσος
286 1005 343 1071 καλ
361 999 496 1087 Νευρδς
522 1004 578 1069 καὶ
599 998 827 1091 Ἀνδροφάγος
852 1009 909 1077 καλ
936 1015 972 1078 οί
993 1018 1063 1079 των

81 1110 325 1189 Μελαγχλαίνων
334 1105 390 1171 καὶ
404 1102 548 1186 Ταύρων
558 1102 639 1169 τάδε
648 1102 809 1193 Σκύθησι
819 1102 1060 1193 ὑπεκρίναντο·

81 1210 114 1271 El
123 1205 177 1289 μὲν
191 1201 235 1289 μή
251 1200 348 1290 ύμεῖς
364 1207 437 1270 έατε
457 1205 493 1269 οί
510 1200 678 1287 πρότερον
698 1198 916 1291 ἀδικήσαντες
927 1209 1060 1295 Πέρσας

79 1304 121 1369 καλ
133 1300 285 1389 ἄρξαντες
293 1304 457 1388 πολέμου,
472 1300 602 1369 τούτων
613 1300 767 1385 δεόμενοι
779 1307 848 1369 τῶν
863 1311 931 1371 νῦν
941 1308 1059 1373 δέεσθε

79 1404 169 1485 λέγειν
180 1428 215 1469 τε
235 1396 283 1467 ἂν
299 1403 480 1486 ἐφαίνεσθε
499 1396 580 1485 ἡμῖν
597 1395 703 1485 ὀρθοί,
728 1403 785 1469 καλ
798 1397 893 1487 ἡμεῖς
906 1400 1060 1471 ύκακού-

79 1524 175 1582 σαντες
188 1498 297 1571 τόντδ
318 1498 363 1569 ἂν
379 1498 461 1587 ὑμῖν
481 1501 701 1587 ἐπρήσσομεν.
733 1507 799 1568 νῦν
814 1500 851 1569 δέ
867 1499 963 1589 ὑμεῖς
976 1528 1011 1570 τε
1027 1505 1059 1581 ές

78 1598 126 1686 τὴν
146 1604 283 1670 ἐκείνων
303 1599 500 1686 ἐσβαλόντες
519 1606 584 1686 γῆν
607 1598 691 1667 ἄνευ
712 1595 826 1686 ἡμέων
849 1603 1060 1688 ἐπεκρατέετε

77 1704 229 1787 Περσέων,
247 1698 331 1768 ὅσον
341 1699 466 1786 χρόνον
476 1696 558 1785 ὑμῖν
568 1694 587 1767 δ
597 1695 680 1777 θεός
693 1703 892 1785 παρεδίδου,
907 1702 963 1769 καὶ
974 1702 1061 1769 ἐκεῖ·

78 1825 132 1883 σοι,
152 1802 222 1869 ἐπεί
242 1820 348 1887 σφεας
367 1797 473 1879 ὡυτὸς
492 1796 575 1879 θεὸς
596 1802 733 1885 ἐγείρει,
754 1797 818 1885 τὴν
837 1796 957 1887 ὁμοίην
978 1799 1060 1887 ὑμῖν

77 1895 266 1967 ἀποδιδοῦσι.
288 1895 383 1987 ἡμεῖς
398 1900 435 1967 δέ
452 1898 529 1968 οὔτε
544 1922 575 1968 τι
590 1898 665 1967 τότε
683 1893 890 1986 ήδικήσαμεν
904 1896 983 1978 τούς
997 1897 1061 1966 ἇν-

77 2004 140 2084 δρας
156 2001 299 2078 τούτους
320 1998 438 2085 ούδλν,
459 1999 537 2070 οὔτε
557 2007 624 2067 νῦν
648 1999 807 2086 πρότεροι
829 1999 1060 2086 πειρησόμεθα

77 2095 210 2167 ἀδικέειν.
234 2095 280 2185 ἦν
294 2103 408 2182 μέντοι
423 2104 497 2185 έιτίη
514 2103 570 2168 καὶ
590 2101 645 2168 έπλ
662 2096 726 2186 τὴν
740 2095 907 2187 ἡμετέρην
925 2097 1009 2189 ἅρξη
1024 2126 1059 2168 τε

76 2193 276 2286 δδικέων,κοιλ
287 2191 382 2284 ἡμεῖς
395 2193 437 2265 ού
451 2194 692 2283 περιοψόμεθα.
704 2201 799 2283 μέχρι
814 2196 850 2265 δέ
865 2205 962 2265 τοῦτο
979 2203 1060 2264 ῖδω-

74 2317 135 2380 μεν,
152 2297 316 2380 μενέομεν
332 2293 411 2378 παρ’
429 2293 511 2382 ἡμῖν
531 2293 678 2362 αὐτοῖσι·
699 2293 796 2381 ἥκειν
817 2292 882 2382 γύρ
898 2300 1059 2381 δοκέομεν

74 2388 123 2459 ούι
137 2391 186 2461 ἐτ’
206 2391 313 2481 ἡμέας
328 2397 477 2479 Πέρσας,
500 2391 574 2462 ἀλλ’
598 2395 652 2460 lul
668 2390 748 2470 τούς
767 2399 893 2472 αἰτίους
912 2401 970 2477 τῆς
984 2391 1060 2462 ύδι-

73 2494 130 2575 κίης
143 2495 353 2576 γενομένους.

142 2588 289 2660 Ταῦτα’
267 2617 311 2670 ως
322 2589 562 2678 αττενειχθέντα
574 2590 745 2660 ἐπύθοντο
756 2589 944 2692 οέΣκύθαι,
959 2593 1056 2677 ἐβον-
1078 2623 1130 2677 120

72 2686 191 2758 λεύοντο
207 2690 448 2778 ίθυμαχίηνδ
408 2717 431 2777 μ
449 2717 470 2758 ν
490 2694 656 2818 μηδεμίαν
672 2689 848 2756 ποιέεσθαι
849 2671 901 2757 έιι
921 2695 982 2756 τοῦ
1000 2689 1059 2774 έμ-

74 2787 235 2904 φανέος,“
212 2815 266 2858 οτι
282 2789 323 2877 δή
338 2810 399 2916 σφι
415 2782 512 2858 οὗτοί
520 2814 557 2874 γε
569 2787 736 2875 σύμμαχοι
751 2812 793 2855 ον
782 2783 1059 2872 ’τεροσεγένοντο,

76 2881 249 2968 υτεξιοντες
265 2893 302 2958 δ
316 2915 372 2959 και
361 2886 673 3010 ὑπεξελαύνοντες
689 2914 730 2952 τα
718 2884 892 2971 φρέατα,
914 2909 955 2951 τα
973 2906 1060 2965 παρ-

74 2990 175 3065 εξίοιεν
195 2985 311 3077 αὐτοὶ,
333 2986 466 3068 καὶτὰς
487 2987 613 3074 κρήνας
634 2991 801 3073 συγχοῦν,
823 2982 885 3071 τήν
905 2987 1007 3065 τοίην
1024 3005 1060 3045 τε

73 3085 168 3173 ἕκτης
187 3095 248 3175 γῆς
264 3089 446 3176 ἐκτρίβειν,
469 3091 564 3173 διχοῦ
579 3087 684 3171 σφέας
698 3082 874 3160 διελόντες.
905 3081 960 3146 καὶ
974 3074 1059 3163 ιτρδς

72 3181 171 3256 δέν
136 3210 198 3271 την
221 3192 304 3274 μίαν
325 3194 393 3254 τῶν
413 3189 577 3273 μοιρέων,
597 3193 656 3272 τῆς
676 3187 847 3273 ἐβασίλευε
866 3175 1058 3301 Σηιύττασις,

72 3289 330 3373 προσχωρέεινῬ
293 3287 534 3375 ,αυρομότας
554 3287 696 3362 τούτους
711 3283 773 3368 μέν
788 3275 861 3367 δὴ’
843 3278 1000 3362 ντύγειν,
1014 3269 1057 3361 ήν

72 3379 112 3447 ἐπὶ
127 3391 222 3452 τοῦτο
243 3384 409 3472 τράπηται
429 3411 448 3452 ο
435 3381 614 3504 ’Πέρσης,
641 3380 704 3452 ίθδ
722 3379 887 3456 Τανάϊδος
907 3380 1057 3461 ποταμοῦ

72 3476 143 3558 παρὰ
160 3479 221 3566 τήν
234 3489 387 3567 Μαιῆτιν
405 3480 566 3569 λίμνην*
548 3481 824 3564 υτοφεύγοντας,
846 3472 1055 3543 ἀπελαύνοι·-
