2500 3925
166 225 229 287 346
541 227 795 284 HERODOTI

167 388 223 467 τός
238 413 275 455 τε
289 394 351 456 τού
363 390 502 473 Πέρσεω
518 385 675 465 ἐπιόντας
691 385 837 455 διώκειν.
860 386 947 475 αύτη
960 392 1023 476 μέν
1038 410 1098 475 σφι
1111 393 1159 473 μία

166 481 211 574 ἦν
232 502 332 574 μοῖρα
352 494 410 573 τῆς
432 491 621 574 βασιληίης,
643 487 826 571 τεταγμένη
848 487 977 573 ταύτην
990 485 1053 574 τὴν
1077 483 1160 573 ὑδδν,

168 582 252 669 ἥπερ
283 594 419 672 είρηται.
442 582 553 663 τάςδέ
568 584 631 651 δύο
642 590 711 650 τῶν
720 590 921 670 βασιληίων,
935 586 999 672 τήν
1015 611 1051 653 τε
1067 585 1160 672 μεγά-

166 698 246 771 λην,
268 691 327 772 τῆς
340 678 421 772 ἦρχε
434 682 670 768 Ἰδάνθυρσος,
691 684 747 749 καὶ
760 678 824 767 τὴν
835 688 967 769 τρίτην,
987 690 1045 770 τῆς
1059 685 1161 769 ἐβασί-

165 792 242 851 λευε
262 782 421 870 Τάξακις,
443 782 678 860 συνελθούσας
698 785 732 860 ἐς
751 776 859 850 τόντδ
878 785 933 851 καὶ
949 788 1114 852 Γελωνῶν
1132 806 1160 847 τε

164 885 220 950 καί
233 885 410 951 Βουδίνων
423 881 721 967 προσγενομένων,
740 878 867 967 ἡμέρης
881 885 938 951 καὶ
947 883 1089 961 τούτους
1101 878 1161 971 ὁδῷ

165 983 366 1068 προέχοντας
385 988 454 1049 τῶν
474 985 635 1069 Περσέων
657 979 856 1069 ὑπεξάγειν,
879 980 1041 1061 ὑπιόντας
1056 1007 1093 1050 τε
1114 981 1162 1047 καὶ

164 1088 343 1159 ποιεῦντας
361 1079 402 1149 τά
427 1084 686 1169 βεβουλευμένα.
720 1088 836 1168 πρῶτα
856 1086 920 1169 μέν
938 1109 1006 1150 ννν
1025 1080 1163 1168 ὑπάγειν

164 1181 268 1267 σφέας
281 1178 344 1248 ίθὺ
359 1186 427 1247 τῶν
441 1184 578 1267 χωρέων
592 1188 660 1251 τῶν
675 1178 914 1269 ἀπειπαμένων
926 1180 990 1271 την
1005 1186 1163 1270 σφετέρην

163 1286 368 1367 συμμαχίην,
391 1282 448 1348 ἵνα
470 1285 525 1349 καί
550 1280 693 1361 τούτους
715 1282 987 1369 ἐκπολεμώσωσι,
1010 1289 1040 1351 εί
1066 1282 1101 1349 δέ
1123 1278 1162 1366 μὴ

163 1379 295 1459 ἑκόντες
317 1406 354 1466 γε
379 1378 553 1450 ὑπέδυσαν
579 1380 641 1451 τδν
665 1384 815 1471 πόλεμον
837 1381 898 1453 τδν
921 1383 1006 1473 πρδς
1026 1388 1164 1472 Πέρσας,

162 1475 236 1548 ἀλλ’
253 1475 413 1559 ἀέκοντας
424 1482 668 1568 ἐκπολεμῶσαι,
680 1479 762 1567 μετά
778 1482 816 1549 δέ
829 1490 929 1552 τοῦτο
943 1481 1164 1569 ὑποστρέφειν

163 1582 196 1657 ἐς
213 1576 275 1665 την
290 1586 455 1668 σφετέρην
472 1586 527 1651 καί
541 1586 753 1670 ἐπιχειρέειν,
774 1580 819 1671 ἦν
835 1582 877 1670 δὴ
892 1586 1164 1674 βουλευομένοισι
1217 1621 1219 1682 ,

98 1694 145 1746 121
162 1682 269 1768 δοκέη.
319 1686 432 1749 Ταῦτα
456 1686 490 1750 οέ
508 1682 647 1751 Σκύθαι
673 1684 941 1771 βουλευσάμενοι
964 1683 1165 1773 ὑπηντίαζον
1217 1749 1219 1754 .

160 1774 223 1864 τὴν
237 1785 388 1866 Δαρείου
405 1779 580 1869 στρατιήν,
603 1783 818 1870 προδρόμους
831 1781 1087 1864 ἀποστείλαντες
1100 1791 1166 1851 τῶν
1217 1817 1219 1884 ρ

161 1880 289 1945 ίππέων
305 1876 384 1957 τούς
398 1876 562 1968 άρίστονς.
587 1878 646 1959 τάς
660 1885 697 1950 δὲ
711 1879 849 1969 ἁμάξας,
864 1885 902 1949 ἐν
916 1888 994 1972 τῇσί
1005 1902 1067 1970 σφι
1080 1886 1167 1949 διαι-

161 1985 238 2046 τᾶτο
262 1977 303 2046 τά
323 1983 424 2049 τέκνα
440 2008 476 2051 τε
496 1985 551 2052 καί
572 1988 610 2051 αί
627 1998 786 2068 γυναῖκες
804 1991 925 2068 πᾶσαι,
947 1987 1003 2052 καὶ
1019 1981 1060 2052 τά
1081 1983 1168 2067 πρό·
1217 2014 1219 2082 χ

157 2085 259 2166 βατα,
289 2078 377 2166 πλὴν
400 2078 462 2148 ὅσα
487 2083 554 2167 σφιΙ
579 2081 611 2159 ἐς
638 2078 769 2167 φορβὴν
799 2081 899 2147 ἱκανά
928 2082 991 2164 ἦν,
1020 2086 1167 2144 τοσαῦτα
1217 2084 1219 2157 ss

157 2177 395 2266 ὑπολιπόμενοι
409 2178 449 2247 τά
468 2178 553 2249 άλλα
571 2178 639 2267 ἅμα
663 2187 741 2269 τῇσι
763 2175 908 2268 άμάξησι
931 2178 1167 2263 προέπεμψαν,

91 2296 138 2348 122
157 2279 376 2366 ἐντειλάμενοι
406 2281 472 2348 αέεί
501 2279 537 2349 τδ
572 2279 657 2370 πρός
691 2284 804 2368 βορέω
830 2279 995 2348 ἐλαύνειν.
1054 2281 1170 2346 Ταύτα
1217 2352 1219 2357 y

158 2381 220 2466 μίν
237 2377 277 2464 δὴ
293 2387 544 2468 προεκομίζετο,
559 2389 629 2450 τῶν
643 2385 680 2451 δέ
690 2384 859 2450 Σκυθέων
872 2384 907 2448 οί
917 2380 1108 2467 πρόδρομοι
1123 2372 1170 2453 ὑς
1217 2394 1219 2503 ρ

159 2471 262 2565 εὑρον
276 2477 355 2559 τούς
365 2483 498 2569 Πέρσας
510 2479 593 2550 ὅσον
603 2509 639 2550 τε
650 2488 755 2568 τριῶν
764 2478 917 2568 ἡμερέων
927 2475 1011 2547 ὁδδν
1021 2475 1170 2562 άπέχον-
1217 2521 1219 2570 3

157 2603 215 2655 τας
231 2573 296 2644 άπὸ
320 2585 381 2645 τοῦ
391 2577 542 2666 Ἴστρου,
565 2573 659 2648 οὑτοι
673 2581 736 2666 μὲν
748 2579 890 2656 τούτους
911 2575 1069 2662 εὑρόντες
1085 2573 1172 2662 ἡμέ-

158 2701 218 2762 ρης
239 2673 306 2766 ὁδςό
329 2681 525 2764 προέχοντες
548 2678 886 2766 ἐστρατοπεδεύοντο,
907 2672 949 2743 τά
970 2677 1007 2742 ἐκ
1027 2681 1087 2760 τῆς
1107 2679 1173 2758 γῆς

158 2773 313 2861 φυόμενα
328 2783 525 2855 λεαίνοντες.
549 2781 583 2843 οί
597 2775 633 2842 δέ
643 2777 772 2861 Πέρσαι
784 2773 829 2853 ὡς
841 2772 932 2842 είδον
943 2775 1173 2858 ἐπιφανεῖσαν

156 2879 225 2939 τῶν
249 2876 418 2942 Σκυθέων
442 2871 503 2959 την
530 2877 651 2960 ἵππον,
681 2875 822 2959 ἐπήισαν
847 2869 930 2939 κατὰ
958 2877 1077 2958 στίβον
1103 2871 1172 2936 αἰεὶ

156 2973 367 3058 ὑπαγόντων.
401 2975 456 3039 καί
476 2979 605 3040 ἔπειτεν
625 2972 725 3061 (πρὸς
744 2970 809 3060 γάρ
826 2970 889 3058 την
908 2976 990 3056 μίαν
1004 2977 1075 3036 τῶν
1090 2995 1177 3055 μοι-

156 3075 244 3154 ρέων
268 3073 410 3156 ἴθυσαν)
435 3075 469 3137 σί
487 3072 613 3157 Πέρσαι
635 3074 775 3140 ἐδίωκον
788 3068 874 3155 πρὸς
896 3067 947 3156 ἠῶ
966 3094 1003 3136 τε
1026 3070 1085 3136 καί
1104 3075 1176 3134 τοῦ

160 3170 333 3248 Τανάϊδος.
358 3171 550 3258 διαβάντων
571 3171 607 3239 δέ
628 3171 760 3239 τούτων
779 3169 841 3238 τὸν
860 3170 989 3237 Τάναϊν
1011 3166 1179 3254 ποταμὸν
1217 3176 1219 3211 ῑ

158 3273 191 3334 οί
199 3271 325 3352 Πέρσαι
341 3269 572 3357 ἐπιδιαβάντες
587 3271 744 3355 ἐδίωκον,
759 3267 823 3349 έςδ
832 3277 901 3337 τῶν
911 3269 1178 3354 Σαυροματέων
1217 3282 1219 3357 ξ

156 3365 218 3451 τὴν
230 3367 344 3453 χιόρην
355 3370 584 3449 διεξελθόντες
598 3366 757 3437 άπίκοντο
772 3374 806 3446 ἐς
819 3366 882 3454 τὴν
895 3373 963 3435 τῶν
973 3370 1181 3436 Βουδίνων.

92 3477 141 3532 123
148 3461 250 3530 Ὅσον
267 3465 328 3548 μὲν
345 3464 385 3550 δὴ
400 3467 524 3551 χρόνον
540 3473 573 3534 οί
584 3471 712 3552 Πέρσαι
725 3467 826 3554 ἤισαν
840 3466 895 3536 διά
911 3474 970 3553 τῆς
985 3476 1183 3556 Σκυθικῆς
