2500 3925
174 275 238 342 266
549 278 803 337 HERODOTI

177 441 215 508 έν
227 434 268 525 δὴ
283 431 332 505 ών
345 445 386 528 τῇ
399 440 518 527 ἐρημίῃ
531 437 637 525 ταύτῃ
656 438 711 505 καὶ
727 444 767 526 τῇ
783 436 906 528 ψάμμῳ
919 443 1070 525 γίνονται
1087 436 1173 523 μύρ-

173 564 275 627 μηκες
289 538 440 625 μεγάθεα
456 545 586 625 ἔχοντες
596 545 713 605 κυνών
723 538 786 624 μέν
796 537 976 655 έλάσσονα,
992 535 1174 607 ἀλωπέκων

174 636 211 704 δέ
231 637 422 722 μέζονα·ί
391 640 453 707 είσλ
475 634 540 724 γάρ
557 634 672 703 αὐτῶν
692 637 746 704 καὶ
770 632 860 721 παρά
877 637 1054 727 βασιλέι·
1022 661 1068 703 τω
1054 642 1174 719 Περ-

171 736 258 803 σέων
303 736 465 803 ένθεύτεν
489 736 728 858 θηρευθέντες.
762 726 856 801 οὗτοι
883 759 931 801 ων
952 738 986 803 oc
985 734 1175 855 μύρμηκες

169 824 365 922 ποιεύμένοι
386 847 518 923 οίκησιν
538 833 605 904 ὖπδ
626 841 692 921 γῆν
713 830 993 919 ἀναφορέουσι
957 860 1019 922 την
1035 834 1174 956 ψάμμρν

169 937 318 1025 κατάπερ
341 937 377 1003 οί
408 938 446 1004 έν
470 950 555 1003 τοῖσι
568 932 702 1021 Ἕλλησι
723 934 895 1021 μύρμηκες
915 932 1021 1003 καί
987 961 1047 1003 τον
1068 932 1176 1003 αὐτὸν

168 1035 312 1121 τρόπον,
335 1037 397 1104 είσλ
413 1038 449 1103 δέ
463 1037 518 1102 καὶ
531 1031 568 1102 τδ
586 1032 672 1113 εἶδος
686 1030 892 1120 ὁμοιότατον
913 1030 934 1121 ἡ
953 1034 989 1102 δέ
1004 1032 1174 1121 ψάμμοςὴ

169 1131 404 1219 ἀναφερομένη
422 1135 490 1201 ἐστὶ
506 1146 662 1218 χρυσῖτις.
687 1134 739 1199 ἐπὶ
757 1128 797 1218 δὴ
815 1131 940 1218 ταύτην
956 1130 1017 1220 τὴν
1033 1133 1175 1218 ψάμμον

169 1237 361 1301 στέλλονται
376 1234 410 1311 ές
423 1229 486 1319 τὴν
500 1234 625 1319 ἐρῆμον
642 1235 677 1301 oc
684 1228 804 1317 Ἰνδοὶ,
823 1231 1019 1316 ζευξάμενος
1034 1234 1174 1309 ἕκαστος

169 1332 339 1418 καμήλους
364 1345 468 1418 τρεῖς,
497 1329 703 1416 σειρηφόρον
729 1328 792 1415 μέν
816 1330 1023 1415 ἑκατέρωθεν
1051 1337 1176 1417 ἔρσενα

168 1436 361 1519 παρέλκειν,
380 1430 511 1518 θήλεαν
532 1432 568 1499 δέ
590 1434 623 1509 ές
645 1434 764 1516 μέσον·
787 1431 840 1497 έπλ
860 1430 986 1516 ταύτην
1007 1426 1047 1515 δὴ
1071 1425 1175 1505 αὐτὸς

167 1527 358 1617 ἀναβαίνει,
380 1530 598 1616 ἐπιτηδεύσας
612 1526 700 1607 ὅκως
716 1524 781 1595 ἀπὸ
793 1528 921 1595 τέκνων
938 1524 983 1607 ὡς
992 1527 1176 1595 νεωτάτων

166 1625 363 1706 ἀποσπάσας
380 1628 500 1709 ζεύξει·
523 1633 560 1697 αί
576 1628 642 1714 γάρ
659 1652 719 1713 σφι
741 1626 883 1712 κάμηλοι
900 1629 1012 1693 ἳππων
1034 1621 1098 1693 ούκ
1116 1628 1173 1692 ἕσ-

166 1745 262 1803 σονες
298 1721 464 1811 ταχυτῆτά
507 1730 587 1811 είσι,
635 1729 733 1812 χωρὶς
759 1724 794 1791 δὲ
814 1721 920 1810 ἀχθεα
942 1724 1173 1811 δυνατώτεραι

101 1840 150 1894 10³
165 1820 292 1892 πολλδν
307 1827 431 1910 φέρειν.
482 1823 526 1891 Τὸ
544 1822 607 1910 μέν
630 1820 671 1908 δὴ
694 1820 780 1900 εἶδος
800 1820 916 1892 ὁκοῖόν
930 1850 963 1892 τι
984 1820 1086 1910 ἔχειὴ
1107 1823 1174 1889 κά-

164 1930 284 2010 μηλος,
301 1925 546 2010 ἐπισταμένοισι
560 1936 645 1990 τοῖσι
653 1918 789 2007 Ἕλλησι
800 1918 841 1988 οὐ
852 1919 1055 2008 συγγράφω·
1077 1916 1118 1988 τδ
1137 1920 1173 1988 δέ

164 2017 209 2138 μὴ
227 2021 411 2087 ἐπιστέαται
433 2018 551 2107 αὐτῆς,
573 2025 672 2088 τούτο
694 2019 823 2105 φράσω
855 2019 1000 2106 κάμηλος
1024 2022 1062 2087 έν
1082 2034 1171 2088 τοῖσι

165 2113 351 2184 ὀπισθίοισι
374 2120 503 2186 σκέλεσι
526 2123 591 2204 ἔχει
612 2123 768 2202 τέσσερας
788 2114 916 2203 μηρούς
936 2120 991 2186 καὶ
1015 2118 1172 2204 γούνατα

164 2214 320 2331 τέσσερα,
341 2242 382 2281 τα
369 2211 434 2284 δέ
451 2223 560 2285 αἰδοῖα
583 2214 638 2286 διά
656 2225 723 2285 τῶν
738 2215 905 2287 ὀπισθίων
920 2222 1066 2288 σκελέων
1082 2219 1173 2342 πρδς

98 2324 148 2379 104
162 2307 224 2397 τὴν
238 2306 344 2395 ούρην
357 2316 574 2436 τετραμμένα.
619 2320 664 2384 Οί
676 2313 767 2403 δδδη
780 2313 877 2385 Ἰνδοι
891 2316 1004 2408 τρόπῳ
1021 2321 1171 2412 τοιούτῳ
1225 2387 1226 2390 ,

163 2410 218 2478 καὶ
233 2408 319 2488 ζεύξι
335 2412 472 2501 τοιαύτη
494 2414 669 2501 χρεόμενοι
690 2417 869 2485 έλαύνουσι
907 2414 1020 2484 ἐπὶ
985 2443 1045 2484 τον
1077 2446 1169 2506 χρυ·
1225 2399 1226 2489 6

160 2506 222 2577 σδν
252 2510 563 2598 λελογισμένως,”
542 2538 629 2591 οκως
646 2514 827 2602 καυμάτων
850 2521 920 2582 τών
943 2517 1172 2602 θερμοτάτων

164 2605 289 2672 έόντων
304 2611 436 2675 έσονται
454 2611 491 2678 έν
510 2617 550 2699 τῇ
571 2609 721 2701 ἁρπαγῇ·
748 2610 815 2731 ὑμδ
838 2611 902 2701 γάρ
918 2619 979 2681 τοῦ
994 2616 1172 2702 καύματος

164 2705 198 2770 oc
209 2702 379 2789 μύρμηκες
393 2703 537 2792 ἀφανέες
551 2715 703 2794 γίνονται
717 2707 782 2777 ὑπὸ
799 2736 871 2798 γην.
905 2711 1118 2797 θερμότατος
1135 2717 1174 2783 δέ
1224 2675 1225 2761 δ

163 2802 231 2868 ἐστι
246 2797 263 2868 6
279 2798 373 2887 ἥλιος
386 2805 534 2872 τούτοισι
551 2819 636 2874 τοῖσι
654 2802 865 2894 ἀνθρώποισι
880 2805 917 2876 τδ
934 2807 1102 2896 εωθινδν,
1128 2812 1170 2881 ού

162 2923 312 3024 κατάπερ
352 2915 437 2968 τοῖσι
471 2900 600 2971 ἄλλοισι
619 2911 841 2991 μεσαμβρίης,
868 2903 943 2974 ἀλλ’
966 2904 1169 2995 ὑπερτείλας

161 3000 255 3084 μέχρι
269 2990 312 3067 ού
328 2997 452 3086 ἀγορῆς
469 3000 648 3078 διαλύσιος.
672 3009 793 3070 τοῦτον
808 3002 893 3071 δὲ
859 3030 919 3070 τον
934 3005 1062 3092 χρόνον
1077 3017 1169 3078 καίει

160 3102 272 3185 πολλῷ
286 3092 454 3180 μᾶλλον”
432 3123 453 3182 η
468 3124 509 3218 τη
494 3099 758 3224 μεσαμβριη
723 3127 784 3187 την
793 3099 950 3191 Ἐλλάδα,
971 3103 1063 3174 οὕτω
1083 3107 1172 3178 ώστε

159 3196 196 3260 έν
216 3191 314 3260 ύδατι
334 3195 434 3280 λόγος
454 3192 578 3275 αύτούς
599 3201 667 3266 ἐστι
688 3205 878 3290 βρέχεσθαι
887 3211 1079 3288 τηνικαῦτα.
1107 3235 1172 3296 με·
1222 3237 1223 3305 η

159 3297 265 3357 σούσα
282 3291 350 3360 δὲ’
332 3291 469 3382 ηὴμέρη
481 3295 601 3382 σχεδδν
614 3308 852 3387 παραπλησίως
863 3310 947 3371 καιέι
957 3305 1040 3384 τούς
1051 3334 1089 3376 τε
1106 3308 1173 3380 ἅλ-

159 3394 240 3465 λους
260 3385 465 3475 ἀνθρώπους
492 3396 548 3462 καί
573 3395 652 3476 τούς
669 3397 802 3479 Ἰνδούς.
837 3398 1107 3494 ἀποκλινομένης
1132 3413 1171 3478 δὲ
1221 3477 1222 3484 χ

158 3487 217 3566 τῆς
231 3495 435 3573 μεσαμβρίης
457 3496 587 3574 γίνεταί
598 3516 658 3580 σφι
681 3494 698 3564 6
719 3494 809 3583 ηλιος
833 3499 979 3589 κατάπερ
998 3518 1090 3573 τοῖσι
1107 3505 1170 3577 ἀλ·
1221 3525 1222 3575 λ
