2500 3925
334 218 420 276 ΗΒ.
452 220 484 277 Π.
523 220 622 279 cn.
655 224 829 283 154-158.
1021 218 1083 283 19⁹

89 377 225 461 λέγοντες
240 381 277 447 οἰ
288 376 473 464 Αἰγύπτιοί
485 396 570 464 φασι
585 375 670 447 εἰναι
686 374 794 467 αάτήν
809 384 961 470 πλωτήν,
985 376 1031 461 ὦς
1044 382 1083 451 ἰν

88 473 218 566 τῇνήσφ
235 474 341 565 ταύτῃ
361 471 424 543 ούκ
441 475 544 564 έούση
560 476 727 564 πρότερον
742 486 856 568 πλωτῇ
866 487 964 567 Αητιι
980 482 1082 549 έοῦσα

86 580 144 641 τάν
156 570 243 643 διττοὶ
266 582 360 645 θεῶν
381 581 450 645 τῶν
470 576 614 660 κράτων
633 581 843 665 γενομένων,
866 583 1021 648 οἰκέουσα
1044 578 1081 649 δί

84 675 116 739 έν
131 681 254 743 Βουτοῖ
276 673 373 760 πάλι,
401 677 458 741 ἰ’να
483 673 526 760 δή
546 677 582 743 οἰ
600 672 639 743 τδ
659 675 862 764 χρηστήριον
880 682 979 745 τοῦτο
999 680 1081 764 ἐστι,

81 770 261 840 Απόλλωνα
285 769 375 859 παρά
387 769 490 851 Ἴσιος
516 772 803 861 παρακαταθήκην
828 777 989 863 δεξαμένη
1013 778 1082 845 διέ-

81 888 157 937 σωσε
175 870 422 953 κατακρύψασα
441 873 479 938 έν
502 877 542 959 τῇ
566 877 634 939 νῦν
658 878 772 959 πλωτῇ
791 874 954 962 λεγομένῃ
976 872 1081 963 νήσφ,

79 963 128 1035 ὅτε
139 963 179 1053 δή
193 964 234 1035 τδ
249 973 320 1036 πᾶν
335 968 508 1055 διζήμενος
523 967 541 1036 ὁ
557 966 685 1056 Τυφῶν
700 970 837 1055 ἐπῆλθε,
848 972 977 1039 έδέλων
987 972 1081 1051 έξευ-

79 1080 141 1150 ρεῖν
153 1073 217 1134 τοῦ
228 1062 371 1153 Ὀσίριος
381 1064 444 1135 τδν
453 1072 566 1135 παῖδα.
596 1065 789 1137 Ἀπόλλωνα
806 1068 842 1137 δέ
857 1070 913 1137 καὶ
923 1065 1080 1155 Ἀρτεμιν

77 1164 246 1233 Διονύσου
267 1164 323 1232 καί
340 1162 439 1245 ’ἰσιος
460 1166 596 1250 λέγουσι
616 1162 702 1233 εἰναι
722 1170 859 1254 παῖδας,
879 1172 1015 1253 Λητοῦν
1041 1164 1079 1231 δί

76 1258 197 1347 τροφδν
217 1258 349 1329 αύτοῖσι
367 1264 424 1330 καί
437 1261 602 1348 σύτειραν
616 1265 785 1347 γενέσθαι.
829 1263 1026 1348 Αἰγυπτιστὶ
1041 1260 1077 1329 δέ

76 1359 236 1428 Απόλλων
246 1362 311 1446 μέν
321 1355 431 1446 Ὦρος,
444 1359 608 1447 Δημήτηρ
619 1359 657 1427 δὲ
668 1354 762 1447 Ἶσις,
775 1358 928 1447 Ἀρτεμις
939 1358 975 1428 δέ
985 1359 1077 1429 Βού-

75 1467 188 1544 βαστις.
212 1464 250 1527 έκ
264 1458 389 1528 τούτου
410 1459 447 1527 δὲ
463 1459 645 1546 τοῦλόγου
660 1462 716 1527 καί
735 1456 877 1538 ούδενδς
891 1456 996 1527 ἄλλον
1012 1462 1076 1526 Αἰ-

73 1558 186 1644 σχύλος
206 1555 226 1626 ὁ
246 1554 471 1645 Εὐφορίωνος
490 1555 620 1645 ήρπασε
640 1555 677 1626 τδ
699 1554 765 1645 έγεδ
785 1556 921 1645 φράσω,
949 1561 1075 1643 μοῦνος

73 1653 108 1741 δή
121 1657 289 1741 ποιητέων
307 1661 377 1723 τῶν
392 1658 669 1744 προγενομένων·
691 1660 824 1743 ἐποίησε
840 1652 906 1741 γάρ
917 1652 1074 1740 Ἀρτεμιν

73 1752 150 1824 εἰναι
162 1759 339 1842 θυγατέρα
349 1756 538 1844 Δήμητρος.
561 1754 624 1844 τήν
634 1756 672 1826 δὲ
683 1763 788 1845 νήσου
798 1755 854 1827 διά
868 1761 967 1824 τοῦτο
979 1755 1074 1841 γενέ-

73 1862 145 1919 σθαι
159 1853 305 1942 πλωτήν.
330 1854 512 1942 ταῦταμὲν
526 1853 615 1923 οὕτω
631 1856 776 1942 λέγουσι.
803 1852 1018 1940 Ψαμμήτιχος
1039 1850 1075 1917 δέ
1093 1866 1142 1923 157

73 1952 259 2038 ἐβασίλευσε
269 1954 448 2041 Αἰγύπτου
461 1958 600 2041 τέσσερα
614 1958 670 2026 καί
680 1954 888 2044 πεντήκοντα
902 1959 992 2040 ἔτεα,
1008 1958 1077 2020 τῶν

73 2048 107 2118 τά
122 2048 194 2128 ἕνός
211 2051 332 2119 δέοντα
352 2052 533 2140 τριήκοντα
544 2052 689 2136 Ἄζωτον
705 2059 762 2140 τῆς
777 2059 906 2139 Συρίης
925 2049 1074 2140 μεγάλην

73 2146 164 2215 πύλιυ
175 2151 453 2238 προσκατήμενος
472 2153 683 2238 ἐπολιόρκεε,
705 2153 739 2230 ές
759 2147 779 2218 δ
798 2153 915 2230 ἐξεῖλε·
938 2147 1022 2234 αὕτη
1037 2146 1073 2214 δὲ

73 2243 232 2332 ή”Αξωτος
247 2244 409 2317 ἁπασέων
423 2255 551 2318 πολίων
562 2251 615 2319 ἐπὶ
626 2257 783 2318 πλεῖστον
795 2246 920 2334 χρόνον
934 2254 1073 2331 πολιορ-

72 2347 206 2431 κευμένη
224 2341 361 2432 ἀντέσχε
375 2352 444 2414 τῶν
457 2344 552 2434 ἡμεῖς
567 2352 673 2433 ἰδμεν.

139 2451 364 2534 Ψαμμητίχου
374 2448 412 2514 δὲ
422 2453 460 2513 Ν
464 2443 567 2524 εκδς
581 2458 660 2524 παῖς
671 2444 802 2530 ἐγένετο
814 2444 870 2509 καί
881 2443 1074 2528 ἐβασίλευσε
1092 2443 1141 2500 1⁵8

73 2541 256 2635 Αἰγύπτου,
278 2541 316 2623 δς
337 2551 378 2634 τῇ
393 2545 533 2632 διύρυχι
554 2547 744 2632 ἐπεχείρησε
764 2547 894 2627 πρῶτος
908 2545 949 2629 τῇ
963 2541 996 2617 ές
1012 2534 1074 2623 τήν

69 2639 229 2729 Ἐρυθρὴν
255 2642 437 2710 θάλασσαν
456 2643 628 2732 φερούσῃ,
649 2638 712 2729 τήν
731 2650 876 2725 Δαρεῖος
900 2634 918 2705 ὁ
942 2638 1073 2722 Πέρσης

74 2739 202 2826 δεύτερα
217 2739 371 2826 διώρυξε.
395 2746 453 2827 τῆς
467 2746 571 2828 μῆκος
586 2742 650 2826 μέν
664 2743 732 2806 έστι
747 2735 850 2815 πλόος
863 2732 983 2823 ἡμέραι
998 2736 1073 2802 τέσ-

73 2857 173 2925 σερες,
189 2831 290 2925 εύρος
303 2839 340 2907 δέ
352 2837 491 2925 ὠρύχθη
504 2836 588 2906 ὥστε
597 2838 753 2926 τριήρεας
768 2835 830 2904 δύο
844 2833 971 2904 πλάειν
986 2829 1072 2918 ὁμοῦ

73 2937 334 3025 ἐλαστρεομένας.
368 2931 466 3025 ήκται
488 2938 525 3005 δέ
545 2935 611 3006 άπδ
637 2943 698 3006 τοῦ
713 2941 841 3004 Νείλου
863 2932 901 3002 τὰ
925 2932 1018 3018 ὕδωρ
1039 2934 1072 3012 ές

73 3029 185 3120 αὐτήν,
207 3027 308 3122 ήκται
324 3039 361 3103 δέ
383 3035 577 3122 κατύπερθε
599 3031 716 3120 ὀλίγον
730 3032 937 3120 Βουβάστιος
957 3029 1072 3106 πόλιος

74 3127 152 3214 παρὰ
166 3125 433 3218 Πάτουμοντήν
449 3130 609 3220 Ἀραβίην
626 3132 743 3199 πόλιν·
776 3131 878 3214 έσέχει
899 3127 936 3194 δέ
957 3129 990 3205 ές
1010 3123 1072 3213 τήν

74 3221 228 3315 ’ἰίρυδρήν
239 3230 429 3299 θάλασσαν.
453 3227 645 3318 ύροέρυκται
660 3228 697 3296 δέ
711 3225 922 3314 πρῶτονμὲν
937 3229 999 3292 τοῦ
1012 3247 1072 3290 πε-

76 3328 139 3395 δίου
150 3335 213 3400 τού
224 3335 415 3416 Αἰγυπτίου
429 3328 470 3398 τά
488 3327 573 3417 πρὸς
586 3328 746 3417 Ἀραβίην
761 3318 893 3411 ἔχοντα,
905 3329 1021 3411 ,ἔχεται
1036 3327 1072 3392 δὲ

76 3425 254 3513 κατύπερθε
279 3433 342 3495 τού
362 3431 481 3496 πεδίου
506 3425 544 3496 τὸ
566 3424 650 3495 κατὰ
666 3425 809 3509 Μέμφιν
824 3433 936 3488 τεῖνον
960 3413 1072 3504 οὖρος,
