2500 3925
331 217 521 295 L13.'v111.
553 239 652 297 ιιι).
685 246 825 303 ει-εε.
1022 240 1085 304 249

147 395 236 483 Ἔφη
248 396 284 463 δὲ
294 404 433 474 Δικαῖος
443 393 462 463 ὁ
472 396 660 475 Θεοκύδεος
671 392 757 484 ἀνήρ
769 396 956 487 Ἀθηναῖος,
969 401 1080 490 φυγάς
1096 420 1131 475 65

63 519 104 561 τε
119 494 179 561 καλ
192 491 283 582 παρά
296 492 448 580 Μήδοισι
459 493 597 580 λόγιμος
608 494 790 581 γενόμενος
801 502 921 565 τοῦτον
932 495 991 565 τὸν
1001 499 1082 586 χρό-

65 615 145 676 νον,
165 589 272 657 ἐπείτε
289 593 432 679 ἐκείρετο
443 588 465 679 ἡ
475 589 603 678 Ἀττική
615 591 706 679 χάρη
718 590 785 661 ὑπό
796 601 858 662 τοῦ
868 601 968 677 πεζοῦ
979 615 1081 685 στρα-

63 694 132 755 τοῦ
150 694 212 755 τοῦ
228 690 357 776 Ξέρξεω
378 690 480 757 ἐοῦσα
504 691 625 777 ἐρήμος
642 686 849 777 Ἀθηναίων,
874 705 986 778 τνχελν
1006 692 1080 761 τότε
1176 710 1178 715 ’

64 784 138 854 ἐόν
161 784 230 873 ἅμα
250 786 442 877 Δημαρήτῳ
464 793 511 878 τῇ
532 792 786 876 Λακεδαιμονίῳ
809 791 847 857 ἐν
868 796 914 881 τῷ
931 797 1079 883 Θριασίῳ

64 888 193 975 πεδίῳ,
210 888 295 952 ίδείν
310 882 347 951 δλ
367 881 546 971 κονιορτόν
564 889 733 970 χωρέοντα
749 882 814 952 ἀπό
833 881 1019 967 Ἐλευσῖνος
1035 882 1079 965 ὡς

66 982 210 1072 ἀνδρῶν
220 983 362 1070 μάλιστά
373 1011 416 1073 κη
426 984 644 1072 τρισμυρίων,
664 979 895 1070 ἀποθωμάζειν
917 983 954 1049 τέ
975 1003 1080 1071 σφεας

66 1080 133 1150 τόν
147 1078 325 1169 κονιορτόν
344 1078 452 1149 ότεόν
471 1108 547 1151 κοτε
566 1092 616 1170 εἴη
631 1078 843 1168 ἀνθρώπων,
865 1084 921 1150 καλ
934 1082 1079 1170 πρόκατε

67 1186 188 1268 ῳωνής
202 1177 359 1268 ἀκούειν,
381 1187 441 1249 καί
451 1186 486 1250 οί
504 1190 689 1268 φαίνεσθαι
708 1179 770 1267 τήν
785 1178 905 1269 φωνὴν
920 1179 1004 1249 εἶναι
1018 1178 1079 1248 τόν

67 1279 236 1371 μυστικόν
255 1292 382 1369 ἴακχον.
418 1280 503 1351 εἶναι
519 1280 550 1350 δ’
573 1279 748 1369 ἀδαήμονα
762 1287 831 1348 τόν
850 1285 934 1369 ίρῦν
955 1286 1024 1349 τῶν
1041 1282 1078 1348 ἐν

64 1381 231 1450 Ἐλευσῖνι
243 1384 432 1468 γινομένων
447 1377 509 1448 τόν
519 1379 736 1468 Δημάρητον,
753 1383 907 1465 είρεσθαί
914 1403 951 1446 τε
961 1374 1077 1465 αύτόν,

68 1478 90 1546 ὅ
106 1505 138 1547 τι
151 1475 190 1546 τό
205 1478 445 1578 φθεγγόμενον
460 1488 511 1564 είη
525 1483 641 1546 τοῦτο·
665 1472 766 1554 αύτός
780 1476 817 1543 δὲ
832 1474 937 1545 εέπαι·
956 1475 1078 1562 Δημά-

70 1603 167 1664 ρητε,
191 1574 254 1645 ούκ
269 1582 338 1645 ἐστι
352 1575 440 1657 ὅκως
455 1574 498 1645 ού
511 1579 597 1663 μέγα
610 1602 643 1644 τι
658 1581 750 1655 σίνος
765 1581 855 1644 ἔσται
871 1584 912 1665 τῇ
925 1579 1079 1665 βασιλέος

72 1681 217 1763 στρατιῇ.
240 1676 321 1743 τάδε
332 1673 398 1763 γάρ
411 1673 553 1764 ἀρίδηλα
567 1674 694 1761 ἐρήμου
708 1672 828 1761 ἐούσης
844 1680 902 1761 τής
920 1672 1076 1761 Ἀττικῆς,
1146 1714 1148 1717 -

68 1770 122 1842 ὅτι
135 1783 233 1842 θετον
246 1773 283 1842 τό
298 1774 552 1861 φθεγγόμενον,
574 1770 640 1841 ἀπό
658 1772 844 1853 Ἐλευσῖνος
858 1771 913 1841 ἰόν
928 1777 961 1853 ἐς
973 1798 1077 1860 τιμω-

68 1878 148 1957 ρίην
160 1868 371 1958 Ἀθηναίοισί
382 1898 418 1940 τε
432 1876 489 1942 κοιλ
501 1886 587 1941 τοῖσι
601 1871 810 1959 συμμάχοισι.
834 1876 889 1941 καλ
903 1868 949 1959 ήν
961 1876 1023 1960 μέν
1037 1898 1076 1960 γε
1197 1872 1202 1883 ’

68 1972 266 2062 κατασκήψῃ
279 1978 313 2052 ἐς
325 1972 391 2062 τήν
399 1975 674 2063 Πελοπόννησον,
690 1979 848 2055 κίνδυνος
858 1972 948 2068 αύτῷ
962 2001 998 2044 τε
1011 1984 1075 2065 βα-

69 2072 155 2139 σιλέϊ
167 2074 222 2138 καὶ
236 2078 276 2160 τῇ
286 2080 422 2162 στρατιῇ
432 2081 473 2163 τῇ
486 2078 523 2143 ἐν
537 2080 577 2163 τῇ
584 2071 711 2165 ήπείρῳ
729 2079 836 2161 ἔσται,
851 2071 896 2162 ήν
906 2073 943 2143 δέ
953 2077 1006 2143 ἐπὶ
1016 2072 1075 2153 τάς

69 2175 146 2252 νέας
164 2172 327 2259 τράπηται
342 2172 401 2253 τάς
416 2177 454 2243 ἐν
467 2182 653 2260 Σαλαμῖνι,
675 2170 736 2241 τὸν
755 2171 917 2242 ναυτικόν
932 2167 1074 2263 στρατὸν

68 2271 282 2341 κινδυνεύσει
297 2271 454 2361 βασιλεῦς
475 2271 666 2362 ἀποβαλεῖν.
694 2269 757 2358 τήν
776 2269 813 2340 δὲ
828 2269 932 2359 ὁρτήν
947 2271 1074 2358 ταύτην

68 2368 186 2455 άγουσι
197 2366 370 2455 Ἀθηναῖοι
381 2368 447 2439 άνά
456 2371 566 2440 πάντα
577 2375 651 2439 ἐτεα
660 2376 702 2458 τῇ
709 2371 822 2456 Μητρὶ
833 2371 888 2438 καλ
897 2377 937 2460 τῇ
944 2369 1072 2458 Κούρῃ,

69 2468 125 2532 καὶ
134 2462 247 2531 αῦιιῦν
260 2490 296 2532 τε
310 2463 328 2532 ὁ
343 2467 550 2553 βουλόμενος
560 2467 616 2534 καὶ
625 2471 695 2533 νῦν
705 2464 818 2534 ἀλλων
827 2463 996 2552 Ἑλλήνων
1006 2491 1072 2552 μν-

70 2565 153 2632 ἐεται
173 2563 229 2630 καί
249 2559 311 2647 τήν
337 2567 474 2650 φωνήν,
501 2571 560 2650 τῆς
580 2561 731 2648 ἀκούεις,
754 2565 792 2630 ἐν
811 2563 916 2652 ταύτῇ
933 2569 973 2653 τῇ
993 2561 1073 2652 ὁρτῇ

70 2661 267 2748 ἰακχάζουσι.
290 2658 381 2748 Πρός
394 2668 498 2729 ταῦτα
510 2666 615 2729 είπείν
625 2657 848 2748 Δημάρητον·
869 2669 958 2748 Σίγα
971 2664 1073 2731 τεκαὶ

69 2761 184 2848 μηδενί
198 2757 289 2850 ἀλλῳ
302 2757 480 2847 τὸνλόγον
493 2765 616 2827 τοῦτον
630 2767 732 2848 είπης.
755 2755 800 2846 ήν
815 2758 880 2848 γάρ
896 2785 947 2828 τοι
961 2764 994 2841 ἐς
1008 2769 1072 2849 βα-

69 2861 158 2929 σιλέα
175 2851 355 2948 ἀνενειχθῇ
372 2856 414 2926 τά
431 2865 511 2928 ἐπεα
524 2865 645 2946 ταῦτα,
669 2856 865 2948 ἀποβαλέεις
884 2859 946 2950 τήν
966 2888 1072 2949 κεῳα-

68 2959 147 3046 λήν,
170 2965 228 3027 καί
240 2979 277 3026 σε
298 2956 377 3028 ούτε
397 2955 463 3045 ἐγό
482 2959 672 3046 δυνήσομαι
688 2959 860 3048 ῥύσασθαι
880 2958 952 3028 οὔτ’
972 2959 1072 3041 ἀλλος

70 3057 261 3144 ἀνθρώπων
274 3056 355 3127 οῦδὲ
374 3055 429 3138 εἷς.
452 3056 526 3129 ἀλλ’
548 3055 596 3145 ἔχ’
614 3057 753 3147 ήσνχος,
774 3061 851 3147 περὶ
866 3059 902 3127 δὲ
917 3066 1073 3148 στρατιῆς

69 3161 165 3244 τήσδε
177 3167 289 3225 θεολσι
301 3156 445 3245 μελήσει.
470 3156 538 3226 Τόν
552 3158 616 3245 μὲν
630 3157 670 3246 δή
686 3165 791 3228 ταῦτα
802 3163 1013 3249 παραινέειν,
1034 3163 1071 3229 ἐκ

70 3257 106 3324 δὲ
130 3261 189 3322 τοῦ
213 3263 392 3345 κονιορτοῦ
412 3260 470 3326 καλ
491 3264 549 3344 τῇς
573 3263 690 3345 φωνῇς
708 3260 869 3345 γενέσθαι
894 3261 997 3346 νέφος
1017 3261 1072 3329 καὶ

70 3353 297 3445 μεταρσιωθὲν
311 3357 478 3445 φέρεσθαι
494 3360 547 3427 ἐπί
560 3366 753 3444 Σαλαμῖνος
767 3357 819 3425 ἐπὶ
835 3354 873 3427 τό
888 3359 1072 3444 στρατόπε-

70 3461 128 3523 δον
147 3454 184 3524 τό
205 3452 467 3544 τῶνἙλλήνων.
499 3453 589 3525 οὕτω
603 3458 641 3526 δὲ
660 3452 785 3535 αύτούς
804 3465 945 3545 μαθεῖν,
968 3453 1019 3526 ότι
1032 3454 1070 3526 τό
