2500 3925
334 66 354 106 Ι

323 274 406 331 ιιΒ.
439 273 486 333 Ν.
520 274 619 334 οΑΡ.
654 284 826 338 ιιο-ιεε.
1011 280 1073 345 ³47

91 436 138 501 καί
157 440 208 518 της
221 432 475 519 Σαυρομάτιδος
496 431 620 517 χώρης,
641 437 675 500 οί
689 435 727 501 δέ
749 433 838 518 εἰχον
859 435 962 505 ούδδυ
983 447 1076 508 σίνε·

92 542 160 600 σθαι
178 531 234 599 ἅτε
254 538 312 617 τῆς
325 532 435 617 χύρης
456 532 576 616 έούσης
595 533 734 619 χέρσου,
766 536 874 604 ἐπείτε
903 536 940 605 δέ
960 542 995 617 ές
1012 537 1076 626 τὴν

91 641 147 699 τόν
158 635 330 701 Βουδίνων
344 632 456 717 χώρην
471 633 647 716 ἐσέβαλον,
664 633 813 699 ἐνθαῦτα
823 632 865 718 δὴ
881 634 1075 721 ἐντυχόντες

92 739 127 823 τῷ
137 736 252 821 ξυλίνῳ
262 737 363 817 τείχει
372 730 614 798 ἐκλελοιπότων
626 738 696 797 τῶν
704 735 883 801 Βουδίνων
896 737 952 803 καλ
966 761 1075 803 κεκει-

92 832 227 916 τωμένου
242 836 304 897 τοῦ
315 836 441 914 τείχεος
456 830 595 896 πάντων
608 830 795 915 ἐνέπρησαν
810 828 902 900 αύτό.
923 840 1024 901 τοῦτο
1039 832 1076 900 δέ

89 928 270 1015 ποιήσαντες
295 930 429 995 εἵποντο
453 929 517 995 αίελ
540 928 577 994 τό
601 929 717 1012 πρόσω
737 925 822 996 κατά
843 936 976 1017 στίβον,
1004 928 1077 1010 έςδ

90 1028 302 1109 διεξελθόντες
315 1028 442 1112 ταύτην
455 1030 489 1105 ές
500 1024 564 1112 τὴν
578 1029 703 1113 ἐρῆμον
717 1024 886 1096 άπίκοντο.
909 1025 931 1115 ἡ
947 1031 985 1097 δέ
998 1030 1078 1115 έρη-

88 1154 139 1211 μος
152 1124 233 1211 αὕτη
248 1123 315 1196 ὑπ’
332 1120 491 1209 ούδαμων
504 1126 638 1210 νέμεται
651 1121 806 1211 ἀνδρῶν,
820 1128 930 1193 κέεται
943 1126 981 1195 δέ
990 1124 1077 1212 ὑπέρ

90 1236 136 1314 τῆς
145 1233 319 1297 Βουδίνων
329 1227 448 1312 χώρης,
466 1229 568 1294 ἐοῦσα
582 1233 714 1310 πλῆθος
724 1224 806 1293 έπτά
817 1223 968 1313 ἡμερέων
982 1223 1074 1294 ὁδοῦ.

89 1324 160 1414 ὑπὲρ
175 1330 210 1393 δὲ
223 1334 283 1412 τῆς
297 1328 424 1412 ἐρήμου
437 1329 646 1411 Θυσσαγέται
660 1327 822 1409 οίκέουσι,
836 1330 979 1412 ποταμοί
993 1324 1029 1393 δὲ
1043 1328 1078 1405 ἐξ

90 1422 186 1492 αὐτῶν
208 1427 362 1512 τέσσερες
382 1427 521 1511 μεγάλοι
546 1428 678 1511 ῥέοντες
705 1422 760 1491 διά
784 1428 967 1511 Μαιητέων
987 1428 1078 1492 έκδι-

90 1528 172 1590 δοῦσι
196 1526 229 1602 ές
254 1521 317 1610 τὴν
341 1530 465 1611 λίμνην
485 1522 547 1609 τὴν
568 1526 776 1609 καλεομένην
796 1532 963 1611 Μαιῆτιν,
991 1539 1078 1592 τοῖσι

90 1621 247 1710 οὐνόματα
261 1624 371 1691 κέεται
384 1626 481 1712 τάδε,
503 1624 626 1710 Λύκος,
639 1623 771 1711 Ὄαρος,
790 1626 924 1715 Τάναϊς,
937 1630 1076 1715 Σύργις.

88 1717 161 1790 ’Βπεί
181 1715 230 1790 όν
252 1719 271 1791 ὁ
288 1734 433 1807 Δαρεῖος
452 1716 540 1810 ἦλθε
564 1726 597 1801 ές
615 1722 680 1809 τὴν
702 1727 844 1811 ἐρῆμον,
864 1726 1081 1811 παυσάμενος
1097 1741 1147 1792 ιεε

90 1829 139 1889 τοῦ
157 1824 288 1909 δρόμου
313 1824 431 1906 ἵδρυσε
452 1821 514 1909 τὴν
538 1821 697 1911 στρατιὴν
722 1826 776 1891 ἐπὶ
801 1832 939 1915 ποταμῷ
960 1821 1077 1914 Ὀάρῳ.

91 1926 226 1994 τοῦτοδὲ
247 1925 388 2012 ποιήσας
406 1921 492 1993 όκτοδ
509 1928 615 2010 τείχεα
631 1926 749 2012 ἐτείχεε
762 1924 907 2011 μεγάλα,
930 1933 1005 1992 ίσον
1018 1919 1078 1991 ἀπ’

91 2021 232 2112 ἀλλήλων
248 2025 422 2110 ἀπέχοντα,
437 2028 592 2103 σταδίους
615 2021 661 2104 ὡς
681 2025 840 2111 ἑξήκοντα
864 2021 1007 2110 μάλιστά
1026 2049 1080 2111 κη,

91 2127 146 2188 τῶν
159 2129 206 2191 ἔτι
221 2126 257 2202 ἐς
272 2122 328 2209 ἐμὲ
349 2123 390 2190 τὰ
406 2125 533 2210 ἐρείπια
554 2120 619 2190 σόα
638 2116 691 2210 ἦν.
725 2115 806 2213 ἐυῷ
826 2124 863 2191 δὲ
883 2115 983 2202 οὗτος
996 2119 1082 2208 πρὸς

92 2229 180 2288 ταῦτα
204 2222 383 2307 ἐτράπετο,
406 2226 440 2290 οί
459 2221 659 2307 διωκόμενοι
681 2221 824 2289 Σκύθαι·
845 2221 1081 2309 περιελθόντες

92 2319 122 2387 τά
133 2321 324 2407 κατύπερθε
334 2317 545 2406 ὑπέστρεφον
552 2321 585 2398 ές
595 2317 853 2406 τὴνΣκυθικήν.
871 2316 1083 2405 άφανισθέν·

92 2445 147 2486 ταν
161 2425 196 2489 δὲ
207 2420 340 2490 τούτων
353 2419 390 2488 τό
401 2421 577 2505 παράπαν,
593 2416 638 2496 τός
649 2416 761 2485 ούκέττ
771 2415 995 2502 ἐφαντάζοντό
1009 2433 1081 2500 σφι,

92 2517 169 2586 οὕτω
186 2521 227 2606 δὴ
251 2517 431 2604 ὁΔαρείος
450 2524 556 2605 τείχεα
577 2521 641 2604 μὲν
662 2519 773 2584 ἐκεῖνα
794 2514 935 2603 ἡμίεργα
952 2523 1082 2602 μετῆκε,

93 2617 181 2699 αὐτὸς
196 2623 234 2689 δὲ
248 2617 459 2704 ὑποστρέψας
473 2617 525 2704 ἤιε
539 2615 623 2702 πρὸς
638 2621 791 2704 ἑσπέρην,
806 2615 933 2684 δόκέωυ
942 2616 1085 2691 τούτους

93 2743 121 2785 τε
138 2721 265 2800 πάντας
285 2718 364 2798 τούς
378 2719 522 2798 Σκύθας
540 2717 624 2785 εἶναι
645 2721 701 2786 καί
717 2715 801 2805 πρός
822 2720 966 2805 ἑσπέρην
980 2718 1084 2801 σφέας

94 2817 231 2902 φεύγειν.
273 2816 443 2885 Έλαύνων
460 2817 496 2884 δὲ
509 2815 572 2902 τὴν
588 2828 744 2903 ταχίστην
757 2814 819 2885 τόν
832 2814 976 2903 στρατόν
991 2814 1036 2893 ὡς
1051 2816 1085 2891 ές
1099 2843 1149 2894 125

93 2915 144 3002 τὴν
157 2918 338 3006 Σκυθικὴν
352 2917 506 3004 άπίκετο,
529 2923 687 3002 ἐνέκυρσε
703 2917 909 3007 ἀμφοτέρῃσι
922 2925 996 3005 τῇσι
1009 2920 1086 3000 μοί-

95 3037 160 3101 ρῃσι
179 3025 247 3086 τῶν
259 3023 446 3104 Σκυθέων,
467 3016 617 3104 ἐντυχεδν
636 3017 673 3086 δέ
697 3022 815 3088 ἐδίωκε
833 3017 1086 3103 ὑπεκφέροντας

95 3111 206 3202 ἡμέρης
220 3116 297 3208 ὁδῷ.
323 3123 378 3186 καί
394 3115 436 3186 ού
449 3116 515 3205 γάρ
530 3116 617 3187 άνίει
628 3117 732 3186 έπιοδν
742 3117 761 3188 ὁ
773 3129 934 3203 Δαρεῖος,
949 3120 983 3184 οί
991 3112 1087 3182 Σκύ-

96 3223 147 3280 θαι
167 3215 249 3284 κατά
267 3214 309 3284 τά
324 3225 574 3307 βεβουλευμένα
595 3217 791 3306 ὑπέφευγον
806 3221 840 3298 ές
859 3225 927 3285 τῶν
944 3215 1087 3284 ἀπειπα-

97 3318 197 3396 μένων
211 3317 272 3405 τὴν
286 3323 452 3407 σφετέρην
463 3327 671 3406 συμμαχίην,
687 3320 824 3404 πράτην
838 3321 876 3386 δέ
890 3321 923 3397 ἐς
932 3323 1001 3384 τῶν
1012 3323 1088 3383 Με-

99 3415 449 3504 ίαγχλαίνωντηνγῆν.
468 3417 513 3499 ὡς
522 3420 558 3491 δέ
568 3420 766 3507 ἐσβαλόντες
775 3417 916 3495 τούτους
927 3417 1089 3500 ἐτάραξαν

101 3514 129 3576 όί
142 3540 174 3581 τε
188 3517 325 3584 Σκύθαι
343 3524 396 3584 καὶ
419 3522 453 3587 σί
464 3523 609 3604 Πέρσαι,
631 3517 831 3600 κατηγέοντο
854 3521 888 3582 οί
898 3518 1036 3584 Σκύθαι
1057 3517 1091 3591 ές
