2500 3925
384 272 469 336 mn.
501 275 545 331 111.
581 274 678 333 CAP.
714 283 818 338 1-5.
1040 276 1102 345 213

118 429 172 499 εἶδε
189 439 226 522 τῇ
242 431 470 522 Κασσανδάνῃ
491 438 703 520 παρεστεῶτα
723 436 822 504 τέκνα
846 434 975 509 εύειδέα
994 466 1031 511 τε
1047 444 1103 512 ιιαλ

115 529 242 616 μεγάλα,
261 536 374 621 πολλῷ
389 532 505 616 ἐχρᾶτο
526 535 572 620 τῷ
586 531 711 621 ἐπαίνφ
736 528 1040 625 ὑπερθωμάζουσα,
1079 536 1100 629 ἡ

114 631 144 697 δέ
154 631 376 718 Κασσανδάνη
390 633 491 700 ἐοῦσα
506 656 567 697 του
552 597 703 716 ’Κύρού
716 658 803 722 γυνη
792 631 890 705 εἶκε
904 637 999 707 τάδε·
1022 647 1103 710 Τοι-

112 732 186 797 ύνδε
198 733 312 815 μέντοι
323 732 381 817 ἐμὲ
394 732 524 798 παίδων
533 729 660 815 μητέρα
675 732 799 799 έοῦσαν
808 740 922 821 Κῦρος
937 739 974 805 έν
989 733 1102 829 ἀτιμίη

111 833 180 913 ἔχει,
200 826 315 916 τήνδ’
338 828 385 897 ἀπ
389 824 463 896 ’lA
461 827 592 914 γύπτον
613 830 789 917 ἐπίκτητον
810 834 848 900 ἐν
863 842 941 925 τιμῇ
960 842 1098 907 τίθεται.

111 924 223 1012 λην
184 954 207 1013 μ
225 954 246 994 ν
263 926 458 1013 ἀχθομένην
473 933 513 1015 τη
529 925 650 1012 Νιτήτι
673 933 778 996 εἰπεῖν
792 937 912 1017 ταῦτα,
934 960 1002 1002 ταν
1017 936 1058 1005 δέ
1069 938 1103 1004 ot

108 1025 271 1095 ταίδαυ
235 1054 297 1095 τον
307 1026 536 1115 πρεσβύτερον
551 1031 656 1093 εἰπεῖν
647 1028 867 1149 Καμβύσην·
897 1032 1098 1152 Τοιγάρτοι,

108 1120 131 1195 ἀ
148 1135 264 1216 μῆτερ,
287 1123 389 1195 ἐπεάν
412 1124 477 1213 ἐγεδ
491 1122 681 1248 γένριμαι’
662 1125 765 1215 ανὴρ,
787 1128 962 1216 Αἰγύπτου
979 1157 1019 1199 τα
1007 1128 1099 1217 μὲν

105 1222 167 1291 ἀνα
180 1225 272 1294 κάτω
286 1225 401 1312 θήσω,
415 1250 455 1292 τα
444 1222 566 1293 δέ’
522 1251 613 1293 κατα
628 1222 707 1293 ἀνα.
749 1233 860 1295 Ταῦτα
875 1234 980 1297 εἰπεῖν
993 1226 1098 1297 αὐτὸν

104 1328 168 1391 ἔτεα
183 1320 228 1402 ὦς
245 1327 325 1392 δέκα
344 1350 409 1392 κου
428 1323 607 1409 γεγονότα,
630 1320 735 1391 καὶ
700 1349 758 1402 τας
772 1340 934 1411 γυναῖκας
961 1325 1000 1395 ἐν
1024 1320 1097 1393 θύ-

102 1446 171 1503 ματι
184 1423 361 1507 γενέσθαι·
381 1418 442 1488 τὸν
454 1424 490 1490 δὲ
502 1420 831 1510 διαμνημονεύοντα,
850 1422 938 1493 οὕτω
947 1418 1097 1507 δή,ἐπεί-

101 1543 132 1585 τε
149 1514 310 1606 ήνδρύθη
330 1522 386 1587 καί
405 1524 479 1604 ἐσγε
499 1515 561 1605 τήν
585 1524 778 1606 βασιληίην,
805 1518 1012 1607 ποιήσασθαι
1035 1516 1097 1606 τήν

101 1613 147 1682 ἐπ’
164 1625 341 1703 Αίγυπτον
365 1622 554 1702 στρατηίην.
606 1616 797 1732 Σμνήνεικε
821 1616 857 1685 δὲ
881 1620 936 1687 καλ
960 1615 1040 1685 ἀλλο
1065 1628 1127 1684 τιλ

103 1714 226 1783 τοιόνδε
240 1722 376 1801 πρῆγμα
388 1715 549 1800 γενέσθαι
565 1708 648 1791 ἐς
611 1738 674 1799 την
688 1714 941 1799 ἐπιστράτευσιν
954 1712 1095 1799 ταύτην

101 1804 138 1896 ήν
156 1819 224 1879 τῶν
246 1812 436 1898 ἐπικούρων
458 1837 527 1879 ταν
543 1808 697 1896 Ἀμάσιος
717 1806 803 1899 ἀνήρ
819 1812 916 1897 γένος
930 1812 993 1929 μὲν
1005 1808 1096 1877 Ἀ-λι

98 1905 452 1996 ιαρνησσεύς,ούνομα
469 1910 509 1976 δέ
528 1897 605 1974 οἱ
582 1931 626 1994 ηυ
645 1907 778 1996 Φάνης,
799 1910 855 1977 καὶ
867 1906 1008 1996 γνύμην
1021 1910 1096 1976 ίκα·

98 2005 150 2088 νὸς
177 2014 234 2079 καί
255 2038 296 2078 τα
285 2007 469 2094 πολεμικα
479 2007 626 2095 ἀλκιμος.
661 2000 759 2087 οὗτος
784 2003 803 2075 ὁ
825 2007 940 2094 Φάνης
963 2003 1096 2093 μεμφό-

97 2108 191 2193 μενός
215 2106 281 2175 κού
304 2135 337 2175 τι
357 2105 474 2193 Ἀμάσι
499 2105 708 2193 ἐκδιδρήσκει
727 2113 833 2198 πλοίφ
855 2108 888 2186 ἐξ
908 2104 1094 2192 Αἰγύπτου,

97 2206 296 2294 βουλόμενος
310 2207 477 2294 Καμβύση
499 2207 613 2274 ἐλθεῖν
635 2208 668 2285 ἐς
692 2206 822 2294 λόγους.
857 2201 911 2274 οἷα
936 2205 972 2273 δὲ
996 2204 1094 2272 ἐόντα

96 2302 195 2373 αὐτὸν
209 2307 246 2374 ἐν
261 2318 347 2372 τοῖσι
361 2305 571 2391 ἐπικούροισι
585 2303 689 2390 λόγον
704 2301 746 2372 ού
760 2309 904 2392 σμικροῦ
919 2301 1095 2388 ἐπιστάμε-

96 2404 154 2470 νού
172 2428 209 2470 τε
233 2400 274 2469 τά
295 2404 371 2490 περὶ
392 2411 568 2488 Αἴγυπτον
589 2399 825 2488 ἀτρεκέστατα,
853 2399 1049 2487 μεταδιώκει
1075 2394 1093 2464 ὁ

89 2499 219 2586 Ἀμασις
239 2497 393 2584 σπουδήν
413 2498 613 2585 ποιεύμενος
634 2501 737 2583 ἑλεῖν,
758 2496 954 2584 μεταδιώκει
975 2500 1010 2564 δὲ
1023 2499 1095 2566 ταῖν

97 2596 265 2684 εὐνούχων
284 2595 345 2664 τὸν
366 2596 566 2664 πιστότατον
583 2591 779 2674 ἀποστείλας
799 2593 927 2683 τριήρει
940 2591 1012 2681 κατΙ
1031 2590 1094 2660 αύ-

95 2695 169 2782 τὸυ,
189 2696 224 2775 ὃς
246 2699 349 2782 αἱρέει
367 2722 426 2783 μιν
444 2698 481 2764 ἐν
495 2701 622 2783 Λυκίη,
645 2691 730 2763 ἑλοδυ
752 2693 789 2762 δὲ
809 2692 872 2762 οὐκ
894 2692 1041 2782 ἀνήγαγε
1062 2696 1095 2771 ές

96 2806 282 2883 Αἴγυπτον·
303 2802 406 2884 σοφίη
420 2793 487 2881 γάρ
508 2820 568 2880 μιν
582 2789 776 2879 περιήλθεὸ
793 2793 917 2879 Φάνης.
950 2816 1094 2908 καταμε-

94 2896 199 2974 θύσας
211 2893 277 2981 γάρ
292 2891 372 2972 τούς
387 2894 561 2980 φυλάκους
575 2887 804 2960 ἀπαλλάσσετο
819 2894 851 2971 ές
861 2895 1001 2980 Πέρσας.
1027 2886 1094 2971 ὡρ-

93 2999 223 3122 ρημένφ
248 2993 285 3062 δὲ
304 2991 472 3115 Καμβύση
496 2990 739 3076 στρατεύεσθαι
764 2986 817 3056 ἐπ’
840 2997 1014 3074 Αἴγυπτον
1038 2989 1093 3054 καὶ

94 3093 266 3182 ἀπορέοντι
293 3092 356 3180 τήν
384 3100 516 3178 ἔλασιν,
547 3116 635 3169 οκοις
659 3085 721 3176 τήν
746 3088 897 3173 ἀνυδρον
924 3092 1092 3176 διεκπερᾷ,

95 3191 243 3261 ἐπελθων
266 3192 383 3280 φράζει
404 3217 467 3277 μεν
488 3191 544 3258 καὶ
559 3181 664 3256 τᾶλλα
677 3183 718 3254 τά
737 3184 889 3274 Ἀμάσιος
906 3184 1093 3272 πρήγματα,

95 3292 253 3377 ἐξηγέεται
271 3289 308 3358 δε
323 3285 430 3358 καὶ
394 3314 457 3375 την
472 3293 602 3364 ἔλασιν
619 3277 685 3354 ὦδε
702 3285 904 3370 παραινέων,
919 3288 1093 3370 πέιιιγαντα

94 3390 179 3476 παρὰ
203 3387 264 3460 τὸν
284 3387 449 3477 Ἀραβίων
472 3391 611 3476 βασιλέα
637 3395 773 3454 δέεσθαι
800 3381 863 3470 τήν
884 3384 1034 3464 διέξοδόν
1062 3388 1096 3451 οἱ

95 3486 240 3573 ἀσφαλέα
265 3502 455 3575 παρασχεῖν,
509 3485 638 3568 Μούνη
667 3483 704 3550 δὲ
730 3478 834 3566 ταύτη
861 3482 922 3548 είσλ
950 3477 1125 3564 φανεραλε
