2500 3925
175 218 217 285 20
548 226 802 286 HERODOTI

175 406 248 453 σειν
265 382 327 473 τήν
341 385 461 474 Κύρου
475 392 665 475 βασιληίην,
679 389 811 473 πέμψας
824 381 919 468 αὖτις
933 388 1082 469 §saved
1091 397 1189 461 Δελ-

176 483 263 572 φοὺς
278 489 446 574 δωρέεται,
464 486 662 573 πυθόμενος
676 483 790 555 αὐτῶν
805 484 843 557 τὸ
861 496 1008 576 πλῆθος,
1031 516 1093 561 κατ
1116 484 1188 557 ἄν-

174 590 239 673 δρα
256 587 318 655 δύο
335 592 493 674 στατῆρσι
508 588 651 654 ἕκαστον
663 593 800 673 χρυσοῦ.
817 592 951 673 Δελφοί
961 588 999 655 δὲ
1009 585 1086 659 ἀντὶ
1097 587 1188 657 τού-

173 711 242 755 των
256 689 378 755 ἔδοσαν
392 690 528 777 Κροίσςσ
551 686 607 753 καί
621 687 763 753 Λυδοῖσι
783 692 1014 773 προμαντηίην
1029 690 1087 779 καί
1104 684 1189 755 ι’πέ-

173 789 268 854 λείαν
282 786 337 852 καί
353 788 537 873 προεδρίην
576 785 633 852 καί
652 785 773 864 ἐξεῖναι
794 790 840 874 τῷ
854 787 1049 877 βουλομένῳ
1064 783 1188 853 αὐτῶν

124 897 160 952 65
173 886 333 971 γενέσθαι
340 878 481 969 Δελφὸν
495 885 528 961 ές
544 880 606 950 τόν
628 884 693 951 αἰεί
706 882 840 969 χρόνον.
874 884 1126 971 Δωρήσοὶμενος
1144 885 1188 951 δὲ

172 981 252 1063 τούς
267 980 427 1068 Δελφοὺς
438 979 610 1070 ὁΚροϊσος
623 981 893 1069 ἐχρηστηριάζετο
908 978 945 1049 τό
961 987 1082 1069 τρίτον.
1107 984 1192 1050 ἐπεί

172 1108 207 1150 τε
225 1080 290 1169 γὰρ
305 1080 345 1170 δή
361 1085 528 1170 παρέλαβε
538 1088 600 1151 τοῦ
614 1080 780 1168 μαντήίον
792 1076 965 1166 ἀλήθειαν,
980 1081 1188 1167 ἐνεφορέετο

173 1178 289 1249 αὐτοῦ.
320 1181 482 1267 ἐπειρώτα
494 1180 530 1249 δὲ
544 1180 625 1248 τάδε
633 1178 963 1268 χρηστηριαζόμενος,
979 1187 1013 1245 εί
1023 1182 1057 1245 οί
1069 1185 1187 1244 πολυ-

171 1281 305 1369 χρόνιος
320 1279 445 1370 ἔσταιή
462 1285 659 1368 μουναρχίη.
691 1275 712 1365 ἡ
729 1279 766 1345 δὲ
778 1283 895 1363 Πυθίη
903 1281 947 1344 ὀί
958 1283 1023 1367 χρᾷ
1037 1274 1136 1343 τάδε·

207 1378 291 1450 Ἀλλ’
309 1380 391 1449 ὅταν
404 1378 543 1470 ἡμίονος
557 1374 717 1468 βασιλεὺς
729 1377 881 1464 Μήδοισι
897 1378 1043 1462 γένηται,

213 1482 281 1548 Καὶ
296 1480 382 1567 τότε,
397 1482 487 1549 Λυδὲ
502 1479 663 1567 ποδαβρέ,
681 1476 900 1565 πολυψήφιδα
917 1472 991 1561 παρ’
1002 1474 1133 1563 Ἕρμον

214 1578 359 1666 Φεύμειν
375 1580 459 1666 μηδὲ
472 1582 597 1666 μένειν,
613 1574 690 1664 μηδ’
707 1581 874 1646 αἰδεῖσθαι
890 1573 993 1662 κακὸς
1010 1574 1105 1643 εἶναι.

129 1694 164 1753 56
177 1679 334 1748 Τούτοισι
355 1681 495 1747 ἐλθοῦσι
510 1692 596 1747 τοῖσι
617 1674 744 1745 ἔπεσιὸ
761 1683 906 1763 Κροῖσος
920 1675 1049 1744 πολλόν
1062 1702 1096 1741 τι
1111 1676 1189 1761 μά-

174 1789 269 1849 λιστα
283 1777 421 1847 πάντων
439 1775 542 1865 ἥσθη,
566 1780 706 1858 ἐλπίζων
719 1774 862 1863 ἡμίονον
877 1773 1008 1862 οὐδαμὰ
1026 1771 1095 1845 ἄντ’
1115 1774 1189 1845 ἆν-

170 1877 253 1970 ’δρός
266 1878 480 1970 βασιλεύσειν
493 1878 638 1969 Μήδων,
654 1874 728 1945 οὐδ’
743 1868 793 1945 ὦν
802 1872 904 1954 αὐτὸς
920 1873 1000 1945 οὐδὲ
1016 1881 1052 1945 οἱ
1063 1879 1098 1957 ἐξ
1114 1875 1185 1944 αὐ·

172 1988 234 2051 τοῦ
245 1981 590 2068 καύσεσθαίκοτετής
606 1976 716 2067 ἀρχῆς.
740 1974 838 2047 Μετὰ
846 1978 883 2044 δὲ
890 1985 994 2046 ταῦτα
1001 1979 1188 2068 ἐφρόντιζε

173 2083 344 2164 ἱστορέων,
361 2075 442 2157 τοδς
454 2073 498 2146 ἄν
505 2076 676 2166 Ἑλλήνων
683 2078 938 2157 δυνατωτάτους
945 2079 1061 2160 ἐόντας
1067 2101 1188 2169 προσ-

172 2179 328 2267 κτήσαιτο
349 2185 478 2264 φίλους.
512 2181 671 2265 ἱστορέων
685 2179 722 2246 δέ
739 2175 873 2266 εὕρισκε
887 2183 1188 2265 Λακεδαιμονίους

172 2283 228 2351 καὶ
239 2278 440 2367 Ἀδηναίους
457 2281 677 2367 προέχοντας,
691 2275 772 2356 τους
788 2280 851 2365 μὲν
864 2285 927 2345 τοῦ
941 2286 1106 2366 Δωρικοῦ
1119 2283 1188 2366 γε’-

172 2407 258 2468 νεος,
273 2376 353 2458 τούς
368 2380 404 2446 δέ
418 2385 479 2446 τοῦ
491 2378 650 2446 Ἰωνικοῦ.
680 2384 784 2446 ταῦτα
798 2375 863 2466 γὰρ
880 2371 924 2466 ἦν
937 2375 977 2448 τὰ
992 2403 1188 2467 προκεκρι-

172 2486 267 2570 μένα,
283 2479 381 2548 έόντα
395 2475 432 2545 τὸ
449 2474 588 2564 ἀρχαῖον
601 2475 639 2547 τὸ
654 2475 946 2565 μένΠελασγικόν,
963 2473 1001 2545 τὸ
1018 2476 1188 2567 δέἙλλη-

171 2576 270 2650 νικὸν
287 2584 398 2655 ἔθνος.
420 2579 476 2644 καί
492 2574 530 2644 τὸ
548 2577 611 2664 μέν
635 2574 766 2665 οὐδαμῇ
788 2602 837 2644 κω
858 2576 1058 2665 ἐξεχώρησε,
1080 2576 1120 2646 τὸ
1143 2584 1187 2650 δὲ

169 2676 430 2763 πολυπλάνητον
447 2675 562 2763 κάρτα.
593 2678 646 2745 ἐπί
661 2676 723 2763 μὲν
741 2671 807 2762 γὰρ
820 2681 1059 2755 Δευκαλίωνος
1075 2685 1189 2764 βασι-

167 2787 242 2858 λέος
258 2786 345 2846 οίκεε
359 2782 425 2863 γῆν
439 2771 502 2863 τήν
509 2763 675 2862 Φδιήτιν,
693 2776 747 2844 ἐπὶ
757 2776 793 2842 δὲ
804 2773 930 2863 Δώρου
944 2780 1005 2842 τοῦ
1011 2771 1187 2863 Ἕλληνος

166 2873 228 2964 τήν
246 2872 312 2944 ὑπὸ
325 2871 519 2962 τήνὍσσαν
529 2902 565 2944 τε
576 2878 633 2944 καί
641 2872 703 2944 τὸν
711 2873 897 2961 Οὔλυμπον
908 2873 1033 2964 χώρην,
1051 2885 1187 2947 καίεοᾳ

167 2979 272 3064 μένην
280 2975 316 3042 δὲ
327 2971 523 3061 Ἱστιαιήτιν.
544 2977 580 3043 έιι
596 2975 633 3043 δέ
647 2980 705 3061 τῆς
714 2971 939 3062 Ἱστιαιήτιδος
952 2971 998 3055 ὡς
1014 2978 1185 3066 ἐξανέστη

165 3071 233 3142 ὑπὸ
252 3077 441 3160 Καδμείων,
458 3083 547 3143 οίκεε
565 3076 729 3165 ένΠίνδρν
751 3072 937 3143 Μακεδνὸν
951 3074 1183 3161 καλεόμενον.

166 3175 328 3242 ένθεῦτεν
343 3173 379 3241 δέ
397 3165 491 3254 αὖτις
507 3175 540 3254 ές
553 3170 617 3262 τήν
630 3177 810 3259 Δρυοπίδα
825 3176 961 3262 μετέβη,
982 3177 1039 3243 καί
1055 3176 1095 3242 έκ
1116 3183 1186 3264 τῆς

165 3277 358 3362 Δρυοπίδος
368 3273 457 3342 οὕτω
471 3277 504 3355 ές
515 3274 782 3360 Πελοπόννησον
793 3271 1182 3364 ἐλθόνΔωρικόνέκλή-
1239 3346 1240 3353 ,

118 3369 152 3428 ‘⁷
164 3382 220 3460 δη.
244 3369 384 3442 Ἥντινα
407 3376 443 3443 δὲ
463 3382 621 3463 γλῶσσαν
644 3377 741 3442 ἵεσαν
762 3377 798 3442 οί
810 3375 997 3462 Πελασγοί,
1020 3370 1087 3443 οὐκ
1108 3381 1186 3463 ἔχω
1239 3360 1240 3385 ¹

163 3468 326 3554 ἀτρεκέως
342 3471 447 3544 εἶπαν
471 3480 501 3543 εί
514 3477 551 3543 δὲ
565 3473 675 3561 χρεων
692 3475 760 3540 ἐστι
774 3477 1038 3560 τεκμαιρόμενον
1058 3477 1184 3561 λέγειν
1238 3500 1239 3545 ί
