2500 3925
170 244 233 311 190
543 244 793 304 HERODOTI

169 418 227 497 τῆς
236 406 392 488 Ἑλλάδος
406 399 428 497 ή
443 403 575 493 ὀλίγον,
590 410 690 472 τοῦτο
705 404 743 471 δὲ
755 400 819 489 ήδη
834 402 948 472 δεινόν
961 409 1111 493 γίνεται,
1138 402 1186 488 μῐτ

170 510 253 597 πέση
264 515 354 575 πᾶσα
364 504 386 595 ἡ
396 504 520 629 Ἑλλάς,
535 502 581 592 μή
592 501 658 590 γόιρ
670 504 812 625 ἐλπίσῃς,
826 499 870 591 ήν
875 502 981 633 ἡμέας
992 510 1184 594 καταστρέ-

169 624 271 697 γηται
290 606 308 675 ὁ
325 611 456 727 Πέρσης
468 607 559 693 μάχη
577 604 761 691 κρατήσας,
784 600 829 682 ὥς
844 600 919 673 οὐκὶ
935 602 1008 693 ἥξει
1027 605 1129 694 παρὰ
1147 610 1187 673 σε’

169 737 224 797 γε,
239 705 324 777 ιἰλλᾶ
334 705 400 795 πρό
415 705 539 774 τούτου
550 704 703 789 φύλαξαι.
740 701 932 791 βωδίων
892 729 958 790 γαρ
969 701 1052 792 ἡμῖν
1065 724 1186 773 σεωυ-

168 835 214 899 τμ
201 809 416 893 τιμωρέεις·
442 830 489 895 τῳ
475 795 594 871 ”’δδ
555 828 594 870 ευ
615 802 836 888 βουλευθέντι
852 801 1020 888 πρήγματι
1034 802 1185 889 τελευτή

104 923 155 978 158
170 908 215 988 ὡς
228 934 266 976 το
255 906 403 977 ἐπίπαν
417 924 540 992 χρηστη
529 902 665 970 έθέλει
685 901 961 986 ἐπιγίνεσθαιο
962 900 1054 987 ίμὲν
1069 909 1184 969 ταῦτα
1241 902 1243 923 “

170 1014 302 1094 έλεγον,
326 1008 441 1074 Γέλων
462 1004 499 1070 δὲ
513 998 636 1077 πολλός
652 1000 799 1067 ένεκέετο
812 1001 921 1083 λέγων
933 998 1063 1067 τοιάδε·
1092 996 1184 1066 '‘Av-

170 1112 245 1189 δρες
253 1101 426 1190 Ἕλληνες,
438 1098 541 1186 λόγον
551 1104 679 1184 ἔχοντες
690 1100 892 1183 πλεονέκτην
903 1095 1110 1182 ἐτολμήσατε
1124 1099 1184 1185 έμὲ

170 1202 344 1289 σύμμαχον
357 1203 411 1268 έπλ
424 1196 484 1267 τόν
497 1197 672 1285 βόρβορον
684 1199 948 1283 παρακαλέοντες
961 1198 1086 1265 έλθεῑν.
1115 1192 1183 1262 αό-

168 1303 220 1369 τοὶ
245 1301 281 1368 δὲ
306 1301 386 1386 έμεῦ
409 1298 574 1385 πρότερον
598 1299 778 1414 δεηθέντος
797 1302 1005 1384 βαρβαρικοῦ
1024 1304 1182 1384 στρατοῦ

169 1398 447 1484 συνεπάψασθαι,
465 1395 521 1463 ὅτε
534 1420 591 1481 μοι
602 1392 687 1511 πρὸς
697 1400 947 1481 Καρχηδονίους
959 1408 1073 1473 νεῖκος
1088 1417 1178 1462 συν-

168 1504 269 1586 ήπτο,
285 1493 544 1584 ἐπισκήπτοντός
557 1518 592 1559 τε
605 1490 667 1559 τὸν
676 1494 826 1579 Δωριέος
836 1518 898 1559 του
884 1489 1182 1616 Ἀγαξαυδρίδεω

168 1592 253 1681 πρός
264 1594 458 1681 ’ὓγεσταίων
464 1588 575 1676 φόνου
583 1585 849 1711 έκπρήξασθαι,’
831 1588 1068 1668 υποτείνοντός
1080 1616 1122 1656 τε
1136 1588 1180 1657 τὰ

168 1694 310 1780 έμπόρια
325 1694 612 1807 συνελευθεροῦν,
628 1682 686 1752 ἀπ’
706 1678 755 1754 όν
765 1682 847 1772 ὑμῖν
855 1686 996 1773 μεγάλαι
1011 1682 1181 1772 ὥφελεῖαί

167 1818 204 1858 τε
219 1793 272 1857 καλ
293 1791 486 1875 ἐπαυρέσιες
503 1784 679 1871 γεγόνασι,
702 1783 779 1853 οὔτε
798 1787 931 1872 έμεῦ”
899 1811 1026 1855 εινεαευ
1046 1782 1179 1872 ήλθετε

167 1890 395 1978 βοηθήσοντες
409 1886 486 1956 οὔτε
499 1884 560 1954 τόν
573 1888 723 1974 Δωριέος
737 1886 846 1972 φόνον
860 1886 1118 2008 ἐκπρηξόμενοι,
1139 1892 1177 1957 τό

166 2013 202 2054 τε
212 2013 274 2054 κατ
277 1983 402 2073 υμέας
411 1984 524 2055 ταδε
500 2009 631 2053 απαντα
642 2009 708 2052 υπο
699 1983 920 2073 βαρβαροισι
931 1989 1074 2073 νέμεται
1093 1983 1175 2054 ἀλλ’

168 2077 207 2151 εὖ
222 2082 286 2171 γὰρ
299 2081 380 2171 ἡμῖν
398 2086 454 2151 καὶ
468 2081 569 2152 ἐπὶ
534 2109 572 2152 το
588 2081 727 2169 ἄμεινον
746 2088 901 2169 κατέστη,
921 2091 987 2151 νῦν
1002 2084 1039 2152 δὲ
1054 2085 1176 2171 ἐπειδή
1241 2099 1242 2112 ’

166 2182 388 2267 περιελήλυθε
410 2177 586 2266 δπόλεμος
601 2183 657 2249 καί
676 2178 809 2248 ἀπῖκται
828 2183 862 2260 ές
876 2178 998 2304 ὑμέας,
1016 2181 1112 2252 οὕτω
1132 2182 1175 2268 δή

167 2284 320 2359 Γέλωνος
333 2288 471 2366 μνῆστις
484 2283 611 2365 γέγονε.
640 2276 768 2366 ότιμίης
782 2281 820 2346 δὲ
833 2276 918 2366 πρός
930 2277 1045 2366 ὑμέων
1060 2282 1177 2368 κυρή-

167 2399 226 2457 σας
246 2374 309 2445 οόκ
331 2374 575 2464 ὁμοιόσομαι’
557 2393 655 2464 υμῖν,
680 2374 753 2446 ἀλλ’
775 2377 903 2463 έτοῖμός
930 2381 996 2464 είμι
1019 2383 1177 2466 βωθὲειν

165 2476 389 2563 παρεχόμενος
400 2481 569 2564 διηκοσίας
581 2503 618 2544 τε
628 2476 781 2563 τριήρεας
794 2477 849 2544 καί
860 2479 1055 2564 δισμυρίους
1069 2473 1176 2547 ὁπλί-

165 2602 224 2654 τας
238 2577 294 2642 κιτλ
311 2578 473 2661 δισχιλίην
486 2576 590 2641 ἵππον
606 2576 663 2640 καλ
677 2576 856 2658 δισχιλίους
871 2572 1006 2653 τοξότας
1020 2578 1077 2641 καί
1092 2579 1174 2643 δισ-
1240 2633 1241 2660 ,

163 2682 289 2763 χιλίους
298 2675 527 2762 σφενδονήτας
538 2679 593 2743 καί
603 2678 782 2758 δισχιλίους
792 2671 1022 2759 ἱπποδρόμους
1033 2675 1171 2755 ψιλούς
1240 2685 1241 2690 ’

164 2772 257 2842 σῖτόν
271 2798 308 2839 τε
322 2769 435 2861 ἁπαση
454 2780 493 2861 πή
508 2771 677 2858 Ἑλλήνων
690 2778 842 2859 στρατιή,
865 2766 969 2838 ἔστ’
948 2797 992 2838 αυ
1006 2776 1170 2841 διαπολε-

161 2872 331 2958 μήσωμεν,
343 2865 547 2954 ὑποδέκομαι
559 2873 721 2957 παρέξειν.
745 2870 798 2936 έπὶ
809 2871 844 2935 δε
856 2869 944 2959 λόγω
955 2875 1073 2960 τοιῷδε
1084 2873 1169 2938 τάδε

160 2965 358 3052 ὑπίσχομαι,
384 2957 481 3033 ἐπ’
453 2992 480 3033 ω
502 2966 684 3054 στρατηγός
703 2991 739 3033 τε
752 2961 837 3033 ual‘
820 2993 954 3086 ηγεμων
967 2977 1036 3035 τῶν
1046 2967 1167 3057 Ἑλλή-

160 3092 232 3133 νων
246 3070 361 3150 ἔσομαι
377 3089 461 3150 προς
473 3091 534 3133 τον
546 3065 736 3153 βάρβαρον·
757 3062 810 3132 ἐπ’
827 3062 916 3132 ἄλλω
932 3069 968 3134 δὲ
980 3065 1073 3157 λογμ
1087 3063 1162 3133 οὔτ

94 3182 143 3237 159
159 3158 204 3232 ἂν
215 3161 315 3242 αὐτὸς
326 3161 512 3249 έλθοιμι”
470 3161 544 3232 ουτ’
555 3159 600 3231 ἂν
609 3159 732 3240 ἄλλους
742 3165 914 3248 πέμψαιμι.
930 3160 1074 3232 Ταυτιι’
1055 3165 1166 3233 ακοό-

159 3284 219 3340 σας
236 3259 314 3330 οὔτε
330 3258 483 3347 ήνέσχετο
500 3258 519 3328 6
534 3260 693 3346 Σύαγρος
713 3257 785 3328 εἶπέ
801 3285 837 3328 τε
852 3261 948 3328 τάδε·
977 3255 1019 3328 'H
1031 3287 1069 3328 κε
1084 3259 1163 3347 μεγ’
1239 3297 1240 3308 ¹

159 3358 308 3443 οίμιόξειε
322 3354 341 3426 6
355 3360 542 3443 Πελοπίδης
553 3353 766 3443 Ἀγαμέμνων
778 3357 973 3444 πυθόμενος
985 3359 1163 3446 Σπαρτιή-

156 3480 215 3532 τας
233 3452 295 3541 τήν
312 3451 495 3541 ἡγεμονίην
513 3451 766 3542 όπαραιρήσθαι
789 3455 855 3525 ὑπό
876 3459 1030 3539 Γέλωνός
1048 3488 1084 3529 τε
1105 3466 1163 3528 καί
