2500 3925
341 241 427 297 LIB.
459 240 531 297 vm.
565 239 664 298 cAP.
696 244 837 300 89—93.
1030 235 1092 297 261

79 408 142 471 καλ
165 401 389 491 προσεβάλετο
410 406 507 486 φίλος
527 395 592 465 έδυ
614 394 836 497 Ἀριαράμυης
857 393 942 484 ἀνὴρ
964 399 1098 485 Πέρσης

80 501 224 587 παρειάν
238 500 360 569 τούτου
375 505 436 566 τοῦ
452 502 650 584 Φοινικηίου
667 496 803 575 πάθεος.

174 604 218 667 Οί
230 601 292 684 μὲν
307 595 349 686 δὴ
371 595 457 681 πρὸς
477 592 555 673 τούς
569 600 728 673 Φοίνικας
749 594 947 689 ἐτράποντο,
969 603 1036 664 τῶν
1054 596 1090 665 δὲ
1106 616 1138 671 91

81 697 271 785 βαρβάρων
288 699 321 775 ές
336 693 451 782 φυγὴν
470 695 690 779 τραπομένων
704 695 759 760 καὶ
776 694 996 763 έκπλωόντων
1010 692 1094 783 πρός

15 849 17 884 ,
82 793 122 861 τό
142 793 304 880 Φάληρον
318 797 494 878 Αἰγινῆται
516 788 722 868 ὑποστάντες
737 791 774 857 έν
794 797 840 881 τῷ
854 798 998 883 πορθμῷ
1013 796 1093 879 ἔργα

15 957 17 986 ,
84 892 290 971 ἀπεδέξαντο
306 891 411 976 λόγου
425 888 509 969 άξια.
534 893 569 957 οί
580 889 642 974 μέν
657 884 722 975 γάρ
733 885 906 976 Ἀθηναῖοι
921 892 959 957 έν
971 894 1017 979 τῷ
1028 898 1093 956 θο-

85 990 184 1082 ρόβφ
198 990 367 1077 ἐκεράιζον
383 989 442 1067 τάς
455 1013 491 1055 τε
504 984 744 1073 ἀντισταμένας
760 989 815 1057 καί
828 984 886 1067 τάς
901 986 1093 1074 φευγούσας

14 1145 17 1170 ,
83 1097 156 1155 τῶν
167 1096 265 1173 νεῶν,
277 1093 311 1156 οί
320 1089 539 1175 δέΑίγινῆται
549 1083 608 1165 τάς
619 1083 847 1164 έκπλωούσας·
862 1083 948 1163 ὅκως
959 1088 998 1152 δέ
1006 1109 1093 1162 τινες

14 1242 18 1284 ,
83 1184 167 1266 τούς
189 1184 390 1274 Ἀθηυαίους
410 1184 626 1270 διαφύγοιεν,
657 1184 838 1271 φερόμενοι
859 1186 1035 1252 ἐσέπιπτον
1060 1183 1093 1260 ές

88 1283 167 1364 τούς
181 1284 370 1373 Αἰγινήτας.
400 1282 565 1353 Ἐυθαῦτα
586 1282 794 1370 συνεκύρεον
809 1286 881 1363 νέες
899 1282 922 1371 ἥ
940 1310 976 1351 τε
988 1293 1091 1370 Θεμι-
1105 1298 1140 1352 θλ

87 1384 243 1462 οτοιιλέος
255 1383 423 1451 διιόκουσα
435 1386 509 1469 νέα,
521 1386 576 1450 καὶ
587 1380 608 1469 ἡ
619 1390 831 1469 Πολυκρίτου
843 1390 904 1452 τοῦ
910 1391 1018 1473 Κρίου
1029 1379 1092 1451 άν-

88 1482 169 1569 δρός
181 1483 369 1571 Αἰγινήτεω
383 1489 442 1571 νηῒ
452 1484 641 1571 ἐμβαλοῦσα
656 1487 822 1571 Σιδωνίῃ,
846 1477 929 1570 ἥπερ
951 1480 1016 1552 είλε
1029 1478 1091 1570 τήν

14 1648 19 1688 3
88 1584 398 1672 προφυλάσσουσαν
423 1583 475 1649 ἐπὶ
499 1581 644 1672 Σκιάθῳ
668 1577 730 1667 τὴν
752 1586 948 1669 Αἰγιναίην,
974 1578 1025 1650 ἐπ’
1052 1574 1089 1669 ἧς

31 1695 35 1699 ’
89 1692 195 1754 ἕπλωε
210 1686 349 1769 Πυθέης
363 1679 382 1750 ὁ
397 1680 578 1768 Ἰσχενόου,
598 1680 660 1747 τὸν
674 1684 707 1749 οί
719 1682 846 1766 Πέρσαι
863 1687 1090 1750 κατακοπέντα

88 1782 207 1871 ἀρετῆς
226 1786 356 1851 εἵνεκεν
377 1778 465 1865 εἰχον
480 1782 517 1847 έν
534 1786 574 1867 τῇ
595 1784 656 1865 νηῒ
673 1776 941 1865 ἐκπαγλεόμενοι.
975 1776 1034 1847 τὸν
1049 1776 1088 1865 δη

15 1946 19 1967 ·.
87 1881 293 1970 περιάγουσα
305 1879 372 1967 άμοι
382 1892 468 1946 τοῖσι
478 1880 626 1968 Πέρσησι
638 1874 708 1966 ἥλω
719 1874 831 1966 υηῦςη
845 1881 996 1965 Σιδωνίη
1008 1875 1090 1945 ὥστε

15 1974 19 2055 ἶ
87 1983 228 2066 Πυθέην
239 1978 326 2048 ούτω
338 1983 493 2064 σωθῆναι
509 1979 541 2056 ές
552 1986 707 2063 Αἰγιναν.
732 1975 823 2057 ὡςδὲ
838 1981 943 2046 έσείδε
958 1976 1020 2064 την
1031 1982 1089 2045 νέα

16 2120 18 2129 ·
87 2076 149 2166 τὴν
165 2075 315 2166 Ἀττικῆυ
331 2075 349 2145 ὁ
366 2078 591 2166 Πολύκριτος,
613 2083 700 2164 ἔγνω
714 2076 751 2146 τό
773 2071 915 2166 σημήϊον
935 2077 1018 2148 ἰδώυ
1032 2085 1090 2166 τῆς

16 2205 32 2237 e
89 2180 319 2265 στρατηγίδος,
334 2179 391 2246 καί
407 2175 519 2264 βοάσαις
533 2172 592 2244 τόν
610 2180 833 2263 Θεμιστοκλέα
848 2177 1089 2266 ἐπεκερτόμησε

87 2280 120 2356 ές
134 2284 201 2345 τῶν
216 2275 426 2363 Αἰγινητέων
440 2270 501 2343 τόν
512 2272 681 2362 μηδισμὸν
696 2272 875 2355 ὀνειδίζων.
906 2282 1010 2344 ταῦτα
1027 2276 1089 2363 μέν

16 2424 17 2439 .
88 2401 152 2443 νυν
162 2379 221 2460 νηῒ
230 2371 630 2462 έμβαλωνὸΠολύκριτος
639 2369 803 2460 ἀπέρριψε
813 2375 845 2452 ές
853 2372 1088 2460 Θεμιστοκλέα,

17 2546 18 2553 χ
89 2477 122 2539 οἱ
140 2473 174 2539 δὲ
190 2469 371 2558 βάρβαροι,
392 2477 460 2537 τῶν
481 2473 517 2537 αί
534 2469 608 2548 νέες
629 2469 880 2556 περιεγένοντο,
906 2471 1088 2556 φεύγοντες

17 2560 18 2569 ¹
89 2568 244 2637 ἀπίκοντο
260 2569 293 2646 ές
304 2566 465 2652 Φάληρον
478 2564 545 2634 ὑπό
561 2564 622 2633 τόν
637 2564 737 2647 πεζόν
754 2567 906 2655 στρατόν.
925 2565 980 2636 Ἐν
995 2568 1031 2636 δέ
1046 2575 1086 2656 τῇ
1100 2585 1135 2640 ⁹0

89 2674 250 2756 ναυμαχίη
261 2666 364 2753 ταύτη
374 2664 525 2753 ἥκουσαν
532 2665 702 2755 Ἑλλήνων
714 2666 832 2757 άριστα
838 2674 1023 2756 Αἰγινῆται,
1036 2673 1089 2740 ἐπὶ

90 2768 124 2833 δὲ
134 2763 320 2851 Ἀθηναῖοι,
338 2762 475 2852 ἀνδρῶν
490 2765 526 2834 δέ
536 2765 747 2854 Πολύκριτός
756 2791 793 2834 τε
808 2763 1018 2858 ὁΑίγινητης
1032 2771 1087 2838 καὶ
1124 2825 1131 2834 ,

86 2864 251 2951 Ἀθηναῖοι
261 2858 415 2951 Εὐμένης
428 2890 463 2931 τε
475 2862 492 2931 ὁ
504 2861 744 2950 Ἀναγυράσιος
753 2865 808 2932 καί
819 2860 983 2953 Ἀμειυίης
992 2874 1086 2934 Παλ-

89 2961 221 3049 ληνεύς,
236 2957 273 3038 ὃς
287 2963 342 3029 καὶ
355 2958 561 3050 Ἀρτεμισίην
577 2963 740 3043 ἐπεδίωξε.
765 2968 796 3031 εἰ
807 2963 871 3050 μέν
885 2991 951 3033 νυν
969 2971 1084 3054 ἔμαθε,

89 3061 138 3129 ὅτι
152 3062 188 3128 έν
202 3061 305 3149 ταύτη
324 3060 430 3130 πλόοι
449 3058 652 3150 Ἀρτεμισίη,
677 3057 739 3129 ούκ
755 3056 798 3129 άν
817 3062 984 3130 ἐπαύσατο
999 3061 1086 3148 πρό-

89 3184 181 3243 τερον
194 3154 216 3245 ἢ
231 3154 296 3227 εἷλέ
310 3187 369 3245 μιν
383 3155 406 3247 ἦ
426 3163 481 3229 καὶ
495 3157 596 3240 αὐτὸς
608 3158 688 3247 ἥλω.
718 3174 804 3228 τοῖσι
818 3157 884 3248 γάρ
895 3159 1085 3249 Ἀθηναίων

90 3258 309 3346 τριηράρχοισι
320 3260 614 3346 παρεκεκέλευστο,
629 3255 714 3347 πρός
726 3259 761 3326 δέ
772 3261 827 3326 καί
837 3256 964 3328 ἄεθλον
975 3260 1084 3329 έκέετο

91 3357 199 3445 μύριαι
211 3359 361 3443 δραχμαὶ,
378 3354 414 3434 ὃς
425 3356 468 3425 ἄν
478 3386 538 3446 μιν
548 3354 636 3443 ζωὴν
651 3359 725 3446 ἕλη·
749 3353 863 3425 δεινὸν
873 3356 938 3447 γάρ
949 3384 981 3425 τι
992 3361 1084 3426 ἐποι-

91 3463 181 3524 εῦντο
197 3468 341 3542 γυναῖκα
355 3456 407 3523 ἐπὶ
421 3452 480 3535 τδς
490 3453 635 3543 Ἀθήνας
652 3453 903 3540 στρατεύεσθαι.
927 3456 1011 3544 αὕτη
1022 3456 1083 3545 μέν
