2500 3925
135 211 179 278 42
554 216 795 276 HERODOTI

135 387 294 476 ἐμπόδιον
308 389 450 473 ἐγένετο.
476 387 665 476 πυθόμενοι
677 385 742 476 γάρ
751 391 788 456 οί
793 386 1049 475 Λακεδαιμόνιοι
1060 386 1102 455 τά
1112 390 1150 456 ἐκ

134 492 203 556 τῶν
218 486 504 577 Ἀλκμαιοινιδέων
523 492 556 569 ἐς
579 487 642 576 τήν
660 495 801 575 Πυθίην
817 489 1075 576 μεμηχανημένα
1092 489 1150 556 καὶ

132 588 173 656 τά
193 590 230 657 ἐκ
241 595 305 678 τῆςΙ
314 597 451 678 Πυθίης
469 591 524 660 ἐπὶ
537 595 644 678 σφέας
656 616 692 658 τε
706 590 763 658 καί
772 589 859 670 ’τούς
875 594 1152 679 Πεισιστρατίδας

133 690 314 781 συμφορήν
329 693 502 762 ἐποιεῦντο
520 692 673 778 διπλόην,
693 689 744 759 ότι
756 717 792 760 τε
805 688 931 776 ἄνδρας
947 693 1076 772 ξείνους
1090 711 1152 778 σφι

131 790 249 872 ἐόντας
264 791 501 878 ἐξεληλάκεσαν
516 796 552 862 ἐκ
564 802 623 883 τῆς
638 795 790 880 ἐκείνων,
803 792 861 860 καί
872 789 922 860 ότι
930 796 1037 860 ταῦτα
1050 790 1152 877 ποιή-

133 912 210 959 σασι
227 891 323 982 χάρις
347 890 489 980 οὐδεμία
515 897 670 983 ἐφαίνετο
694 891 779 984 πρός
798 889 1000 979 Ἀθηναίων.
1042 897 1091 960 ἐτι
1114 918 1153 960 τε

131 991 214 1080 πρός
231 992 376 1062 τούτοισι
394 994 516 1082 ένήγόν
534 1016 638 1086 σφεας
656 1000 693 1064 οί
709 994 852 1083 χρησμοὶ
870 994 1023 1079 λέγοντες
1041 991 1153 1061 πολλά

130 1120 167 1160 τε
180 1093 237 1160 καί
250 1090 393 1183 άυάρσια
414 1101 548 1166 ἔσεσθαι
560 1095 693 1168 αὐτοῖσι
711 1098 743 1178 ἐξ
758 1094 962 1184 Ἀθηναίων,
979 1098 1049 1162 τῶν
1061 1092 1148 1182 πρό-

130 1219 228 1282 τερον
245 1186 349 1281 μὲν
325 1216 426 1282 ησαυ·
433 1195 619 1289 άδαέες,’
579 1227 655 1270 τοτε
673 1198 711 1266 δὲ
725 1198 931 1283 Κλεομένεος
948 1201 1152 1283 κομίσαντος

132 1296 166 1373 ἐς
179 1293 341 1384 Σπάρτην
358 1299 530 1387 ἐξέμαθον.
567 1302 725 1390 ἐκτήσατο
739 1299 777 1366 δὲ
794 1325 812 1366 ο
802 1295 1019 1384 ’Κλεομένης
1038 1299 1132 1364 ἐκ
1091 1322 1153 1381 της

126 1391 320 1482 Ἀθηναίων
339 1395 538 1488 άκροπόλιοε
561 1401 642 1482 τούς
665 1399 853 1490 χρησμούς,
876 1394 957 1478 τούς
974 1399 1154 1466 κεκτέαντο

130 1496 194 1583 μὲν
228 1497 393 1587 πρότερον
427 1507 462 1570 οί
494 1505 778 1593 Πεισιστρατίδαι,
820 1497 1077 1586 ἐξελαυνόμενοι
1112 1497 1154 1564 δὲ

50 1612 53 1618 ’
131 1600 294 1665 ἐλιπον’
277 1625 314 1683 εν
342 1604 389 1692 τῷ
421 1607 501 1695 ίρφ,
531 1603 867 1693 καταλειφθένταςδ
845 1594 928 1669 δέὁ
955 1598 1153 1721 Κλεομένης

79 1711 112 1764 91
130 1693 281 1786 άυέλαβε.
330 1676 412 1772 Τότε
430 1704 517 1772 δέ’
493 1731 538 1784 εις
549 1702 722 1830 ‚dve'kaflov
745 1729 763 1770 ο
767 1700 1054 1788 ίΛακεδαιμόνιοι
1071 1697 1153 1778 τούς

130 1798 300 1888 χρησμούς
335 1803 392 1870 καλ
430 1803 510 1884 τούς
549 1802 751 1892 Ἀθηναίους
795 1799 901 1889 ὐρεον
942 1797 1153 1887 αὐξομένους

130 1901 185 1969 καὶ
218 1899 428 1990 οὐδαμός’
411 1911 561 1993 ετοίμους
597 1906 713 1988 ἐόντας
747 1910 933 1975 πείθεσθαί
966 1924 1046 1991 σφι,
1081 1899 1152 1993 νόῳ

130 2002 291 2091 λαβόντες
317 2002 361 2087 ὡς
388 2006 567 2097 ἐλεύθερον
584 2008 648 2097 μὲν
675 2007 732 2077 ἐδυ
755 2005 793 2076 τύ
818 2008 916 2093 γένος
939 2003 978 2073 τό
999 1999 1151 2073 Ἀττικόν

132 2102 314 2193 ἰσόρροπον
345 2113 392 2197 τῷ
424 2110 558 2177 ἑωυτῶν
588 2116 732 2198 γίνοιτο,
763 2103 987 2195 κατεχόμενον
1017 2103 1055 2171 δὲ
1079 2100 1150 2170 ὐπό

129 2211 332 2291 τυραννίδος
356 2204 498 2288 άσθενές
528 2211 584 2278 καλ
609 2211 869 2299 πειθαρχέεσθαι
901 2209 1047 2294 ἑτοῖμον·
1082 2230 1151 2290 μα-

129 2303 252 2386 θόντες
278 2305 317 2375 δέ
342 2307 469 2377 τούτων
501 2312 623 2379 ἕκαστα
654 2312 901 2399 μετεπέμποντο
924 2302 1058 2393 Ἱππίην
1088 2301 1153 2372 τόν

131 2404 374 2494 Πεισιστράτου
393 2406 458 2478 άπδ
478 2418 614 2496 Σιγείου
633 2414 693 2480 τοῦ
712 2414 748 2480 ἐν
762 2409 1003 2501 Ἑλλησπόντῳ.
1041 2408 1150 2474 ἐπείτε

130 2507 172 2574 δέ
212 2528 272 2594 σφι
311 2505 440 2596 Ἱππίης
482 2512 684 2600 καλεόμενος
725 2505 808 2600 ἧκε,
857 2506 1152 2599 μεταπεμψάμενοι

89 2632 91 2640 ’
131 2607 190 2675 καί
207 2605 276 2675 τῶν
295 2608 409 2678 ἄλλων
426 2612 612 2701 συμμάχων
631 2612 796 2700 άγγέλους
814 2612 931 2697 ἐλεγόυ
948 2631 1008 2697 σφι
1026 2618 1151 2694 Σπαρ-

130 2712 238 2793 τιήται
254 2708 351 2777 τάδε·
362 2709 504 2802 Ἀυδρες
523 2713 703 2803 σύμμαχοι,
724 2714 999 2802 συγγινώσκομεν
1017 2705 1151 2777 αὐτοῖσι

129 2806 212 2896 ήμίν
231 2804 274 2877 οὐ
298 2809 453 2897 ποιήσασι
477 2810 605 2902 ὀρθῶς·
633 2817 854 2904 ἐπαερθέντες
878 2812 945 2902 γάρ
963 2808 1150 2899 κιβδήλοισι

129 2918 317 2999 μαντηίοισι
334 2909 463 3000 ἄνδρας
480 2916 612 2995 ξείνους
639 2915 753 2996 ἐόντας
770 2912 852 3003 ἡμῖν
869 2913 910 2982 τά
934 2911 1074 3001 μάλιστα
1091 2910 1150 2977 καὶ

131 3006 438 3099 άναδεκομένους“
417 3022 612 3104 υποχειρίας
629 3018 785 3107 παρέξειν
806 3012 866 3096 τάς
881 3010 1044 3101 Ἀθήνας,
1066 3008 1150 3078 τού-

30 3177 43 3203 l
130 3138 209 3191 τους
228 3114 265 3181 ἐκ
282 3118 339 3200 τῆς
353 3120 512 3204 πατρίδος
534 3116 751 3206 ἐξηλάσαμεν,
769 3117 825 3185 καὶ
840 3122 967 3210 ἔπειτεν
984 3111 1149 3199 ποιήσαν-

131 3239 184 3291 τες
201 3218 307 3281 ταύτα
326 3210 458 3307 δήμφ’
438 3222 607 3310 αχαρίστφ
631 3216 874 3307 παρεδώκαμεν
896 3215 960 3305 τήν
977 3212 1092 3299 πόλιν,
1109 3207 1150 3291 ὃς

133 3314 239 3382 ἐπείτε
257 3310 342 3382 διΗ
323 3316 426 3403 ημέας
446 3319 690 3408 ἐλευθερωθεὶς
709 3316 870 3403 άνέκυυε,
887 3314 1006 3406 ἡμέας
1001 3314 1072 3403 μὲν
1090 3312 1151 3381 καὶ

132 3408 193 3479 τόν
205 3414 373 3498 βασιλέα“
355 3419 467 3504 ημέων
477 3425 693 3506 περιυβρίσας
708 3420 851 3507 ἐξέβαλε,
870 3415 972 3501 δόξαν
988 3417 1025 3485 δὲ
1033 3413 1150 3504 φόσας

132 3508 320 3603 αὐξάνεται,
341 3513 424 3587 ὥστε
443 3519 691 3607 ἐκμεμαθήκασι
703 3520 846 3610 μάλιστα
863 3519 926 3608 μέν
940 3524 975 3589 ολ
986 3522 1150 3606 περίοικοι
