2500 3925
363 227 450 285 LIB.
474 228 519 285 111.
551 229 650 287 GAP.
672 236 814 290 24-26.
1030 230 1095 297 225

106 384 136 451 δέ
144 385 394 471 στρατευόμενος
404 386 537 471 ἐγένετο
548 385 737 475 ένΘήβησι,
749 385 907 477 ἀπέκρινε
917 398 980 461 τοῦ
991 410 1093 477 στρο-

104 487 154 548 ιοό
170 479 210 561 ὡς
231 486 331 551 πέντε
354 483 541 571 μυριάδας,
562 485 619 553 καὶ
644 484 793 555 τούτοισι
816 488 880 573 μὲν
906 490 1092 558 ἐνετέλλετο

103 586 285 665 Αμμωνίους
298 583 690 671 ἐξανδραποδισαμένους
703 581 742 653 τὸ
756 587 960 676 χρηστήριον
974 585 1012 655 τό
1030 594 1092 656 τοῦ

100 674 170 757 Διὸς
181 682 362 767 ἐμπρῆσαι,
383 678 485 761 αύτός
501 682 538 749 δὲ
558 680 620 751 τὸν
633 679 755 751 λοιπόν
774 682 868 771 ἀγων
882 684 1026 775 στρατόν
1039 684 1092 775 ἤιε

98 777 141 842 έπλ
151 774 225 855 τούς
237 784 418 858 Αίθίοπας.
446 782 528 865 πρλν
543 780 579 849 δὲ
599 786 659 867 τῆς
672 777 756 848 ὁδοῦ
770 778 808 847 τό
826 786 978 869 πέμπτον
991 787 1092 871 μέρος

97 878 318 963 διεληλυθέναι
332 876 398 966 τὴν
410 877 571 967 στρατιὴν
587 876 708 947 αότίκα
722 878 833 948 πάντα
847 878 972 963 αὐτούς
986 880 1027 952 τά
1044 878 1079 951 εδ

95 1000 144 1059 χον
160 984 274 1046 σιτίων
295 977 437 1066 έχόμενα
458 982 684 1065 ἐπελελοίπεε,
706 975 789 1064 μετά
809 979 846 1049 δέ
866 978 906 1049 τά
927 989 1015 1053 σιτία
1035 983 1089 1051 καὶ

93 1072 126 1142 τό
137 1073 300 1164 ὑποζύγια
314 1081 448 1147 ἐπέλιπε
470 1077 727 1164 κατεσθιόμενα.
752 1084 783 1147 εί
801 1084 864 1165 μέν
883 1106 950 1149 νυν
966 1078 1089 1169 μαθάν

92 1180 180 1242 ταῦτα
203 1173 222 1244 ὀ
240 1177 430 1264 Καμβύσης
450 1175 674 1264 ἐγνωσιμάχεε
695 1178 750 1245 καλ
775 1174 882 1266 ἀπῆγε
903 1176 1007 1247 ὀπίσω
1028 1177 1089 1247 τόν

90 1271 229 1361 στρατόν,
246 1276 302 1343 έπλ
312 1282 354 1363 τῇ
365 1271 516 1362 ἀρχῆθεν
528 1277 696 1363 γενομένη
710 1271 877 1363 ἁμαρτάδι
890 1270 936 1365 ἦν
947 1274 991 1346 ἀν
1001 1274 1088 1365 ἀνὴρ

90 1371 197 1461 σοφός,
219 1382 289 1442 νῦν
310 1375 348 1442 δὲ
368 1371 493 1443 οόδένα
508 1374 614 1461 λόγον
635 1374 836 1461 ποιεύμενος
855 1374 906 1463 ἤιε
921 1379 986 1447 αίελ
1001 1379 1034 1457 ές
1049 1375 1088 1445 τὰ

88 1471 199 1554 πρόσω.
228 1478 266 1542 οί
285 1472 323 1542 δέ
347 1481 547 1560 στρατιῶται
566 1476 630 1552 ἕως
651 1475 715 1561 μέν
735 1500 768 1541 τι
791 1471 880 1561 εἶχον
901 1478 937 1544 έκ
952 1482 1012 1563 τῆς
1028 1482 1088 1563 γῆς

87 1571 271 1659 λαμβάνειν,
287 1575 553 1658 ποιηφαγέοντες
566 1573 715 1659 διέζωον,
732 1574 802 1642 ἐπεὶ
817 1574 854 1643 δὲ
870 1576 903 1653 ές
919 1571 981 1663 τὴν
995 1573 1087 1662 ψάμ-

86 1697 141 1756 μον
153 1670 334 1759 ἀπίκοντο,
351 1668 467 1740 δεινόν
481 1677 583 1758 ἔργον
597 1668 712 1739 αὐτόν
724 1698 812 1753 τινες
827 1673 1028 1760 ἐργάσαντο·
1051 1676 1087 1741 έκ

84 1773 214 1851 δεκάδος
234 1768 301 1858 γάρ
317 1773 379 1838 ἕνα
400 1775 516 1856 σφέων
535 1768 650 1839 αὐτῶν
669 1768 969 1859 ἀποκληρώσαντες
989 1775 1087 1841 κατέ-

84 1894 190 1955 φαγον.
223 1868 421 1956 πυθόμενος
440 1872 478 1937 δὲ
497 1874 602 1937 ταῦτα
622 1866 642 1937 ὁ
664 1868 866 1957 Καμβύσης,
889 1872 1001 1947 δείσας
1024 1865 1087 1957 τὴν

85 1964 345 2055 ἀλληλοφαγίην,
374 1965 470 2048 ἀπεὶς
488 1965 550 2036 τόν
571 1965 625 2038 ἐπ’
643 1975 813 2047 Αδθίοπας
835 1967 957 2038 στόλον
979 1966 1086 2038 ὀπίσω

84 2066 272 2153 ἐπορεύετο,
294 2070 351 2136 καλ
370 2064 564 2135 ἀπικνέεται
583 2068 617 2143 ές
632 2065 746 2154 Θήβας
759 2065 907 2146 πολλούς
921 2063 1086 2147 ἀπολέσας

82 2169 131 2230 τοῦ
149 2170 307 2250 στρατοῦ.
339 2167 376 2233 έκ
396 2167 538 2252 Θηβέων
559 2165 597 2232 δὲ
617 2161 765 2251 καταβάς
785 2165 819 2243 ές
843 2166 986 2252 Μέμφιν
1005 2161 1085 2243 τούς

80 2259 226 2349 Έλληνας
243 2259 352 2349 ἀπῆκε
365 2259 569 2330 ἀποπλέειν,

147 2359 184 2428 ‘0
200 2363 264 2446 μέν
279 2357 333 2428 ἐπ’
349 2365 520 2438 Αδθίοπας
533 2358 652 2438 στόλος
668 2356 758 2428 ούτω
773 2360 909 2444 ἔπρηξε,
924 2361 958 2426 οί
969 2354 1002 2425 δ’
1019 2355 1083 2426 αύ-
1097 2369 1130 2426 λδ

80 2463 137 2524 των
156 2455 213 2526 ἀπ’
231 2455 442 2545 Ἀμμωνίους
460 2454 705 2535 ἀποσταλέντες
724 2454 979 2543 στρατεύεσθαι,
993 2453 1082 2523 ἐπεί-

76 2581 107 2622 τε
119 2554 327 2643 ὁρμηθέντες
341 2560 379 2626 έκ
393 2562 463 2624 τῶν
474 2556 615 2643 Θηβέων
630 2552 832 2638 ἐπορεύοντο
847 2558 977 2640 ἔχοντες
991 2553 1082 2640 ἀγω-

76 2652 167 2740 γούς,
183 2651 386 2741 ἀπικόμενοι
400 2656 464 2740 μέν
479 2659 626 2740 φανεροί
638 2658 701 2720 είσι
713 2648 871 2730 έςὍασιν
884 2649 1002 2737 πόλιν,
1018 2647 1081 2736 τὴν

76 2756 182 2835 έχουσι
207 2753 271 2837 μὲν
290 2750 418 2838 Σάμιοι
442 2759 502 2839 τῆς
520 2757 745 2838 Αίσχριωνίης
769 2756 879 2836 φυλῆς
901 2749 1079 2837 λεγόμενοι

76 2850 170 2938 εἶναι,
190 2848 352 2938 ἀπέχουσι
369 2851 407 2918 δέ
422 2848 503 2919 ἑπτά
516 2847 670 2938 ἡμερέων
685 2844 768 2916 ὀδόν
782 2844 848 2916 άπό
867 2849 1006 2935 Θηβέων
1023 2845 1078 2914 διά

74 2949 225 3037 ψάμμου,
247 2948 470 3037 οόνομάζεται
485 2947 557 3018 δὲὀ
578 2955 686 3034 χῶρος
703 2939 801 3026 οὗτος
818 2942 1079 3033 κατάἘλλήνων

74 3055 223 3132 γλῶσσαν
237 3048 419 3136 Μακάρων
434 3055 547 3137 νῆσος.
576 3049 610 3126 ές
623 3048 687 3133 μὲν
701 3042 742 3132 δὴ
758 3050 880 3112 τοῦτον
893 3039 954 3110 τὸν
967 3065 1079 3128 χιιρου

75 3151 197 3235 λέγεται
211 3148 395 3221 ἀπικέσθαι
409 3147 471 3218 τόν
487 3146 648 3237 στρατὸν,
664 3145 702 3216 τό
718 3150 879 3216 ένθεύτεν
894 3143 946 3229 δὲ,
963 3140 1014 3209 ὅτι
1031 3141 1075 3232 μή

74 3245 163 3316 αὐτοὶ
177 3246 361 3335 Ἀμμάνιοι
381 3251 489 3317 καλοί
505 3247 638 3317 τούτων
654 3242 876 3328 ἀκούσαντες,
898 3237 994 3308 ἀλλοι
1016 3238 1059 3310 ού

73 3348 161 3424 δένες
174 3343 278 3413 οὐδέν
293 3352 407 3432 έχουσι
419 3352 526 3416 είπείν
539 3347 616 3432 περὶ
630 3342 760 3413 αὐτόν·
783 3338 861 3410 οὔτε
874 3336 939 3425 γάρ
951 3341 984 3418 ἐς
998 3337 1077 3420 τούς

72 3439 272 3528 Ἀμμωνίους
293 3441 455 3512 ἀπίκοντο
481 3443 559 3512 ούτε
587 3441 693 3512 ὀπίσω
721 3439 913 3522 ἐνόστησαν.
948 3438 1074 3522 λέγεται

150 3554 252 3592 mon.
270 3539 290 3591 λ.
913 3538 944 3586 15
